4342 6692
697 849 769 920 322
1090 863 1294 918 coneuruu
1319 862 1484 916 rnatum

696 1007 809 1104 longo
839 1007 1019 1102 discursu,
1050 1006 1208 1102 qualiter
1242 1005 1401 1082 naturali
1435 1005 1563 1082 ordine
1595 1014 1633 1096 et
1648 1075 1651 1082 ,
1666 1006 1869 1098 rationabili

692 1147 812 1210 ⁴eursu
837 1127 915 1224 ipse
938 1127 1143 1204 ascenderit
1168 1127 1327 1221 coelum3
1346 1133 1383 1200 et
1405 1125 1524 1220 primo
1546 1125 1648 1222 lingit
1672 1147 1712 1202 se
1737 1147 1870 1214 conce-

699 1246 793 1341 pisse
817 1269 996 1344 magnum
1013 1247 1168 1322 dubium
1187 1268 1232 1322 ex
1253 1247 1414 1322 novitate
1431 1246 1484 1320 rei
1503 1246 1677 1340 mirabilis
1695 1254 1732 1322 et
1749 1249 1870 1323 incre-

697 1365 824 1461 dibilis,
842 1369 941 1443 unde
965 1370 1082 1444 laotos
1108 1375 1163 1442 est
1178 1367 1408 1442 avidissimus
1426 1365 1560 1442 sciendi
1577 1386 1727 1442 oaumm
1737 1392 1749 1462 3
1774 1367 1869 1458 unde

692 1487 802 1568 dicit:
814 1493 867 1562 Lo
878 1480 998 1565 nouitd
1009 1492 1200 1582 detulero,
1217 1488 1319 1582 idest,
1333 1487 1448 1562 dulcis
1463 1487 1664 1562 harmonia
1677 1510 1866 1582 nonquam

698 1608 787 1685 alias
811 1608 957 1684 audite.
983 1610 1028 1682 nt
1052 1608 1111 1685 tric
1136 1616 1222 1684 nota
1249 1608 1347 1702 quod
1378 1607 1445 1683 ista
1479 1608 1584 1684 litera
1617 1629 1690 1684 nnn
1725 1609 1869 1686 videtur

699 1749 788 1806 vera
813 1728 860 1803 de
884 1728 1022 1802 virtute
1045 1728 1238 1822 sermonis,
1263 1728 1292 1820 si
1317 1726 1370 1810 sic
1395 1727 1605 1823 simpliciter
1624 1728 1866 1824 intelligatur:

628 1825 640 1852 ⁸
697 1847 888 1927 nonenim
908 1848 1051 1923 videtur
1068 1847 1344 1934 concedendum
1362 1846 1461 1942 quod
1487 1847 1628 1922 musica
1645 1848 1691 1922 sit
1706 1848 1744 1920 in
1762 1850 1868 1944 coelo,

693 1969 785 2062 ‚quia
814 1969 1025 2042 Aristoteles
1055 1969 1125 2043 hoc
1158 1969 1360 2064 impugnat,
1393 1967 1512 2063 primo
1542 1967 1625 2045 coeli
1655 1974 1692 2044 et
1723 1970 1868 2064 mupdi:

695 2088 780 2167 ideo
804 2088 1000 2168 dioendum
1025 2095 1081 2165 est
1107 2089 1205 2184 quod
1230 2096 1339 2172 autor
1356 2078 1422 2185 per
1439 2089 1544 2163 umm
1564 2089 1794 2166 harmoniam
1810 2091 1868 2184 ip·

695 2208 824 2306 telligit
850 2209 1055 2284 mirabilem
1081 2209 1355 2304 proportionem
1381 2209 1475 2304 coeli,
1497 2209 1601 2303 ¹quod
1621 2230 1767 2305 semper
1787 2211 1869 2304 uni·

694 2327 864 2402 lormiter
890 2334 1073 2423 murmur,
1101 2329 1149 2404 ita
1175 2328 1273 2423 quod
1298 2327 1418 2402 omnis
1442 2349 1527 2424 pars
1554 2328 1748 2424 respondet
1767 2330 1866 2422 omni

697 2448 803 2542 parti,
829 2448 923 2524 sicut
948 2448 1024 2545 ipse
1049 2457 1157 2544 poeta
1181 2449 1272 2525 dixit
1300 2448 1337 2522 in
1357 2449 1512 2524 lnierno.
1539 2449 1610 2524 Sed
1635 2449 1750 2544 posito
1768 2451 1866 2546 quod

695 2569 831 2644 llantes
851 2571 958 2665 juxta
989 2589 1122 2644 sonum
1153 2568 1268 2644 literae
1299 2571 1445 2646 realiter
1471 2568 1646 2666 intelligat
1670 2569 1868 2664 quodmo-

696 2687 772 2762 sica
791 2688 837 2761 sit
857 2689 893 2761 in
913 2688 1020 2782 eoelo,
1042 2695 1167 2763 tamen
1193 2708 1267 2763 nnn
1292 2689 1362 2764 erit
1383 2688 1609 2784 irridendus,
1635 2709 1720 2776 nam
1746 2691 1868 2788 magni

696 2814 849 2884 autores
873 2815 961 2884 ante
985 2809 1228 2902 Aristotelem,
1255 2809 1349 2884 siout
1374 2811 1598 2906 Pythagoras
1631 2817 1669 2886 et
1693 2811 1807 2904 Plato,
1832 2817 1869 2901 ot

698 2939 779 3024 post
809 2949 897 3004 eum
933 2929 1027 3005 sicut
1060 2930 1210 3024 Tullius,
1236 2929 1395 3023 Boetius,
1421 2937 1459 3004 et
1488 2931 1691 3006 llaorobius
1716 2951 1867 3008 uomen-

697 3057 794 3129 tator
818 3049 922 3124 Tullii
948 3071 1060 3146 snper
1084 3051 1271 3127 somnium
1298 3049 1482 3146 Scipionis,
1512 3056 1550 3125 et
1579 3050 1781 3126 Chalcidius
1806 3072 1869 3138 eo-

694 3176 881 3245 mentator
914 3170 1072 3244 Platonis
1106 3191 1217 3266 super
1257 3171 1436 3244 Timaeum
1470 3171 1658 3247 affirmant
1697 3171 1766 3248 hoe
1802 3192 1868 3266 pro

695 3298 808 3364 certo.
835 3291 938 3366 Unde
962 3290 1047 3365 dicit
1071 3290 1295 3367 chalcidius:
1323 3294 1457 3366 Musica
1479 3294 1606 3383 procul
1631 3292 1734 3366 dubio
1758 3313 1868 3380 opor,-

694 3419 759 3484 nol
788 3413 945 3483 ammam
975 3412 1232 3484 rumandditer
1260 3413 1311 3484 od
1337 3418 1505 3484 notorum
1538 3414 1731 3505 antiquam,
1763 3433 1868 3486 reuo-

694 3552 781 3606 cans
812 3539 845 3605 et
873 3533 1023 3624 efficiens
1053 3534 1157 3606 mum
1193 3535 1507 3625 mumurantem
1542 3533 1588 3606 nb
1622 3535 1718 3606 initio
1749 3534 1868 3626 opium

696 3659 791 3734 θεας
810 3657 954 3746 secant.
981 3651 1151 3726 albertus
1169 3659 1294 3728 tamen
1319 3652 1355 3725 in
1380 3673 1449 3740 suo
1473 3653 1520 3728 de
1544 3654 1638 3729 ooelo
1664 3660 1702 3728 et
1731 3651 1870 3750 mundo

693 3771 844 3848 adducit
870 3772 1004 3846 multas
1031 3771 1190 3846 rationes
1214 3772 1261 3846 ad
1286 3771 1516 3867 probandum
1543 3773 1642 3866 quod
1662 3793 1774 3850 sonus
1794 3792 1869 3850 non

697 3891 739 3966 fit
762 3891 800 3966 in
824 3891 939 3966 ooelo:
966 3897 1003 3965 et
1027 3891 1066 3964 in
1097 3891 1190 3966 libro
1219 3891 1266 3968 de
1291 3891 1573 3987 proprietatibus
1599 3894 1866 3978 elementorum

697 4011 782 4088 tacit
814 4011 1163 4088 demonstrationem
1203 4011 1351 4087 maioris
1381 4011 1670 4107 certificationis,
1711 4013 1819 4090 unde
1831 4007 1868 4106 (¹)

696 4131 804 4208 dicit:
830 4152 849 4206 e
873 4134 900 4204 il
919 4135 1060 4228 pronde
1083 4136 1185 4226 lame,
1208 4131 1306 4227 quod
1332 4152 1431 4208 nunc
1450 4131 1594 4207 videbat
1615 4132 1733 4208 maius
1750 4133 1867 4228 solito,

696 4254 743 4324 ur
755 4272 915 4328 nmero
940 4274 990 4326 un
1013 4255 1121 4346 desto,
1142 4251 1244 4346 idest,
1265 4251 1524 4333 desiderium
1514 4275 1551 4329 m
1569 4260 1693 4328 mente
1715 4274 1809 4348 mea,
1833 4257 1870 4330 dl

694 4374 753 4446 lor
777 4374 936 4466 capione,
964 4371 1068 4464 idest,
1093 4370 1229 4446 sciendi
1254 4391 1405 4446 oausam
1433 4371 1534 4446 istius
1552 4372 1631 4457 soni
1652 4380 1689 4448 et
1707 4373 1868 4468 luminis,

697 4495 770 4565 mut
792 4513 866 4566 non
888 4495 1011 4568 sentito
1035 4495 1074 4566 dl
1097 4499 1235 4564 ootauto
1252 4511 1385 4586 amare,
1406 4513 1511 4586 quasi
1501 4492 1636 4587 dicat,
1654 4495 1752 4587 quod
1771 4515 1867 4588 nup·

689 4633 810 4706 ,qoam
833 4613 1018 4689 habuerat
1044 4612 1220 4688 intensius
1245 4611 1399 4688 dubium
1425 4612 1462 4687 in
1488 4612 1611 4694 animo
1630 4613 1709 4696 sive
1725 4613 1866 4690 deside-

693 4732 795 4806 mom
822 4732 985 4828 quandiu
1010 4732 1132 4806 luerat
1157 4751 1243 4806 oum
1280 4731 1438 4828 Virgilio.
1475 4733 1518 4806 Et
1549 4733 1671 4816 subdit
1701 4732 1865 4824 subitum

760 4990 788 5055 (¹)
804 4991 836 5040 E·
851 4992 920 5047 uude
935 4991 990 5055 ipse
1005 4996 1083 5046 notor
1099 4992 1169 5044 dicit.
