4342 6692
645 864 785 923 caurus
810 868 1001 924 vruusnrus
1025 867 1196 925 ocrnvus.
1437 861 1503 929 161

332 1009 434 1103 idest,
460 1030 536 1084 uon
561 1010 710 1086 maioris
740 1011 911 1107 impetus,
936 1016 996 1086 nbc
1025 1034 1134 1087 suove
1163 1022 1276 1106 ueram,
1309 1016 1426 1110 qualis
1451 1022 1506 1090 est

332 1132 516 1225 zephyrus
528 1136 663 1227 noster,
678 1132 741 1225 qui
758 1133 920 1208 suaviter
937 1134 1085 1209 adducit
1102 1134 1206 1209 nobis
1225 1136 1334 1210 flores
1351 1144 1389 1212 et
1405 1138 1506 1211 lron·

332 1249 397 1325 des
423 1256 590 1345 tempore
615 1252 721 1326 veris.
754 1254 798 1327 Et
828 1254 898 1329 boc
930 1254 1139 1330 manifestat
1171 1276 1238 1351 per
1269 1256 1426 1353 signum,
1452 1257 1507 1331 di-

331 1390 436 1445 oens:
457 1392 527 1463 per
551 1372 607 1443 erat
629 1374 661 1444 le
681 1374 826 1467 fronde,
855 1374 949 1447 illius
974 1375 1097 1470 sylva,
1125 1378 1343 1449 nmorando
1362 1350 1503 1470 prole,

332 1498 412 1565 tutte
436 1493 910 1589 montempessullanum
935 1495 1187 1588 sequebantur
1208 1503 1350 1570 motum
1376 1516 1505 1593 sperae,

333 1614 407 1685 atta
427 1618 545 1704 porte,
571 1611 717 1705 scilicet,
742 1632 873 1687 versus
898 1614 1137 1710 occidentem,
1158 1638 1182 1689 n
1182 1619 1236 1689 ll
1258 1624 1361 1691 santo
1377 1625 1504 1707 monte,

333 1732 480 1825 scilicet,
494 1732 709 1828 purgatorii,
721 1736 809 1825 pitto
828 1738 866 1808 lo
876 1738 999 1827 pmmo
1014 1738 1153 1828 umbro,
1166 1736 1314 1831 seilicet,
1327 1737 1364 1810 in
1383 1757 1554 1829 manem,

332 1853 377 1929 Et
401 1851 461 1927 bic
486 1858 572 1927 nota
597 1852 696 1945 quod
721 1859 830 1949 poeta
854 1875 920 1948 per
946 1856 1015 1930 boc
1041 1856 1231 1931 moraliter
1255 1856 1317 1931 dat
1342 1856 1503 1952 intelligi,

332 1971 431 2066 quod
451 1971 488 2045 in
506 1972 568 2045 tali
586 1979 684 2047 statu
700 1972 857 2067 virtutis,
876 1974 959 2049 licet
975 1973 1086 2071 spiret
1104 1983 1235 2051 ventus
1252 1977 1394 2072 aliquis
1412 1977 1504 2052 idest

331 2092 455 2187 aliqua
480 2092 570 2166 levis
595 2093 822 2187 perturbatio
854 2115 938 2188 quae
967 2115 1099 2190 parum
1132 2095 1254 2190 flectit,
1281 2104 1503 2171 nontamen

333 2212 466 2309 trangit
491 2212 551 2286 vel
575 2213 772 2307 prosternit
796 2214 959 2310 arbores,
977 2234 1046 2289 noc
1067 2214 1215 2309 impedit
1237 2215 1335 2290 viros
1361 2216 1503 2290 virtuo-

335 2352 394 2407 sos
419 2353 440 2408 a
466 2353 535 2406 suo
560 2332 700 2428 placido
725 2333 847 2408 officio
871 2340 909 2410 et
934 2334 1121 2410 exercitio.
1148 2335 1233 2409 ldeo
1257 2336 1353 2411 bene
1384 2336 1505 2410 subdit

333 2451 479 2527 frondes
503 2451 596 2546 dieo,
621 2474 692 2525 non
722 2446 813 2546 pero
840 2461 973 2547 sparte,
998 2454 1101 2548 idest,
1127 2454 1335 2550 dispartitas,
1360 2458 1425 2529 dul
1447 2459 1504 2529 lor

334 2593 427 2645 esser
451 2573 570 2663 datto,
596 2572 683 2665 quia
708 2572 819 2647 arbor
848 2574 1064 2648 naturaliter
1095 2574 1208 2649 tendit
1240 2581 1339 2650 recte
1374 2595 1504 2651 versus

333 2695 481 2787 ooelum,
495 2700 606 2785 moto,
618 2696 678 2766 one
693 2696 745 2784 pli
759 2697 931 2785 aunellettl
942 2716 1010 2788 per
1026 2698 1056 2768 le
1072 2698 1158 2768 nme
1178 2697 1362 2769 losclnsser
1378 2699 1500 2788 d'ope-

331 2833 401 2889 ror
424 2818 509 2907 opta
532 2818 589 2888 lor
612 2821 703 2905 arte,
720 2814 823 2908 idest,
840 2815 1022 2911 garritum
1039 2822 1077 2889 et
1094 2822 1256 2890 cantum.
1275 2817 1319 2890 Et
1338 2816 1396 2889 bic
1417 2820 1502 2889 nota

333 2934 432 3029 quod
458 2954 524 3029 per
553 2954 642 3008 aves
672 2940 772 3010 recte
787 2927 822 3026 (⁴)
854 2934 917 3009 dat
944 2933 1094 3030 intelligi
1126 2934 1226 3009 viros
1255 2934 1435 3029 sapientes
1465 2941 1503 3009 et

332 3054 527 3147 virtuosos,
558 3051 622 3146 qui
653 3054 778 3128 volant
810 3073 877 3148 per
906 3052 1028 3147 apices
1057 3053 1250 3148 virtutum,
1285 3058 1322 3128 et
1354 3060 1502 3128 cantant

331 3174 459 3248 laudes
484 3174 560 3247 lleo
586 3193 672 3247 cum
698 3173 832 3247 taetitta.
847 3178 981 3246 -Mu
999 3172 1064 3247 llic
1090 3179 1197 3268 poeta
1223 3173 1393 3248 describit
1415 3194 1547 3248 cane,

331 3300 412 3368 tum
429 3293 574 3367 illarum
592 3292 738 3387 avium3
751 3300 789 3367 ot
800 3292 885 3368 dicit
899 3292 1071 3387 breviter,
1085 3292 1185 3387 quod
1201 3313 1290 3367 aves
1307 3293 1502 3367 cantabant

330 3412 534 3490 seeundum
569 3419 711 3487 motum
745 3412 840 3485 illius
866 3412 966 3487 venti
994 3412 1059 3506 qui
1093 3411 1321 3506 percutiebat
1354 3413 1500 3486 trondes

328 3533 506 3609 arborum
533 3537 570 3609 et
595 3533 841 3608 resonantiam
861 3532 1027 3626 iaciebat,
1045 3532 1139 3606 sicut
1162 3539 1294 3607 ventus
1314 3532 1500 3606 orientalis

329 3653 414 3730 lacit
428 3644 465 3746 (¹)
493 3654 529 3727 in
562 3654 684 3748 pineta
716 3652 815 3747 apud
840 3653 1065 3727 Ravennam.
1092 3651 1136 3725 Et
1168 3657 1223 3727 cst
1252 3651 1499 3747 propriissima

329 3774 577 3870 comparatio:
603 3774 705 3870 sylva
730 3772 827 3848 enim
854 3773 1038 3848 Ravennae
1062 3774 1173 3847 babet
1190 3773 1228 3845 in
1245 3792 1285 3846 se
1303 3764 1416 3867 'pinus
1438 3793 1501 3846 ar·

329 3893 438 3968 bores
454 3893 654 3968 odoriteras
672 3892 765 3967 sicut
782 3892 873 3986 ista3
899 3912 984 3987 quae
1009 3893 1115 3987 pinus
1133 3893 1341 3987 producunt
1358 3892 1500 3966 tructus

329 4012 543 4088 tortissimos
568 4019 751 4107 protectos
769 4011 956 4107 multiplici
973 4012 1110 4087 cortice
1127 4032 1201 4086 non
1218 4012 1388 4086 timentes
1411 4010 1498 4103 vim,

330 4134 389 4207 vel
411 4138 664 4229 tempestatem
690 4133 784 4207 sicut
809 4138 847 4207 et
872 4132 1049 4207 virtutes:
1075 4138 1114 4207 et
1145 4132 1240 4206 sicut
1268 4136 1400 4205 ventus
1434 4150 1499 4205 ve-

329 4252 433 4329 niens
456 4254 504 4327 ab
528 4254 670 4328 oriente
698 4252 810 4349 spirat
843 4251 880 4325 in
911 4251 971 4326 illa
996 4252 1110 4347 sylva,
1141 4251 1191 4325 ita
1222 4250 1258 4323 in
1293 4250 1371 4324 ista.
1407 4249 1500 4324 llicit

328 4394 439 4471 ergo:
465 4379 528 4447 Mu
552 4376 742 4465 contundo,
766 4374 837 4446 illae
861 4392 959 4467 aves,
985 4376 1085 4446 t’ore
1105 4375 1233 4464 prime,
1255 4370 1400 4466 scilicet,
1427 4369 1498 4445 diei

327 4499 417 4568 tunc
441 4493 635 4590 surgentis,
651 4493 798 4588 quando
825 4492 893 4567 viri
911 4492 1068 4590 religiosi
1086 4498 1234 4567 cantant
1254 4491 1427 4584 Primam,
1445 4492 1498 4563 ri-

327 4636 489 4706 ceowno,
507 4614 610 4688 illum
637 4620 801 4708 ventum,
818 4616 916 4686 tono
932 4616 963 4686 le
979 4616 1087 4706 septb
1103 4615 1163 4685 otte
1182 4620 1304 4685 unwan
1328 4611 1498 4701 bodone,

327 4734 431 4829 idest,
456 4734 619 4829 firmum,
644 4738 712 4808 olle
735 4755 797 4807 sue
820 4736 919 4827 nme,
941 4732 1044 4826 idest,
1061 4732 1198 4825 cantui,
1219 4732 1387 4821 bordone,
1405 4728 1497 4823 dico,

391 4991 418 5055 (¹)
434 4990 465 5041 Β.
481 4996 554 5042 certa
569 4991 622 5041 (lat.
812 4989 840 5052 (¹)
856 4989 888 5040 B.
905 4988 967 5041 luclt
981 4990 1107 5053 impetum
1124 4989 1151 5039 ln
1166 4988 1262 5052 pineta.

464 5098 502 5142 Π.
1339 5094 1362 5137 lt
