4342 6692
330 1320 499 1389 OANTUS
521 1318 714 1400 TERTIUS,
737 1320 775 1385 iro
795 1340 856 1403 quo
876 1327 1019 1387 movetur
1045 1322 1175 1405 questio
1198 1326 1229 1387 et
1249 1318 1432 1387 declaratur
1451 1336 1501 1382 oe-

409 1433 501 1510 vilat,
517 1436 625 1497 tinem
638 1430 703 1497 mo
718 1431 833 1503 anime
848 1453 918 1515 pure
933 1438 1008 1499 sort
1024 1432 1193 1516 infertores
1206 1431 1319 1499 oetteott
1332 1430 1502 1514 feliciorem

409 1541 557 1628 predum.

413 1774 569 1985 Quen
593 1875 649 1945 sot
671 1874 732 1946 ote
752 1875 837 1965 prio
855 1874 1000 1947 domoc
1024 1874 1073 1947 mi
1096 1865 1218 1947 acatdd
1238 1874 1266 1947 tt
1275 1878 1380 1966 petto.
1400 1870 1503 1944 Post-

334 2013 447 2087 quam
471 1992 715 2088 insuperiori
739 1992 898 2088 capituto
922 1992 1092 2088 proxime
1124 1992 1343 2089 praecedenti
1368 1992 1503 2067 nantes

333 2112 502 2187 tractavit
525 2118 564 2187 ct
587 2111 845 2189 determinavit
863 2112 910 2189 de
929 2132 1084 2208 corpore
1107 2113 1204 2187 lunre
1230 2117 1267 2185 ct
1292 2110 1503 2207 signisque

330 2232 571 2327 apparentia
595 2253 653 2327 en,
679 2254 778 2309 nunc
803 2234 1071 2328 subsequenter
1086 2228 1124 2326 (¹)
1151 2232 1188 2307 in
1212 2232 1281 2306 isto
1305 2230 1413 2307 tertio
1441 2250 1504 2305 ca-

332 2351 447 2448 pituto
471 2352 547 2449 agit
572 2359 765 2428 attrectat
790 2352 837 2429 de
859 2353 1054 2429 animabus
1079 2350 1293 2428 beatificatis
1306 2342 1343 2444 (²)
1365 2349 1403 2425 in
1428 2350 1504 2445 ipsa

332 2472 451 2568 gratia
477 2471 704 2568 virginitatis.
728 2474 773 2547 Et
798 2493 960 2569 praesens
976 2473 1177 2569 capitulum
1201 2477 1319 2568 potest
1343 2469 1505 2545 breviter

333 2592 443 2668 dividi
467 2592 506 2668 in
537 2601 699 2688 quatuor
732 2600 855 2690 partes
886 2596 1099 2691 generates3
1131 2594 1169 2669 in
1200 2612 1360 2689 quarum
1387 2590 1504 2687 prima

334 2720 442 2811 poete
466 2714 637 2789 describit
660 2715 699 2789 in
723 2716 886 2811 generati
912 2716 1069 2791 sormam
1100 2721 1137 2791 et
1165 2714 1363 2811 imaginem
1390 2710 1504 2787 dicta-

335 2854 419 2912 num
444 2835 654 2911 animarum
680 2854 748 2931 per
764 2836 1086 2931 comparationem.
1111 2835 1152 2909 ln
1168 2832 1328 2910 secunda
1349 2830 1504 2927 alloqui-

334 2960 397 3032 tur
422 2954 459 3029 in
484 2954 628 3049 speciali
655 2975 768 3029 unam
793 2955 956 3031 animam
982 2955 1211 3049 modernam,
1237 2973 1322 3047 qum
1351 2951 1419 3029 init
1448 2950 1504 3025 in-

334 3074 463 3172 signita
490 3074 595 3148 titulo
621 3094 765 3171 magma
789 3074 963 3150 castitatis
994 3082 1032 3149 et
1060 3072 1272 3166 honestatis,
1302 3072 1371 3146 ibi:
1402 3077 1448 3147 m
1469 3073 1505 3145 to

334 3196 394 3269 att
407 3195 541 3269 ambro.
568 3194 609 3269 ln
634 3195 742 3270 tertia
758 3176 1014 3269 movet'unam
1034 3193 1274 3288 quaestionem
1300 3192 1398 3267 circa
1416 3212 1505 3267 con·

334 3314 572 3390 tentationem
589 3314 702 3389 animi
719 3314 888 3409 beatifici,
905 3314 972 3389 ibi:
990 3319 1054 3389 Ma
1069 3317 1211 3388 dimini:
1229 3316 1296 3387 voi.
1314 3315 1355 3387 ln
1372 3320 1505 3407 quarta

333 3441 371 3509 et
395 3434 523 3511 ultima
547 3433 643 3509 dicta
667 3434 802 3509 umbra
827 3435 1062 3530 prosequitur
1080 3434 1330 3512 narrationem
1356 3434 1506 3509 inchoa·

334 3561 409 3631 tam
435 3555 482 3631 de
505 3574 547 3631 se
576 3555 623 3629 ad
654 3553 865 3652 petitionem
894 3556 1035 3631 autoris
1050 3547 1101 3650 (³),
1135 3562 1172 3631 et
1206 3555 1362 3651 explicat
1395 3555 1505 3631 aliam

334 3676 498 3755 animam
527 3675 706 3749 illustrem
739 3674 900 3750 dotatam
933 3676 1087 3752 mirifice
1120 3676 1230 3752 laude
1243 3665 1281 3768 (⁴)
1313 3675 1505 3772 pudicitiae,

334 3796 403 3871 ibi:
421 3801 485 3869 Mo
499 3788 531 3869 si
545 3797 711 3887 com'epti
726 3799 861 3870 accim
878 3796 933 3871 Ad
953 3797 1111 3892 primam
1130 3795 1279 3872 veniens
1296 3797 1388 3890 dica,
1407 3795 1506 3889 quod

335 3915 515 4010 inprime
544 3920 649 4011 parte
679 3921 787 4011 poeta
816 3915 989 3991 describit
1018 3916 1057 3991 in
1086 3916 1250 4014 generali
1286 3916 1441 3991 sormam
1469 3920 1506 3991 ct

336 4035 534 4133 imaginem
559 4036 769 4111 animarum
790 4036 1046 4132 apparentium
1063 4037 1102 4112 in
1122 4057 1278 4133 corpore
1295 4037 1404 4131 rnnae,
1422 4054 1506 4131 quae

334 4156 483 4233 inclinat
513 4155 688 4231 mulieres
716 4177 784 4232 sua
815 4154 1003 4231 influentia
1032 4157 1079 4233 ad
1105 4156 1377 4255 virginitatem
1408 4154 1506 4231 unde

335 4276 529 4374 virgilias:
560 4281 665 4351 cosa
693 4281 777 4372 soce
799 4281 932 4351 Lumo
964 4284 1034 4355 etc
1068 4277 1141 4353 Sed
1175 4277 1294 4373 primo
1319 4274 1507 4371 praemittit

335 4396 645 4473 continuationem
662 4397 709 4473 ad
730 4396 984 4493 precedente,
1001 4398 1146 4473 dicens:
1169 4399 1254 4487 (teet
1271 4400 1338 4487 aot,
1359 4394 1505 4490 scilicet,

334 4516 494 4612 Beatrin,
519 4537 633 4613 quam
657 4517 753 4593 bene
777 4518 935 4613 appellat
958 4518 1095 4611 sclem3
1117 4537 1203 4591 nam
1225 4516 1254 4591 si
1279 4516 1415 4593 bantea
1440 4536 1507 4592 vo·

335 4636 432 4713 eavit
455 4636 653 4732 aliquando
676 4636 867 4734 Virgilium
894 4643 1041 4732 poetam
1065 4656 1252 4733 paganum
1279 4636 1395 4711 solem
1420 4635 1506 4713 iliu·

335 4758 537 4835 minantem
556 4764 717 4831 mentem
735 4756 816 4831 eius
831 4755 930 4831 circa
942 4755 1123 4831 naturalia
1138 4766 1175 4834 et
1187 4755 1353 4851 moralia,
1368 4762 1507 4849 quanto

397 4944 678 5010 mtoonaequenur.
1005 4940 1223 5007 pneumam.

397 5023 424 5089 (⁸)
439 5023 471 5074 E.
486 5024 585 5075 autoris
598 5022 643 5087 qm
658 5021 780 5087 explicat.
1005 5019 1033 5083 (⁸)
1048 5021 1080 5071 B.
1095 5019 1222 5071 madibus.
