4342 6692
760 937 899 993 caurus
924 938 1067 992 surmus.
1428 925 1498 992 457

329 1085 376 1160 de
409 1084 556 1160 nomine
589 1103 658 1157 suo
688 1089 726 1158 et
761 1091 861 1158 sorte
894 1083 1050 1159 vocabat
1079 1085 1200 1159 solum
1235 1103 1275 1158 se
1304 1083 1499 1175 Romeum,

329 1205 420 1280 idest
452 1203 668 1298 romipetam
695 1208 732 1278 et
759 1204 1009 1300 peregrinum.
1036 1202 1102 1278 llie
1132 1202 1259 1297 itaque
1283 1201 1501 1299 peregrinus

328 1325 450 1400 omnia
476 1324 705 1398 laudabiliter
730 1323 997 1418 administram,
1016 1344 1104 1398 cum
1121 1323 1363 1419 Raymundus
1387 1321 1502 1396 habe·

330 1454 384 1521 ret
410 1452 570 1540 quatuor
596 1444 685 1526 filias
711 1444 789 1518 siue
816 1447 978 1519 mascula
1004 1444 1117 1539 prole,
1139 1445 1296 1538 primam
1320 1443 1393 1517 alte
1421 1462 1501 1516 ma-

331 1566 452 1641 ritavit
476 1564 660 1638 Ludovico
687 1565 764 1661 regi
790 1564 952 1640 Franciae
977 1564 1127 1659 optimo,
1148 1565 1212 1658 qui
1237 1570 1364 1660 postea
1388 1583 1501 1637 cano-

330 1688 472 1762 nizatus
490 1693 556 1779 est,
574 1686 669 1760 lacto
686 1686 741 1760 bis
757 1685 941 1783 passagi03
955 1685 1153 1761 secundam
1173 1684 1319 1758 tradidit
1331 1683 1501 1758 Eduardo

333 1807 408 1904 regi
440 1807 578 1903 Angliae
609 1806 864 1900 probatissimo
886 1801 945 1900 (');
973 1807 1120 1881 tertiam
1150 1806 1295 1881 tradidit
1319 1804 1501 1879 Richardo

331 1927 432 2002 lratri
466 1927 562 2024 regis
597 1927 747 2024 Angliae,
782 1928 845 2022 qui
877 1935 1003 2022 postea
1034 1927 1103 2000 luit
1138 1948 1203 2002 rex
1238 1933 1500 2019 romano'rum3

330 2053 499 2140 quartam
527 2067 616 2121 vero
643 2049 824 2122 minorem
855 2047 1039 2141 copulavit
1062 2048 1195 2122 Carolo
1220 2046 1303 2120 duci
1330 2045 1506 2141 Andega⁴

330 2167 411 2261 viae,
437 2168 538 2242 tratri
565 2169 702 2262 praelati
729 2168 913 2263 ludovici,
940 2169 1002 2262 qui
1029 2175 1154 2263 postea
1182 2166 1249 2240 luit
1272 2186 1336 2241 rex
1361 2165 1501 2258 Siciliae,

328 2287 376 2362 de
400 2308 475 2382 quo
501 2289 610 2382 paulo
635 2309 748 2384 supra
765 2287 902 2362 dictum
922 2295 989 2381 est,
1006 2308 1174 2362 asserens
1191 2288 1310 2381 ipsum
1333 2287 1502 2359 futurum

331 2407 623 2503 potentissimum
650 2427 803 2504 regem:
834 2408 898 2483 sed
923 2409 1040 2482 virtus
1074 2415 1113 2482 et
1147 2407 1294 2482 felicitas
1326 2405 1411 2481 iecit
1435 2404 1502 2478 sibi

330 2527 467 2600 aulicos
493 2547 622 2601 omnes
647 2525 806 2620 inlestos,
832 2527 1043 2601 stimulante
1068 2526 1215 2620 invidia,
1233 2525 1375 2621 publica
1402 2530 1504 2619 peste

331 2647 531 2721 curiarum.
564 2645 740 2720 Dicebant
771 2646 868 2720 enim
905 2647 1040 2739 comiti,
1073 2645 1173 2740 quod
1207 2646 1266 2719 hic
1298 2643 1502 2740 alienigena

331 2767 477 2863 ignotus
501 2761 747 2861 superditatus
776 2767 880 2842 bonis
910 2767 1052 2841 comitis
1084 2771 1165 2841 erat
1196 2765 1409 2838 honoratior
1438 2785 1502 2838 eo:

332 2886 431 2981 quod
456 2887 608 2962 cedebat
633 2888 678 2960 ad
705 2887 882 2982 pudorem
911 2893 947 2960 et
973 2885 1209 2982 ignominiam
1241 2884 1331 2977 eius,
1358 2883 1421 2977 qui
1448 2883 1504 2956 vi-

330 3007 488 3082 debatur
513 3007 655 3082 nescire
680 3008 891 3102 gubernare
916 3027 1072 3103 regnum
1100 3012 1137 3080 et
1162 3005 1303 3081 curiam
1323 3025 1388 3100 per
1408 3025 1449 3078 se
1465 3010 1503 3078 et

331 3146 428 3199 suos.
454 3126 694 3222 Raymundus
719 3126 872 3221 simplex
890 3132 926 3200 et
944 3126 1099 3199 nimium
1120 3124 1293 3199 credulus
1314 3124 1441 3218 petivit
1455 3125 1504 3197 ab

330 3247 399 3321 isto
424 3247 604 3321 rationem
637 3245 862 3321 villicationis
895 3267 983 3320 suae.
1019 3247 1084 3322 Cui
1116 3247 1299 3320 Romeus:
1332 3245 1422 3320 Veni
1457 3243 1505 3318 ad

331 3367 473 3440 curiam
500 3372 601 3439 tuam
621 3387 772 3462 pauper,
791 3375 827 3441 et
844 3387 984 3461 pauper
1000 3367 1085 3442 inde
1105 3367 1246 3441 recedo.
1266 3367 1310 3438 Et
1330 3365 1505 3439 continuo

330 3494 478 3581 accepta
505 3486 644 3561 mulula
672 3492 709 3561 et
734 3493 836 3562 veste
862 3507 927 3560 sua
955 3487 1160 3584 peregrina,
1186 3508 1300 3581 quarn
1331 3487 1378 3558 ab
1403 3484 1505 3557 initio

333 3611 597 3700 reservaverat,
624 3607 783 3680 recessit.
811 3607 943 3682 Comes
962 3607 1103 3702 pudore
1120 3614 1157 3681 et
1173 3607 1301 3681 dolore
1317 3605 1502 3698 conlusus,

331 3725 478 3800 volebat
503 3725 621 3819 ipsum
649 3725 819 3819 retinere,
846 3734 885 3800 at
910 3727 970 3800 ille
995 3727 1129 3820 noluit3
1151 3727 1214 3802 sed
1238 3726 1311 3801 cito
1335 3726 1412 3820 ipse
1435 3725 1504 3798 luit

203 3831 206 3838 ⁴
333 3865 479 3940 poenam
506 3865 583 3918 suae
609 3843 886 3940 ingratitudinis,
906 3847 992 3940 quia
1013 3866 1076 3920 ren
1101 3847 1264 3922 Francia}
1286 3846 1420 3940 eripuit
1437 3844 1503 3918 sibi

333 3967 370 4039 in
395 3965 469 4040 vita
496 3985 666 4060 magnam
700 3971 840 4059 partem
877 3967 980 4062 regni
1010 3967 1086 4040 sui:
1114 3974 1195 4061 post
1226 3974 1383 4040 mortem
1414 3985 1504 4039 vero

333 4087 409 4181 ipse
435 4107 501 4160 rex
527 4085 700 4160 successit
725 4106 792 4179 pro
819 4106 936 4160 uxore
961 4086 999 4160 in
1024 4094 1166 4182 partem
1192 4085 1399 4181 provinciae,
1420 4105 1505 4179 quae

333 4211 388 4280 est
414 4205 510 4278 ultra
534 4204 764 4278 Rhodanum.
787 4206 939 4280 Carolus
965 4227 1054 4281 vero
1080 4228 1149 4302 pro
1173 4228 1240 4280 sua
1266 4205 1393 4279 habuit
1420 4225 1505 4299 pro-

335 4325 489 4400 vinciam
516 4326 606 4400 citra
631 4326 863 4421 Rhodanum,
889 4348 1002 4420 quam
1022 4327 1078 4401 sui
1096 4326 1355 4402 descendentes
1374 4334 1505 4401 tenuc-

333 4452 419 4520 runt
438 4467 555 4540 usque
581 4447 617 4519 in
630 4437 666 4539 (²)
686 4455 894 4542 praesentes.
922 4448 1026 4522 Nunc
1043 4447 1091 4521 ad
1108 4447 1271 4522 literam:
1288 4446 1375 4521 dicit
1394 4448 1506 4521 Justi-

334 4565 463 4639 uianus
489 4566 616 4639 Danti:
645 4573 677 4638 E
697 4570 732 4640 tu
749 4570 822 4641 luce
838 4571 875 4640 di
895 4573 1033 4659 Romae,
1052 4569 1154 4662 idest,
1172 4567 1296 4640 anima
1317 4568 1505 4662 praeelara,

334 4687 419 4776 luce,
445 4684 547 4779 idest,
573 4686 747 4780 splendet,
766 4690 889 4761 dentre
908 4691 981 4761 ullu
995 4694 1155 4780 presente
1171 4689 1385 4778 meruerim,
1403 4686 1506 4781 idest,

333 4805 429 4880 intra
455 4805 596 4880 stellam
632 4807 800 4882 Mercurii
827 4829 979 4902 parvam
1014 4815 1051 4882 et
1085 4809 1295 4904 pretiosam,
1327 4810 1366 4880 di
1388 4811 1506 4902 enisu

397 5064 425 5128 (¹)
440 5063 471 5114 R
485 5063 647 5127 probissimo.
834 5069 861 5129 (Ἴ
878 5067 909 5118 Ε.
926 5082 1007 5132 usque
1023 5069 1050 5118 in
1066 5080 1187 5133 presens.
