4342 6692
623 724 670 771 U

615 905 755 962 cunnus
780 908 970 963 mnssruus
994 908 1172 975 onnnrns.
1430 893 1480 963 to

307 1052 453 1148 ltomae3
479 1053 578 1129 unde
602 1052 706 1127 dieit:
733 1046 824 1145 perd
852 1056 912 1127 ebe
929 1044 955 1128 ’ἱ
982 1056 1071 1145 loco,
1101 1051 1248 1148 seilicet,
1277 1052 1479 1149 Florentia,

307 1175 410 1269 sinti
433 1194 458 1248 a
483 1177 581 1249 mom
602 1180 717 1267 posto,
743 1172 846 1269 idest,
866 1194 889 1249 a
914 1174 1139 1270 parentibus,
1158 1173 1217 1249 rel
1240 1173 1401 1268 iortuna,
1419 1169 1483 1267 pid

212 1286 216 1297 '
308 1296 499 1389 sispolpu,
534 1293 636 1388 idest,
667 1293 855 1390 spoliatur,
881 1294 1177 1389 excarnificatur,
1203 1296 1241 1367 di
1270 1295 1348 1386 ben,
1377 1293 1480 1387 idest,

307 1412 410 1487 bonis
436 1413 523 1489 viris
549 1421 586 1489 et
610 1413 715 1489 bonis
740 1415 923 1510 operibus,
940 1417 978 1488 di
999 1415 1129 1505 piomro
1152 1416 1191 1487 io
1213 1416 1357 1505 pinno,
1375 1412 1481 1507 idest,

307 1531 345 1607 in
368 1533 464 1609 dies:
490 1534 596 1630 quasi
620 1534 735 1610 dicat:
762 1555 839 1629 vos,
857 1534 921 1629 qni
946 1532 1116 1609 solebatis
1133 1553 1215 1609 esse
1234 1534 1388 1629 pingues
1405 1553 1481 1609 non

310 1652 361 1729 ita
377 1654 554 1749 paulatim
572 1654 835 1732 demacramini
849 1648 900 1751 (¹),
918 1654 1011 1729 sicut
1027 1654 1211 1730 Florentia
1228 1655 1336 1751 plena
1355 1656 1402 1731 de
1421 1656 1481 1731 die

309 1772 345 1847 in
370 1774 467 1850 diem
494 1775 639 1851 ridetur
663 1775 847 1873 spolianda
873 1776 1031 1869 civibus3
1053 1776 1152 1850 unde
1168 1774 1311 1850 dicitte
1335 1796 1359 1848 a
1379 1780 1481 1851 bota

309 1895 414 1967 rainu
433 1916 509 1988 pur
533 1898 696 1989 disposta.
715 1897 792 1971 Hoc
808 1895 904 1991 dicit,
923 1895 1009 1990 qnia
1035 1896 1072 1969 in
1094 1895 1155 1970 illo
1177 1896 1370 1971 millesimo
1389 1917 1482 1972 oon-

308 2019 413 2108 eepta
439 2020 519 2090 erat
544 2015 657 2091 civilis
682 2016 860 2092 discordia
889 2016 962 2091 cito
993 2015 1243 2111 parturienda,
1268 2036 1335 2111 per
1363 2038 1481 2112 qnam

309 2132 385 2231 ipse
402 2143 483 2211 erat
499 2136 736 2233 expellendus
761 2158 834 2213 non
862 2138 1058 2213 rediturus.
1074 2177 1125 2191 -
1142 2141 1194 2212 Or
1210 2159 1267 2211 oe.
1288 2139 1354 2213 llio
1371 2149 1480 2233 poeta

308 2256 464 2331 ostendit
489 2265 527 2333 et
551 2258 651 2353 ponit
676 2259 962 2333 consolationem
985 2258 1123 2333 Foresii
1149 2278 1261 2354 super
1284 2257 1480 2333 desolatio-

309 2368 440 2469 neml²l
469 2377 606 2472 patriae,
636 2377 770 2472 dicens,
801 2377 900 2473 quod
936 2378 1007 2453 cito
1041 2377 1167 2453 veniet
1196 2376 1380 2472 judicium
1414 2376 1483 2453 Dei

309 2514 419 2590 super
449 2497 565 2591 illum,
591 2496 655 2592 qui
689 2496 758 2571 ent
791 2518 900 2572 eausa
932 2504 970 2573 et
996 2496 1202 2593 principalis
1233 2504 1344 2572 autor
1377 2496 1483 2572 istius

310 2614 535 2689 turbationis.
555 2617 598 2690 Et
613 2616 659 2692 ad
685 2616 960 2713 intelligentiam
982 2617 1093 2692 buius
1110 2617 1237 2712 literae,
1255 2638 1339 2713 quae
1356 2618 1487 2693 multis

309 2732 454 2809 videtur
479 2735 647 2831 obscura,
674 2743 729 2811 est
753 2730 954 2831 sciendum,
973 2737 1073 2833 quod
1097 2737 1249 2811 (tursius
1268 2738 1315 2812 de
1332 2737 1485 2812 Donatis

311 2854 414 2928 miles
438 2856 715 2952 probatissimus
731 2858 867 2951 animo,
885 2878 999 2933 manu
1020 2863 1057 2933 et
1075 2858 1212 2955 lingua,
1229 2858 1293 2952 qui
1313 2858 1484 2953 princeps

310 2974 421 3068 partis
446 2976 572 3073 nigrae,
599 2976 773 3052 roductus
798 2976 835 3051 in
862 2977 1082 3052 Florentiam
1110 2998 1177 3073 per
1202 2977 1376 3053 Carolum
1402 2977 1481 3053 siae

310 3100 409 3170 terra
439 3096 660 3192 deposuerat
689 3105 831 3191 partem
864 3097 1000 3191 albam,
1030 3117 1117 3172 cnm
1148 3103 1246 3172 esset
1275 3097 1312 3170 in
1344 3117 1482 3193 magno

309 3216 399 3291 dore
425 3222 462 3291 et
478 3222 675 3317 potentatu
691 3208 740 3312 (³),
765 3218 883 3293 iactus
903 3223 959 3293 est
975 3224 1166 3313 suspectus
1184 3217 1397 3314 regentibus
1414 3236 1482 3312 po—

310 3336 451 3431 pulum,
469 3336 534 3411 rel
552 3337 639 3432 quia
664 3337 856 3413 ridebatur
873 3357 954 3413 esse
971 3336 1154 3431 dominns,
1172 3358 1244 3411 non
1262 3336 1403 3431 socius;
1421 3338 1482 3413 rel

309 3454 396 3549 qnia
421 3454 614 3531 videbatur
627 3444 677 3551 (b
693 3478 766 3532 non
791 3458 899 3550 digne
925 3457 1085 3551 tractari,
1108 3433 1197 3531 cum
1221 3456 1349 3532 inisset
1374 3478 1484 3533 reeu-

309 3580 456 3669 perator
482 3576 594 3670 partis
620 3576 752 3673 nigrae3
776 3577 839 3653 sed
858 3576 1045 3674 praecipue
1062 3576 1209 3652 odiosus
1226 3577 1373 3673 populo,
1394 3578 1483 3671 qnia

309 3693 427 3769 factm
452 3694 573 3769 inerat
604 3712 710 3771 socer
742 3696 936 3794 Ugucionis
967 3697 1014 3773 de
1046 3697 1193 3795 Fagiola
1218 3696 1355 3772 domini
1381 3697 1485 3773 Pisa·-

313 3835 397 3888 mm
417 3816 654 3911 potentissimi
682 3818 793 3892 bostis
822 3818 1113 3893 florentinorum.
1143 3819 1268 3907 Quare
1300 3818 1483 3893 concitato

311 3936 471 4011 tumultu
498 3937 620 4033 populi
647 3936 807 4012 timentis
823 3937 1027 4012 animosam
1046 3936 1238 4013 andaciam
1258 3937 1349 4031 eius,
1367 3938 1404 4011 in
1423 3937 1484 4012 iu·

312 4076 398 4132 rore
413 4054 482 4130 init
498 4056 640 4152 citatus,
651 4056 832 4151 bannitus,
846 4064 883 4131 et
900 4057 1166 4133 condemnatus
1182 4059 1219 4132 in
1237 4078 1353 4153 parra
1370 4058 1480 4151 bora3

311 4182 348 4251 et
370 4176 441 4250 snb
468 4176 599 4252 vexillo
618 4176 779 4271 justitias,
797 4196 884 4250 oum
911 4182 1100 4272 potestate,
1119 4176 1320 4273 capitaneo,
1338 4183 1377 4252 et
1401 4176 1482 4251 aliis

312 4295 583 4393 magistratibus
601 4296 692 4371 itum
711 4296 829 4371 estad
850 4316 949 4391 enm,
968 4304 1160 4391 tamquam
1180 4316 1287 4372 reum
1308 4298 1482 4372 maiesta-

312 4414 373 4489 tis:
405 4414 468 4509 qui
490 4416 724 4511 presentiens
755 4416 932 4511 impetum
963 4415 1066 4491 irate
1101 4416 1352 4511 multitudinis,
1384 4436 1484 4512 prae·

312 4536 522 4613 muniverat
557 4556 598 4612 se
635 4557 722 4611 eum
759 4536 835 4611 suis
864 4536 901 4609 in
933 4534 1054 4632 burgo
1079 4538 1193 4611 sancti
1218 4537 1328 4631 Petri,
1353 4542 1391 4611 et
1415 4557 1482 4633 po-

312 4662 431 4731 tenter
465 4657 598 4732 resistit
633 4677 751 4750 nsque
788 4656 824 4731 in
855 4676 1072 4752 vesperam:
1107 4658 1254 4733 tandem
1288 4648 1483 4733 destitutus

312 4784 459 4871 sperato
475 4776 614 4851 auxilio
630 4776 758 4871 soceri,
772 4776 934 4851 deseruit
950 4777 1090 4870 domos,
1104 4798 1189 4872 quas
1204 4777 1380 4851 continuo
1396 4784 1482 4852 sunt

373 4963 399 5025 (¹)
417 4962 447 5013 li.
464 4964 671 5015 damnamini.
859 4965 887 5026 (¹)
903 4964 933 5015 E.
950 4964 1110 5017 desolatione
1125 4967 1224 5029 prtrtn.

374 5040 401 5103 Γ)
418 5042 472 5101 117,
489 5041 612 5103 potentia.
859 5041 885 5104 (⁸)
903 5045 957 5102 117,
974 5041 1110 5093 ridebatur
1124 5040 1172 5092 dli
1187 5054 1241 5093 m
1255 5040 1341 5105 dim.
