4342 6692
668 883 691 950 8
1032 896 1237 952 eounuruu
1259 897 1479 951 runorruan

669 1041 769 1115 nulla
801 1039 942 1116 ratione
973 1040 1130 1114 naturali
1160 1046 1279 1135 potest
1303 1039 1382 1116 lieri
1418 1036 1653 1115 terremotus
1681 1040 1741 1116 vel
1769 1040 1841 1114 alia

667 1159 835 1236 alteratio
860 1159 897 1232 in
924 1159 1148 1254 monteillo,
1174 1160 1238 1236 sed
1269 1161 1363 1236 ratio
1395 1160 1517 1236 divina
1542 1169 1598 1236 est
1622 1182 1734 1238 eausa
1761 1161 1841 1236 talis

669 1287 804 1355 motus.
830 1281 922 1355 Dicit
947 1301 1054 1378 ergo:
1082 1283 1172 1374 quei,
1198 1281 1344 1376 scilieet,
1371 1281 1519 1376 Statius,
1544 1275 1726 1374 οοηιὲηείὸ,
1752 1304 1840 1378 sup-

669 1401 739 1496 ple,
766 1400 888 1477 dicere
912 1400 949 1474 in
973 1401 1157 1497 generali:
1184 1421 1268 1475 eoru
1291 1421 1364 1474 non
1387 1398 1420 1493 d,
1443 1402 1579 1496 aliquid
1598 1424 1672 1478 uon
1689 1411 1756 1496 est,
1780 1382 1860 1476 olto¹

669 1528 768 1594 sento
793 1523 830 1594 tu
854 1522 1022 1611 religione
1045 1522 1138 1595 delta
1163 1528 1375 1615 monum
1393 1522 1522 1618 religio
1547 1528 1602 1598 est
1627 1523 1725 1596 idem
1751 1543 1840 1619 erga

670 1641 789 1716 neum
812 1640 909 1734 quod
928 1641 1134 1715 reverentia
1150 1642 1249 1736 apud
1267 1648 1436 1736 parentes
1461 1643 1520 1718 vel
1542 1642 1712 1738 maiores,
1733 1663 1842 1717 senza

671 1763 808 1850 ordine,
839 1779 914 1854 quo
939 1758 1026 1840 nilril
1052 1766 1107 1833 est
1131 1759 1295 1854 pulcrius
1326 1760 1363 1833 in
1397 1781 1524 1836 rerum
1550 1768 1696 1855 natura,
1730 1782 1753 1833 ο
1782 1762 1843 1835 ode

669 1883 731 1964 sio
746 1883 831 1972 faor
859 1880 894 1951 d'
907 1899 1067 1972 usauzo;
1097 1880 1184 1973 quia
1209 1879 1438 1954 eonsuetudo
1463 1888 1519 1955 est
1546 1881 1664 1956 altera
1696 1887 1841 1974 natura,

581 2051 584 2059 -
670 1999 774 2093 quasi
812 1999 930 2072 dicat:
971 1999 1057 2073 nilril
1097 1998 1137 2072 lit
1170 1999 1228 2074 iric
1260 1999 1451 2074 fortuitum
1490 1999 1549 2075 vel
1586 2002 1745 2095 modale,
1777 2002 1842 2076 sed

670 2127 794 2194 nmen
820 2119 919 2213 quod
945 2120 983 2192 ut
1009 2141 1082 2195 non
1109 2120 1148 2194 lit
1174 2120 1316 2196 ratione
1334 2121 1505 2216 naturali,
1522 2122 1617 2196 sieut
1639 2121 1676 2195 in
1702 2122 1842 2197 mundo

670 2246 804 2313 vestro.
831 2237 934 2313 Unde
958 2239 1063 2314 dioit:
1084 2241 1194 2312 libero
1213 2236 1235 2314 e*
1253 2243 1313 2332 qai
1327 2243 1378 2314 da
1401 2244 1487 2332 odoi
1510 2243 1739 2332 almezione,
1757 2261 1842 2336 quae

670 2360 710 2432 lit
736 2358 773 2432 in
800 2357 906 2435 terris
932 2360 989 2432 vel
1009 2359 1193 2433 montibus
1209 2360 1358 2455 vestris3
1375 2361 1440 2436 sed
1461 2361 1566 2455 bene,
1592 2364 1719 2435 emerui
1740 2369 1843 2454 paolo

671 2481 709 2552 di
733 2480 812 2570 quel
834 2480 945 2552 stell
975 2481 1039 2552 olel
1060 2483 1174 2552 rt'eeue
1197 2483 1247 2552 do
1270 2502 1308 2554 se
1332 2485 1370 2556 in
1394 2503 1445 2572 se,
1479 2482 1585 2577 quasi
1614 2481 1733 2556 dicat:
1765 2502 1840 2556 uon

672 2619 738 2693 per
764 2598 861 2674 viam
889 2603 1042 2687 naturae,
1070 2621 1089 2672 e
1113 2621 1184 2672 non
1208 2603 1363 2692 d'dltro,
1388 2605 1558 2696 captone3
1584 2603 1672 2696 quia
1697 2623 1772 2676 non
1797 2623 1844 2678 eo

673 2719 783 2794 modo
809 2739 883 2812 quo
908 2720 1044 2793 ooelum
1072 2722 1222 2795 attrahit
1245 2743 1269 2796 a
1294 2728 1395 2797 terra
1424 2734 1462 2800 ut
1490 2744 1599 2816 aqua.
1628 2723 1731 2797 Unde
1755 2729 1843 2797 nota

673 2841 771 2936 quod
796 2842 850 2915 sol
876 2861 944 2916 suo
969 2840 1093 2917 calore
1116 2843 1267 2916 attrahit
1289 2864 1456 2939 vapores,
1475 2845 1596 2918 iumos
1611 2851 1650 2920 et
1667 2845 1844 2919 humores

621 3017 623 3020 -
672 2984 765 3056 qnos
786 2962 983 3036 condensat
1001 2963 1036 3036 in
1054 2962 1183 3061 nubes,
1199 2969 1237 3037 et
1253 2962 1305 3037 sie
1321 2963 1561 3040 condensatos
1579 2963 1727 3038 resolvit
1744 2982 1843 3036 nuno

671 3084 713 3166 in
733 3082 886 3179 pluvias,
913 3103 1012 3157 nuno
1036 3082 1073 3156 in
1100 3104 1214 3178 rores,
1233 3104 1333 3159 nunc
1358 3084 1395 3158 in
1419 3084 1533 3178 niveS,
1551 3104 1651 3158 nunc
1676 3083 1714 3156 in
1739 3082 1843 3179 prui-

672 3225 757 3298 nae,
783 3211 821 3280 et
845 3204 896 3279 sic
921 3205 967 3279 de
992 3204 1079 3279 aliis.
1094 3200 1295 3278 -rerctet
1322 3204 1388 3279 llic
1412 3205 1548 3279 Statius
1579 3204 1742 3280 breviter
1766 3204 1844 3278 ool·

550 3353 556 3364 ·
671 3324 749 3420 ligit
774 3323 964 3419 generales
990 3325 1257 3418 impressiones,
1283 3345 1368 3417 quae
1394 3325 1611 3399 naturaiiter
1625 3315 1662 3416 (¹)
1687 3323 1781 3398 liunt
1805 3322 1844 3396 in

672 3465 772 3537 aere,
798 3465 958 3538 quarum
985 3444 1084 3517 nulla
1111 3443 1151 3515 lit
1174 3445 1223 3518 ab
1248 3443 1398 3524 introitu
1425 3443 1628 3539 purgatorii
1653 3441 1844 3538 soprato

673 3564 719 3638 ad
745 3562 1014 3658 intelligendam
1034 3562 1176 3637 literam
1195 3554 1299 3655 estl²t
1317 3562 1437 3658 primo
1454 3564 1656 3658 notandum
1674 3563 1774 3657 quod
1789 3561 1846 3638 sol

672 3683 720 3758 ab
745 3681 978 3756 interioribus
991 3683 1193 3757 elementis
1227 3685 1347 3757 elevat
1377 3704 1552 3778 vaporem
1569 3675 1606 3776 (³)
1640 3683 1687 3759 ad
1721 3684 1845 3758 locum
1966 3689 1969 3692 ’

675 3802 858 3897 frigidum,
884 3801 948 3875 ubi
973 3801 1186 3897 inspissatur
1200 3792 1238 3895 (⁴)
1263 3802 1301 3876 in
1327 3803 1482 3903 nubem;
1508 3811 1547 3879 et
1575 3803 1747 3900 frigidum
1774 3803 1845 3878 loci

674 3922 797 4018 incipit
808 3913 845 4014 (⁵)
863 3921 1046 4016 expellere
1063 3922 1234 4017 calidum,
1248 3923 1328 3997 etsi
1341 3923 1489 4018 expellit
1504 3923 1627 3998 subito
1644 3924 1683 3996 lit
1699 3923 1846 4018 pruina,

675 4061 760 4136 quae
784 4048 840 4115 est
864 4041 977 4134 dura3
1003 4042 1032 4114 si
1059 4062 1133 4116 non
1157 4043 1278 4116 subito
1308 4042 1348 4116 lit
1378 4043 1439 4116 nix
1466 4064 1550 4136 quae
1575 4049 1632 4118 est
1656 4043 1775 4118 mollis
1798 4041 1846 4117 de

675 4163 769 4237 sacili
794 4162 1083 4256 compressibilis.
1110 4163 1260 4238 Materia
1290 4163 1389 4238 enim
1422 4164 1658 4239 numidarum
1690 4163 1845 4258 impres·

675 4283 821 4357 sionum
847 4289 902 4356 est
927 4303 1012 4376 una,
1037 4281 1122 4356 licet
1146 4282 1378 4376 differentem
1405 4283 1559 4358 materia
1585 4275 1684 4359 enim
1711 4282 1845 4379 pluviae

675 4410 729 4478 est
747 4401 870 4478 nubes
881 4402 1028 4499 lrigida3
1056 4401 1212 4478 matoria
1237 4402 1328 4476 nivis
1348 4409 1405 4478 est
1424 4403 1542 4478 nubes
1564 4403 1702 4498 calida3
1727 4411 1847 4480 mato-

676 4523 731 4598 ria
752 4522 844 4596 roris
870 4530 925 4598 est
950 4543 1064 4618 vapor
1085 4528 1312 4618 temperatus
1330 4529 1367 4599 et
1386 4523 1543 4621 subtilis3
1561 4523 1716 4620 materia
1732 4545 1846 4620 grau-

676 4641 767 4716 dinis
792 4651 847 4717 est
872 4643 989 4718 nubes
1015 4643 1244 4738 calidissima,
1262 4665 1284 4718 a
1302 4664 1377 4736 qua
1394 4649 1511 4717 totum
1529 4644 1640 4739 simul
1656 4645 1847 4741 egreditur

739 4859 765 4922 (¹)
782 4863 827 4909 ll'l
842 4873 858 4910 a
874 4860 905 4910 Ε.
921 4844 1077 4912 notabiliter.
1275 4861 1302 4921 (¹)
1317 4862 1348 4913 E.
1364 4868 1404 4913 ast
1419 4863 1552 4914 reundum
1569 4863 1654 4926 primo
1669 4863 1748 4926 quod.

738 4937 766 5000 u
782 4937 812 4987 E·
828 4951 945 5000 vapores.
1272 4938 1300 5002 (¹)
1316 4940 1348 4990 n.
1363 4939 1540 5004 supinantur.

739 5014 765 5078 (¹)
782 5013 813 5064 E.
830 5014 901 5078 cupit
916 5015 1053 5078 expellere.
1526 5009 1528 5013 ’
