4342 6692
757 901 898 957 murus
920 901 1149 957 caremus.
1439 888 1517 961 aaa

337 1036 367 1117 cl
388 1065 478 1137 poco
503 1065 527 1118 a
552 1048 601 1119 tui
623 1066 667 1119 ne
691 1049 795 1137 celse,
821 1046 924 1139 idest,
942 1046 992 1119 ita
1010 1044 1196 1120 modicum
1218 1045 1362 1120 curavit
1378 1045 1446 1119 sibi
1463 1046 1510 1121 de

342 1185 412 1259 mc,
430 1186 514 1258 quae
533 1172 672 1240 tantam
689 1187 817 1241 curam
839 1167 1015 1263 gerebam
1042 1165 1089 1241 de
1119 1186 1174 1241 eo.
1202 1166 1245 1239 Et
1271 1165 1352 1241 ideo
1379 1165 1510 1240 merito

339 1285 469 1361 accidit
493 1285 559 1361 sibi
586 1284 684 1385 qued
710 1286 919 1385 quaerebat,
945 1308 1032 1365 nam
1058 1292 1155 1363 tanto
1170 1280 1230 1383 girl
1247 1287 1373 1373 cedde,
1389 1284 1429 1365 in
1445 1306 1510 1365 va·

342 1406 491 1485 nitatem
514 1406 692 1501 intimam,
712 1406 775 1481 ubi
791 1406 957 1501 debebat,
975 1407 1071 1485 sicut
1088 1413 1243 1503 poterat,
1261 1406 1350 1485 dare
1367 1426 1408 1481 se
1429 1426 1511 1502 spe-

342 1525 515 1603 culationi
531 1527 616 1601 altae
631 1546 878 1621 supernorum
896 1533 935 1601 et
950 1548 1127 1606 verorum
1146 1527 1343 1621 bonorum,
1361 1528 1420 1605 cle
1438 1529 1512 1603 tutti

342 1649 539 1737 ornamenti
558 1666 648 1720 nan
663 1637 724 1737 nid
740 1651 842 1737 certi,
859 1647 962 1741 idest,
978 1647 1103 1725 omnia
1127 1647 1290 1724 remedia
1307 1655 1414 1723 erant
1430 1646 1508 1741 jam

342 1765 530 1858 defectiva,
556 1768 629 1839 etta
650 1769 760 1839 salute
773 1787 853 1857 cna,
870 1766 1017 1859 scilicet,
1036 1766 1408 1862 recuperandae31'am
1427 1772 1510 1839 tan-
1635 1824 1638 1833 .

341 1893 422 1959 tum
443 1895 671 1981 processerat
688 1887 845 1961 errando
863 1908 929 1981 per
945 1888 1099 1982 sylvam,
1114 1890 1198 1979 ster
1222 1888 1282 1959 ete
1305 1888 1511 1976 nwstrergli

342 2008 540 2097 lepardute
561 2010 669 2098 genti,
698 2007 800 2100 quasi
825 2006 939 2080 dicat:
966 2006 1067 2079 salvo
1093 2025 1205 2099 quam
1232 2004 1405 2079 inclinare
1430 2006 1509 2081 ani-

343 2147 447 2200 mum
474 2126 624 2202 eiusad
650 2126 949 2201 considerandam
982 2125 1167 2199 miseriam
1200 2132 1236 2199 et
1266 2125 1509 2205 infelicitatem

343 2249 576 2323 miserorum.
603 2248 705 2322 Unde
729 2247 831 2321 dicitz
853 2268 921 2339 per
945 2253 1075 2337 questo,
1098 2245 1200 2339 idest,
1227 2246 1275 2319 ob
1300 2247 1393 2321 hanc
1418 2266 1509 2321 cau-

342 2389 434 2462 sam,
452 2370 567 2441 erstem
582 2368 711 2441 turcio
727 2369 780 2441 det
793 2369 909 2459 morti,
931 2366 1034 2459 idest,
1050 2365 1219 2442 descendi
1240 2364 1287 2439 ad
1312 2366 1510 2461 internum,

339 2510 359 2561 c
383 2492 408 2561 li
430 2489 569 2579 maenti
592 2488 684 2580 mici,
702 2489 921 2579 plangendo,
934 2489 1044 2580 steron
1067 2489 1164 2577 porti
1187 2506 1211 2559 a
1235 2488 1339 2578 cont,
1364 2485 1510 2579 scilicet,

341 2606 502 2703 Virgilio,
518 2609 579 2681 cte
602 2608 684 2679 tta
707 2600 836 2698 dearsit
851 2608 1026 2696 eondottc,
1044 2606 1147 2699 idest,
1168 2605 1232 2699 qui
1260 2604 1405 2681 reduxit
1422 2626 1509 2681 eum

342 2727 388 2801 ad
414 2748 485 2801 me.
512 2728 589 2801 llec
614 2734 731 2801 totum
751 2732 889 2800 tactum
907 2732 963 2801 est
986 2727 1015 2801 ll
1042 2726 1199 2821 capitulo
1218 2726 1351 2801 Inferni
1369 2733 1406 2799 et
1426 2726 1510 2800 alibi

343 2868 449 2941 saepe.
475 2848 519 2921 Et
544 2846 726 2923 concludit
753 2846 881 2921 ultimo
901 2846 1045 2923 Beatrir
1066 2846 1287 2941 respondens
1307 2846 1445 2942 angelis
1464 2846 1511 2921 ad

344 2966 433 3039 illud
459 2966 559 3061 quod
582 2966 751 3041 dixerant
767 2987 902 3060 snpra:
920 2986 1049 3060 qrrare,
1069 2965 1230 3059 domina,
1248 2966 1298 3039 sic
1315 2966 1510 3061 distempe-

347 3107 405 3159 ras
430 3091 544 3161 eum?
569 3092 607 3159 et
630 3085 716 3161 dicit
740 3106 842 3181 ergo,
867 3107 891 3159 ο
916 3085 1127 3159 suhstantiae
1153 3085 1233 3179 piac,
1254 3089 1359 3159 datto
1373 3089 1450 3179 sato
1474 3090 1513 3161 di

344 3210 427 3298 cto,
453 3206 557 3299 idest,
582 3205 804 3301 protundum
829 3206 1020 3282 decretum
1046 3206 1105 3280 vel
1125 3205 1306 3301 iudicium
1334 3206 1512 3300 divinum,

342 3327 481 3399 mette
503 3333 609 3417 rouo,
634 3324 737 3418 idest,
769 3325 943 3400 violatum
977 3326 1077 3419 quod
1107 3346 1290 3401 essenon
1322 3333 1451 3421 potest,
1476 3348 1515 3401 re

344 3452 421 3521 laetc
443 3451 476 3520 si
494 3434 675 3539 peccasse,
694 3445 743 3521 ab
767 3446 839 3521 isto
861 3446 990 3540 Dante,
1014 3468 1034 3519 e
1058 3448 1110 3519 tal
1131 3450 1298 3540 vivanda,
1315 3447 1418 3543 idest,
1437 3456 1512 3523 tam

341 3568 458 3643 dulcis
478 3567 579 3663 potio
597 3586 706 3661 aquae
730 3566 898 3661 Lethaeac,
913 3571 1009 3661 scere
1022 3574 1175 3659 namn,
1192 3567 1240 3641 ab
1257 3588 1314 3662 eo,
1331 3590 1440 3645 senza
1459 3572 1516 3645 ar-

343 3690 432 3762 cano
455 3694 563 3761 centn
587 3690 626 3761 di
646 3690 866 3780 pertenente,
884 3686 986 3780 idest,
1004 3686 1225 3781 paenitentiae
1246 3694 1284 3763 et
1309 3710 1429 3785 [rnenaex
1449 3690 1516 3766 de-

343 3808 439 3901 bitae,
464 3810 523 3881 cite
547 3810 695 3899 lagrtmc
721 3810 875 3901 menda,
901 3826 945 3884 er
969 3807 1187 3881 contritione
1214 3808 1333 3883 cordis
1349 3802 1397 3903 (¹),
1424 3832 1509 3887 cum

342 3929 567 4004 contessinnc
582 3927 667 4002 oris.
681 3927 783 4003 Unde
799 3927 921 4001 statim
939 3927 1086 4003 Beatrin
1104 3928 1284 4003 convertit
1300 3950 1513 4009 sermenem

344 4048 529 4123 suamab
556 4048 696 4144 angelis
723 4047 770 4125 cd
800 4047 918 4142 ipsum
949 4047 1118 4141 Dantem,
1150 4048 1244 4121 sicut
1257 4040 1294 4140 (¹)
1326 4058 1425 4145 patet
1454 4074 1514 4129 se-

345 4168 471 4262 quenti
496 4167 665 4265 capitulc.
1197 4180 1199 4187 ⁴

407 4411 436 4475 (¹)
452 4413 483 4465 B.
500 4413 593 4470 cerdic.
610 4417 638 4462 et
652 4411 814 4465 commutem
828 4410 891 4465 «lu.

407 4488 435 4552 (Ἴ
452 4488 482 4538 E.
499 4489 566 4540 ricut
580 4490 607 4539 in
623 4493 701 4539 cantu
716 4487 834 4560 ”quenti
849 4492 919 4551 patet
936 4486 1045 4557 nimius.

796 4788 1062 4807 m
