4342 6692
663 910 803 967 caurus
827 912 1021 968 vrunsruus
1046 913 1191 968 sarnus.
1442 901 1511 967 125

342 1058 458 1145 caldo,
472 1055 574 1151 idest,
588 1057 743 1131 vitantes
768 1058 931 1132 calorem
958 1057 1133 1133 meridiei.
1155 1059 1199 1131 Et
1224 1058 1282 1133 bic
1308 1066 1393 1133 nota
1411 1058 1510 1154 quod

340 1183 446 1271 poeta
465 1177 561 1251 bene
580 1177 754 1253 assimilat
774 1177 984 1254 luxuriosos
1000 1178 1167 1274 gruibus,
1185 1180 1270 1272 quia
1289 1201 1381 1275 grus
1397 1180 1511 1253 babet

341 1315 492 1371 carnem
522 1297 694 1393 calidam,
728 1298 872 1395 nigram
903 1306 941 1374 et
972 1299 1145 1394 loetidam,
1175 1307 1213 1376 et
1244 1301 1345 1375 volat
1375 1320 1512 1397 grega-

341 1416 406 1489 tim
433 1416 525 1490 sicut
551 1418 681 1511 elisii,
712 1424 747 1492 et
780 1419 817 1493 in
844 1420 951 1512 linea,
977 1424 1014 1495 et
1047 1440 1132 1494 cum
1160 1420 1324 1494 clamore
1349 1438 1509 1515 magno,

340 1542 378 1611 et
403 1536 540 1611 iaciunt
564 1539 790 1614 contrarium
809 1541 986 1634 volatum,
1004 1547 1220 1615 nontamen
1245 1562 1292 1615 ex
1318 1540 1455 1636 frigore
1474 1544 1511 1613 et

340 1658 464 1733 calore
489 1658 582 1733 sicut
607 1679 732 1755 grues,
758 1660 843 1753 quia
870 1667 1029 1754 utraque
1054 1660 1151 1735 acies
1176 1660 1235 1735 bic
1261 1660 1448 1735 cruciatur
1473 1659 1510 1732 in

340 1778 444 1875 igne;
472 1785 508 1853 et
534 1777 636 1853 dicit:
663 1800 681 1852 e
706 1785 835 1853 tornea
860 1783 1086 1872 lupatamndn
1107 1783 1145 1852 ot
1164 1782 1276 1872 pmmi
1298 1782 1405 1871 cant,
1423 1779 1519 1873 quia

340 1905 536 1975 resumunt
552 1898 682 1973 deinde
693 1891 730 1991 ζ’)
749 1901 927 1996 hymnum
945 1901 1047 1974 illum
1066 1900 1183 1995 basse,
1199 1901 1345 1995 scilicet,
1359 1905 1510 1973 Summe

339 2023 434 2092 Deru
459 2023 540 2112 etc,
566 2025 599 2092 el
623 2021 661 2092 al
683 2023 825 2113 prtdar,
854 2019 999 2114 scilicet,
1021 2021 1115 2095 alte:
1138 2024 1253 2094 aarum
1278 2042 1352 2094 noa
1377 2040 1511 2111 conno-

338 2160 421 2232 sco;
445 2138 506 2211 cte
527 2133 589 2231 piri
614 2140 671 2211 tor
699 2142 731 2212 si
759 2160 919 2213 connata.
950 2139 1050 2214 Beue
1080 2140 1177 2233 dicit,
1203 2139 1289 2233 quia
1321 2139 1511 2213 honestius

339 2265 393 2334 est
418 2263 567 2333 cantare
592 2264 630 2331 et
655 2257 817 2333 clamare
837 2279 971 2333 nomen
988 2260 1177 2334 clementis
1193 2260 1259 2335 Dei
1279 2266 1315 2335 et
1329 2251 1365 2351 (²)
1386 2259 1509 2333 Mariae

339 2378 505 2475 Virginis,
532 2399 643 2474 quam
670 2378 865 2453 Sodomam
893 2378 1097 2474 Pasipbem.
1124 2380 1168 2453 Et
1194 2379 1375 2453 concludit
1401 2384 1506 2472 poeta

340 2499 438 2593 quod
463 2498 512 2572 illi
538 2498 584 2573 de
609 2498 727 2594 prima
751 2499 831 2574 acie
857 2498 1045 2573 redierunt
1062 2500 1109 2573 ad
1126 2500 1396 2576 extremitatem
1415 2498 1509 2595 ignis

340 2624 573 2716 expectantes
600 2619 870 2715 responsionem
898 2618 994 2713 eius3
1019 2619 1119 2693 unde
1140 2619 1244 2693 dicit:
1263 2625 1296 2692 ct
1310 2622 1377 2692 essi
1393 2622 1510 2692 mede-

339 2742 419 2813 simi
442 2741 501 2813 clrc
525 2741 693 2813 m'avenn
706 2746 869 2832 propalo,
886 2738 923 2811 in
941 2759 1096 2834 persona
1113 2738 1287 2813 Guidonis
1307 2738 1508 2834 Guinieelli,

338 2862 552 2933 ruccosturst
566 2881 592 2931 u
607 2881 661 2933 me
679 2881 775 2933 come
790 2862 947 2949 donanti,
966 2880 1038 2933 non
1064 2866 1242 2934 exeuntes
1262 2860 1344 2936 ideo
1361 2860 1509 2955 ignem;

339 2980 389 3053 illi
414 2980 506 3073 dico,
545 2982 664 3053 utenti
694 2982 744 3053 ud
771 2983 925 3052 ascoltnr
958 2982 1014 3053 nei
1042 2981 1099 3052 tor
1128 2981 1329 3073 sentinam
1354 2980 1441 3073 quia
1471 2980 1508 3054 in

339 3098 549 3194 apparentia
577 3098 913 3173 videbanturvclle
938 3098 1067 3205 audire
1093 3098 1279 3192 quomodo
1300 3099 1456 3173 iaciebat
1471 3089 1508 3193 (³)

338 3219 522 3295 umbram.

415 3344 456 3412 lo
482 3343 555 3425 cte,
581 3342 647 3413 due
672 3342 769 3413 volte.
796 3338 865 3413 Ista
892 3346 947 3413 est
970 3336 1130 3415 secunda
1156 3360 1242 3433 pars
1261 3340 1452 3436 generaliS,
1472 3340 1508 3413 in

338 3482 412 3555 qna
437 3466 544 3555 poeta
571 3459 790 3555 respondens
815 3458 977 3554 petitioni
1006 3459 1073 3533 sibi
1104 3459 1443 3534 lactaemanilestat
1467 3481 1508 3536 se

338 3588 375 3657 et
398 3580 465 3655 sibi
493 3579 715 3654 manifestari
742 3579 826 3653 lacit
852 3585 1051 3673 utramque
1075 3585 1236 3674 gentem.
1262 3579 1365 3654 Unde
1389 3580 1506 3653 conti-

339 3722 455 3775 nuans
480 3706 621 3793 partem
650 3698 754 3793 parti,
780 3698 881 3773 dicit:
907 3703 949 3772 Io
977 3701 1037 3772 clrc
1061 3720 1150 3772 uoco
1183 3702 1269 3774 visto
1301 3702 1359 3772 lor
1387 3706 1506 3792 prato,

338 3820 424 3915 quia
449 3826 597 3916 gratum
624 3819 806 3893 babebent
826 3818 925 3913 quod
944 3818 1203 3914 responderem
1224 3819 1303 3912 sibi,
1320 3821 1387 3894 due
1404 3821 1505 3909 uelle,

338 3938 483 4035 scilicet,
509 3922 622 4015 semel
649 3960 760 4034 supra
790 3938 936 4033 quaudo
968 3938 1056 4012 dixit
1071 3928 1108 4031 (⁴)
1144 3938 1262 4013 Guido
1296 3940 1396 4034 quod
1425 3940 1507 4035 plus

338 4060 546 4157 indigebant
564 4052 601 4153 (ὅ)
628 4059 862 4155 responsione
887 4080 954 4131 sua
980 4079 1092 4151 quam
1118 4058 1292 4154 aetbiopes
1316 4080 1413 4153 aqua
1439 4060 1505 4133 lri-

337 4180 440 4278 gida;
466 4187 503 4255 et
528 4202 626 4255 nunc
652 4180 786 4255 iterum
805 4199 892 4253 cum
910 4177 1051 4253 videret
1067 4198 1196 4252 omnes
1214 4183 1308 4253 nutu
1324 4186 1499 4275 petentes,

338 4302 506 4397 quamvis
538 4306 717 4394 tacentes3
742 4300 982 4391 incomincia&
1007 4298 1136 4394 supple
1163 4297 1296 4395 dicere,
1325 4299 1506 4395 captando

336 4416 649 4498 benevolentiam:
681 4427 712 4496 0
736 4424 851 4494 anime
869 4422 983 4493 sicure
1002 4422 1130 4493 dacer
1149 4427 1238 4494 stow
1260 4422 1299 4494 di
1315 4442 1415 4514 poce,
1433 4421 1505 4494 sci-

336 4544 430 4637 licet,
465 4550 624 4637 aeternae,
658 4542 719 4617 ubi
753 4561 850 4615 nunc
882 4540 967 4615 estis
997 4540 1035 4613 in
1069 4541 1242 4616 continua
1272 4561 1395 4637 pugna
1428 4541 1508 4617 sine

338 4664 466 4759 requie
495 4664 590 4738 intre
616 4663 750 4759 ignem,
777 4663 918 4754 qnando
943 4662 1003 4735 elle
1026 4664 1094 4751 ain,
1120 4661 1207 4755 quia
1232 4661 1442 4757 temporalis
1468 4668 1508 4735 et

398 4896 428 5032 ἐξ
442 4893 678 5033 fflfflffiimn
694 4968 807 5032 Virginis
822 4968 921 5028 Mariae,
938 4980 1016 5032 quam
1032 4968 1170 5019 Sodommn
1185 4968 1371 5032 el'l’asipbem.

348 5100 351 5107 Δ
398 5044 426 5110 (¹)
442 5048 495 5108 lli,
505 5044 628 5097 faciebam
638 5045 766 5096 umbram.
828 5044 855 5109 (¹)
870 5044 1133 5096 Edixitsibiduido.
1195 5044 1223 5106 (¹1
1238 5044 1504 5110 §.elll,indigebul.
