4342 6692
696 889 741 954 12
1056 902 1259 957 comsnrou
1284 903 1502 958 runcatonn

691 1045 838 1120 dissime
863 1046 1009 1142 bibere;
1035 1048 1082 1123 de
1114 1069 1189 1144 quo
1219 1049 1430 1143 increpatus
1453 1069 1475 1122 a
1501 1047 1616 1122 milite
1644 1049 1743 1123 socio
1772 1049 1862 1123 dixit

546 1180 551 1192 ·
691 1185 732 1240 se
757 1187 962 1262 numquam
995 1169 1127 1242 melius
1159 1169 1303 1262 bibisse,
1329 1169 1416 1264 quia
1442 1189 1647 1262 numquam
1679 1170 1859 1245 babuerat

691 1285 812 1379 sitim(
829 1291 852 1378 ).

767 1412 833 1481 lt't
847 1413 956 1482 saulo.
983 1411 1053 1484 Ista
1080 1416 1135 1484 est
1159 1410 1267 1484 tertia
1292 1429 1377 1504 pars
1402 1407 1607 1504 principalis
1632 1409 1743 1483 buius
1762 1411 1861 1506 capi-

692 1527 770 1621 tuli,
797 1529 834 1602 in
859 1551 933 1623 qua
950 1520 986 1621 (²)
1013 1529 1185 1626 Virgilius
1210 1529 1360 1623 inquirit
1383 1549 1407 1602 a
1431 1527 1545 1603 Statio
1571 1529 1653 1622 quis
1678 1530 1806 1625 luerit3
1824 1539 1861 1606 et

692 1649 811 1742 primo
835 1649 965 1722 asserit
990 1669 1029 1723 se
1054 1650 1198 1723 clarum
1215 1649 1262 1724 de
1279 1648 1514 1743 responsione
1530 1648 1625 1723 lacta
1641 1649 1687 1723 ad
1708 1658 1860 1746 captan-

692 1769 775 1844 dam
802 1769 1115 1863 benevolentiam3
1132 1771 1232 1845 unde
1257 1769 1358 1844 dicit:
1378 1772 1447 1844 E'l
1468 1773 1569 1842 scuto
1588 1771 1692 1861 duca,
1710 1770 1858 1866 scilicet,

692 1890 873 1987 Virgilius,
898 1891 1038 1985 supple,
1063 1889 1152 1964 dixit
1177 1891 1314 1965 Statio:
1347 1894 1443 1963 omui
1471 1893 1594 1982 vcppto
1619 1894 1656 1963 lo
1680 1897 1765 1982 rete,
1791 1890 1861 1965 sci-
1995 1888 1999 1893 ’

690 2011 784 2104 licet,
810 2017 1002 2106 peccatum
1036 2011 1212 2104 averitiae,
1238 2013 1298 2084 clte
1328 2014 1387 2102 poi
1417 2013 1453 2083 ut
1478 2013 1604 2103 piplio,
1630 2009 1735 2104 idest,
1760 2017 1860 2086 tenet

690 2152 755 2205 vos
780 2131 839 2205 bic
864 2137 988 2225 captos
1019 2137 1056 2204 et
1090 2131 1231 2226 ligatos,
1257 2151 1276 2202 e
1299 2151 1396 2202 conte
1418 2133 1451 2202 si
1473 2134 1668 2223 sculappia,
1694 2131 1797 2224 idest,
1822 2137 1860 2206 et

691 2250 796 2325 video
820 2251 1007 2344 quomodo
1031 2251 1196 2346 aperitur
1228 2249 1317 2324 illud
1348 2255 1428 2325 rete
1457 2251 1604 2344 quaudo
1634 2249 1858 2346 liberamini3

689 2377 727 2445 et
751 2370 917 2446 similiter
944 2370 1060 2464 video,
1092 2362 1274 2462 peretto·
1297 2377 1423 2460 trema,
1448 2370 1551 2463 idest,
1577 2391 1651 2466 qua
1675 2370 1722 2446 de
1747 2391 1859 2446 causa

690 2490 730 2563 lit
755 2491 812 2565 bic
839 2497 1081 2583 terremotus,
1108 2512 1127 2562 e
1150 2493 1188 2563 dt
1211 2493 1272 2562 cle
1294 2491 1520 2580 congaudete,
1539 2490 1642 2580 idest,
1659 2498 1858 2586 congratu-

691 2610 815 2686 lamini
840 2610 994 2686 invicem
1022 2611 1264 2706 regratiautes
1297 2609 1451 2683 Domino
1477 2609 1761 2684 deliberatione
1789 2609 1858 2684 ali-

691 2732 797 2805 cuius
820 2732 964 2805 animae.
990 2732 1034 2804 Et
1065 2730 1154 2826 petit
1181 2731 1268 2824 duo,
1293 2730 1435 2804 diceus:
1468 2750 1538 2802 ora
1562 2732 1727 2822 piaccioti
1759 2732 1859 2803 cl’io
1934 2730 1938 2737 '

690 2854 816 2944 suppia
840 2853 894 2923 cli
914 2854 1010 2945 sorti,
1040 2871 1084 2925 ea
1110 2849 1340 2945 placibilitate
1356 2869 1429 2943 qua
1441 2850 1520 2942 J'am
1540 2870 1628 2922 usus
1648 2869 1688 2923 es
1710 2869 1858 2923 mecum

690 2970 930 3066 placidissime
955 2970 1135 3064 virorum,
1160 2992 1180 3042 e
1208 2965 1336 3062 perche*
1355 2971 1577 3060 s'te’piaciuto
1602 2971 1673 3061 qut,
1697 2968 1792 3043 sicut
1820 2975 1858 3043 et

688 3093 748 3167 alii
773 3091 887 3184 avari,
911 3113 978 3184 pur
1003 3094 1090 3163 tanti
1112 3092 1229 3181 secoli,
1256 3090 1357 3183 idest,
1385 3110 1451 3184 per
1478 3095 1531 3163 tot
1555 3089 1765 3164 centenaria
1790 3110 1858 3163 an-

688 3234 836 3305 norum,
861 3211 1007 3305 scilicet,
1034 3212 1217 3304 quinque;
1243 3209 1348 3303 quasi
1371 3209 1486 3283 dicat:
1513 3209 1607 3282 bene
1636 3215 1753 3303 potest
1777 3229 1858 3284 esse

687 3341 843 3429 purgata
861 3331 1014 3407 avaritia
1038 3332 1075 3405 in
1103 3337 1150 3424 te,
1168 3331 1197 3403 si
1215 3330 1340 3404 luisset
1355 3329 1509 3404 avaritia
1529 3329 1632 3403 Midae
1651 3331 1707 3404 vel
1724 3329 1855 3405 Crassi.

686 3452 731 3525 Et
759 3451 862 3524 dicit:
896 3453 982 3523 uelle
1008 3454 1136 3543 parole
1165 3458 1219 3523 tue
1250 3453 1299 3523 mi
1330 3453 1470 3542 cappla,
1506 3449 1601 3524 sicut
1638 3451 1740 3524 avari
1772 3456 1858 3524 sunt

686 3573 779 3667 capti
806 3572 875 3665 bic,
908 3577 945 3646 et
970 3571 1059 3658 alios
1084 3571 1232 3666 capiunt
1257 3571 1294 3643 in
1321 3570 1409 3665 vita3
1436 3571 1539 3665 quasi
1565 3571 1680 3645 dicut:
1703 3572 1856 3666 loquere

686 3691 774 3766 mibi
800 3693 911 3784 clare,
938 3712 1029 3788 rogo
1062 3698 1109 3785 te,
1136 3689 1231 3764 sicut
1261 3711 1332 3785 ego
1357 3691 1502 3764 locutus
1528 3712 1611 3764 sum
1643 3690 1860 3766 tibi-Nol

687 3818 808 3904 tempo.
835 3811 900 3885 Hic
925 3819 1032 3906 poeta
1057 3811 1159 3905 ponit
1189 3811 1461 3906 responsionem
1485 3812 1586 3886 Statii
1612 3813 1658 3886 ad
1696 3813 1851 3908 primam

686 3931 897 4026 petitionem
917 3931 1076 4026 Virgilii,
1109 3931 1172 4024 qui
1203 3931 1321 4026 primo
1357 3931 1528 4006 describit
1559 3952 1600 4006 se
1636 3933 1684 4006 ab
1718 3933 1857 4028 optimo

685 4051 847 4145 principe
873 4050 942 4127 sub
967 4072 1042 4144 quo
1067 4051 1209 4125 claruit.
1228 4053 1272 4124 Et
1287 4052 1334 4126 ad
1353 4052 1621 4147 intelligendam
1648 4053 1754 4127 istam
1775 4052 1856 4128 lite·

686 4191 766 4245 ram
792 4189 891 4262 sanc,
910 4191 1022 4262 quam
1045 4171 1149 4274 multi
1167 4171 1380 4266 ignoranter
1400 4179 1628 4267 pervertunt,
1646 4181 1701 4247 est
1716 4179 1856 4248 attente

686 4290 887 4383 sciendum,
908 4290 1006 4382 quod
1030 4290 1124 4364 sicut
1148 4297 1266 4384 potest
1285 4291 1406 4386 colligi
1431 4311 1477 4365 ex
1506 4292 1629 4365 multis
1652 4293 1855 4387 autoribus,

685 4413 781 4486 Nero
799 4411 1000 4505 imperator
1013 4411 1059 4485 ad
1075 4410 1345 4486 relraenandum
1365 4411 1511 4486 furores
1531 4412 1779 4507 bebraeorum,
1792 4413 1857 4507 qui

684 4531 768 4606 lacti
793 4538 899 4605 erant
925 4531 1079 4606 rebelles
1106 4551 1260 4605 romano
1286 4529 1451 4625 imperio,
1463 4530 1568 4605 ‘misit
1593 4531 1855 4626 Vespasianum

685 4649 806 4723 virum
832 4651 1139 4745 sapientissimum
1158 4659 1202 4725 et
1231 4651 1527 4726 strenuissimum
1557 4672 1763 4748 armorum,
1789 4651 1854 4746 qui

683 4767 783 4844 ferro
808 4777 845 4844 et
871 4770 955 4865 igue
980 4771 1108 4865 primo
1133 4771 1288 4845 vastavit
1312 4770 1512 4864 Galilaeam,
1537 4770 1667 4846 deinde
1693 4772 1853 4866 reliquas

748 5022 776 5086 (¹)
793 5028 847 5085 tlt,
863 5024 989 5076 maiorem
1005 5026 1082 5076 sitim.
1261 5025 1291 5088 (Ἴ
1306 5025 1337 5075 1²„
1353 5027 1379 5075 iu
1395 5038 1446 5090 qun
1462 5032 1537 5100 poeta
1553 5025 1686 5089 Virgilius.
