4342 6692
304 1312 472 1381 nnnrns
496 1313 727 1382 vrcnsmns
751 1298 956 1397 ocmrms,
980 1316 1015 1381 a
1037 1336 1097 1399 qao
1120 1321 1238 1382 traam
1259 1316 1340 1381 ner
1362 1314 1477 1399 aesque

382 1422 518 1509 Virpr'lio
539 1428 674 1493 intravit
693 1427 823 1512 sylvam,
841 1428 898 1492 ubi
912 1427 993 1493 cidit
1009 1428 1096 1493 ultra
1113 1428 1231 1507 flamen
1247 1426 1344 1493 Lethe
1366 1447 1475 1510 puem-

381 1539 458 1603 dam
479 1538 638 1604 dorninam
660 1544 812 1605 tenentem
833 1538 938 1617 florea,
962 1560 1032 1623 qrrae
1058 1540 1142 1604 dicit
1163 1539 1262 1605 multa
1285 1540 1323 1605 de
1345 1540 1476 1605 oimirw

382 1650 467 1715 Adae
488 1651 592 1732 patna
613 1651 732 1732 patris,
762 1655 793 1716 ct
822 1650 862 1717 dc
889 1651 979 1716 modo
1008 1650 1097 1716 illius
1125 1651 1277 1730 fluminis,
1301 1655 1331 1715 et
1353 1650 1392 1716 de
1414 1654 1476 1715 toto

381 1762 473 1827 modo
488 1762 642 1844 parodrbi
662 1763 831 1829 terrestris.

384 2017 521 2192 Krec
539 2108 601 2210 od
625 2122 663 2192 di
686 2140 811 2192 cercnr
835 2123 958 2194 dmatro
983 2142 1002 2193 c
1025 2122 1203 2194 dintcroo.
1223 2121 1419 2215 Postquam
1439 2122 1476 2196 in

307 2241 524 2337 praecedenti
552 2240 710 2335 capitulo
731 2248 837 2335 poeta
856 2248 979 2317 noster
999 2241 1169 2317 tractavit
1193 2248 1230 2317 et
1254 2242 1477 2317 determina-

306 2362 358 2435 vit
382 2361 539 2455 qualiter
565 2361 799 2455 pervenerint
814 2354 850 2453 (⁴)
877 2362 923 2436 ad
954 2362 1095 2457 apicem
1129 2362 1261 2436 montis
1287 2363 1349 2436 ubi
1375 2362 1477 2459 ponit

306 2480 514 2577 paradisum
540 2480 768 2574 deliciarum,
795 2502 893 2556 nunc
919 2489 1187 2575 consequenter
1217 2481 1253 2555 in
1283 2480 1352 2556 isto
1377 2481 1477 2577 capi-

308 2600 386 2674 tulo
408 2599 552 2673 XXVlll
575 2600 746 2674 describit
771 2600 889 2696 ipsum
915 2600 1137 2696 paradisum.
1160 2602 1204 2677 Et
1228 2622 1389 2697 praesens
1414 2622 1477 2676 ca·

307 2720 464 2815 pitnlum
496 2726 613 2816 potest
628 2712 665 2812 (¹)
692 2720 799 2794 dividi
832 2722 869 2793 in
901 2730 1062 2815 quatuor
1096 2728 1218 2816 partes
1250 2722 1476 2817 principales„

308 2840 348 2913 ln
373 2840 491 2935 prima
518 2860 678 2933 quarum
711 2840 882 2914 describit
910 2841 1030 2935 ipsum
1060 2842 1182 2915 locum
1215 2847 1394 2934 quantum
1430 2842 1478 2917 ad

308 2959 509 3035 viredinem
536 2961 735 3034 berbarnm
761 2968 801 3034 et
823 2960 1012 3054 arborum,
1031 2966 1069 3035 et
1095 2966 1244 3034 ventum
1272 2967 1309 3035 et
1333 2981 1420 3036 aves
1440 2969 1479 3035 ct

307 3100 457 3173 aquam.
484 3081 525 3153 ln
549 3080 709 3155 secnnm
733 3080 903 3155 describit
934 3101 1047 3155 nnam
1079 3082 1256 3155 illustrem
1284 3082 1476 3156 dominam

308 3218 420 3293 quam
449 3200 595 3295 reperit,
622 3200 689 3274 ibi:
718 3204 776 3273 Ου’
788 3198 849 3293 ρὲἐ
870 3204 1001 3274 rr'stetti.
1028 3201 1068 3273 ln
1093 3198 1199 3275 tertia
1225 3208 1349 3275 movet
1375 3222 1478 3296 qnae-

307 3320 463 3394 ationem
489 3320 538 3394 illi
563 3320 722 3396 dominae
745 3321 792 3395 de
816 3342 914 3414 aqua
939 3328 977 3395 et
1002 3326 1124 3415 rento,
1151 3340 1234 3415 quae
1270 3320 1388 3415 primo
1418 3342 1478 3396 re-

307 3440 460 3535 spondet
477 3441 544 3517 sibi
561 3441 607 3515 de
627 3447 737 3515 vento
755 3441 909 3515 iaciente
925 3441 1066 3536 sylvam
1079 3459 1225 3535 sonare,
1238 3440 1306 3513 ibi:
1324 3443 1479 3533 L'acqrm

307 3562 390 3633 diss'
402 3566 448 3635 io.
478 3563 519 3635 ln
548 3568 680 3655 quarta
706 3568 743 3637 et
768 3561 895 3635 ultima
920 3561 1015 3636 dicta
1040 3562 1188 3637 domina
1216 3562 1408 3656 respondet
1433 3562 1479 3636 de

308 3701 407 3777 aqna
432 3682 609 3779 irrigante
634 3682 682 3757 ibi
708 3688 859 3776 terram,
878 3688 915 3757 et
938 3681 1037 3757 addit
1063 3703 1234 3777 magnam
1254 3682 1477 3759 nobilitatem

309 3801 420 3876 buius
435 3802 516 3897 loci,
535 3802 603 3877 ibi:
621 3804 778 3894 L'acptm
801 3804 861 3876 cbe
877 3804 965 3875 vem
983 3801 1036 3875 bd
1053 3801 1212 3896 primum
1232 3801 1382 3877 veniens
1399 3802 1479 3877 dico

310 3921 408 4015 qnod
434 3928 542 4017 poeta
567 3930 691 3997 noster
715 3921 885 3997 describit
909 3922 1058 3995 bortum
1076 3911 1113 4012 (³)
1139 3920 1353 3996 deliciarum
1382 3922 1478 3997 mnl-

311 4041 496 4137 tipliciter3
522 4043 586 4117 sed
610 4048 808 4136 antequam
835 4040 982 4115 reniam
1007 4041 1054 4114 ad
1078 4041 1234 4134 literam,
1251 4041 1336 4115 volo
1359 4042 1483 4141 primo
1515 4137 1537 4143 -

312 4167 349 4235 te
380 4168 519 4255 notare,
545 4162 643 4257 qnod
673 4168 791 4235 totum
817 4160 914 4234 istud
945 4160 1146 4255 capitulum
1179 4166 1234 4234 est
1264 4160 1418 4255 figurale
1443 4166 1480 4235 et

311 4280 562 4377 allegoricum,
578 4282 683 4356 aliter
704 4302 771 4377 pro
790 4302 925 4377 magna
943 4285 1048 4375 parte
1063 4286 1161 4355 esset
1176 4300 1315 4355 vanum
1332 4286 1397 4355 aut
1414 4279 1480 4353 lal-

311 4422 407 4475 sum.
432 4402 503 4476 Per
528 4402 639 4475 istnm
664 4422 755 4497 ergo
780 4402 929 4476 bortum
956 4408 1030 4474 tam
1058 4400 1241 4495 lloridum,
1261 4406 1334 4475 tam
1361 4420 1480 4476 amte-

313 4541 402 4595 nnm
437 4527 544 4615 poeta
582 4520 749 4616 proponit
785 4522 889 4595 nobis
926 4520 1131 4617 figuraliter
1164 4526 1299 4595 statum
1339 4520 1478 4597 lelicem

312 4640 468 4715 bominis
492 4640 597 4736 positi
621 4642 658 4714 in
683 4641 907 4736 perfectione
930 4640 1287 4735 prosequentum
1313 4640 1482 4737 possibile

312 4768 368 4837 est
393 4761 429 4833 in
454 4762 524 4835 bac
549 4760 622 4834 vita
648 4761 825 4836 miseriae:
846 4760 928 4835 ideo
953 4760 1047 4836 bene
1072 4760 1172 4855 ponit
1195 4760 1315 4855 ipsum
1340 4760 1376 4834 in
1402 4761 1483 4837 loco

376 4946 403 5009 (¹)
420 4946 450 4997 B.
466 4948 621 5009 menesii·
876 4944 904 5009 (Ἴ
919 4946 945 4997 S.
962 4947 1085 4997 dividitur
1101 4948 1127 4997 in
1143 4951 1264 5011 quatuor.

375 5024 405 5087 i')
421 5026 475 5083 tra,
491 5022 638 5087 prditum
654 5022 816 5074 deliciarum.
