4342 6692
664 791 711 859 ut
1027 801 1231 857 commum
1255 747 1507 857 1111611111ιῖ

662 948 797 1023 latratu
826 968 975 1043 cauum,
1005 946 1162 1042 quisquae
1191 968 1259 1043 pru
1288 968 1329 1023 se
1356 944 1570 1021 intendebat
1599 944 1646 1021 ad
1673 952 1835 1021 merim

663 1068 760 1165 upri3
785 1068 851 1145 sed
875 1070 913 1143 iu
938 1068 1060 1145 medio
1085 1067 1221 1144 ardere
1244 1087 1378 1165 pugnae
1396 1066 1565 1143 Mtulauta
1589 1086 1676 1141 cum
1702 1068 1835 1164 sagitta

662 1189 791 1265 leviter
821 1188 939 1286 tetigit
969 1187 1176 1263 auriculum
1205 1188 1304 1283 apri3
1329 1208 1406 1283 que
1438 1206 1512 1261 nun
1539 1191 1682 1263 lautum
1713 1188 1835 1267 lutum

664 1310 830 1405 calinsa,
857 1314 1040 1404 quantum
1065 1329 1195 1384 amans
1220 1308 1414 1405 Meleager,
1439 1327 1486 1383 er
1519 1327 1594 1402 quo
1619 1308 1737 1406 magis
1771 1329 1836 1385 uc·

664 1450 796 1505 census
821 1436 876 1505 est
900 1429 1005 1505 luror
1029 1428 1208 1505 virorum.
1229 1428 1390 1503 Tandem
1417 1428 1677 1525 magnanimus
1702 1430 1835 1505 Melea-

664 1570 731 1647 ger
748 1572 860 1646 quem
878 1550 1165 1625 audacissimum
1182 1548 1338 1623 molebat
1354 1569 1474 1643 amor,
1487 1548 1667 1643 percussit
1683 1550 1787 1624 hasta
1795 1544 1834 1643 (¹)

664 1692 796 1767 aprum
818 1672 855 1744 iu
872 1678 998 1766 tergo,
1020 1676 1057 1744 et
1076 1668 1333 1765 plaudentibus
1348 1667 1455 1743 suciis
1471 1674 1582 1763 caput
1599 1676 1833 1763 amputatum

663 1789 811 1865 donavit
834 1796 978 1865 amatre.
998 1789 1041 1863 lit
1064 1788 1239 1863 continuo
1263 1788 1358 1863 lacto
1384 1806 1581 1862 murmure
1605 1806 1653 1863 cx
1678 1790 1835 1865 amula·

663 1910 762 1984 ticue
788 1910 918 1985 iratres
934 1908 1083 1983 llrhaeae
1101 1914 1306 2003 rapuerunt
1322 1906 1461 1981 dunum
1482 1906 1626 2004 virgini.
1653 1909 1835 2007 Meleager

663 2027 718 2103 ira
731 2028 1009 2124 trendens‚plus
1023 2047 1135 2123 quam
1150 2048 1240 2122 aper
1253 2027 1474 2123 paulcante,
1487 2026 1669 2103 interfecit
1684 2035 1835 2105 utrum-

667 2168 751 2243 que.
769 2148 909 2223 llthaea
925 2154 1052 2223 autcm
1076 2148 1201 2223 audita
1228 2152 1349 2223 morte
1374 2146 1531 2221 fratrum
1556 2147 1833 2226 interfecturum

663 2290 686 2343 a
717 2267 802 2363 filio,
828 2268 866 2343 in
895 2269 1022 2343 lurore
1053 2268 1198 2343 abiectu
1229 2287 1359 2342 amere
1392 2264 1490 2342 filiali
1520 2267 1667 2343 letalem
1693 2276 1833 2347 torrem

664 2387 815 2465 immisit
839 2388 876 2462 iu
902 2389 1038 2486 ignem,
1059 2396 1097 2464 et
1113 2388 1289 2463 contiuuo
1314 2388 1496 2484 Meleager
1519 2388 1709 2465 deficiente
1735 2398 1836 2469 turre

664 2506 821 2583 delicere
846 2509 957 2604 coepit
981 2508 1053 2584 cito
1074 2507 1313 2581 inmodicum
1332 2506 1495 2583 cinerem
1517 2508 1711 2583 resolutus.
1730 2512 1835 2589 Nunc

665 2626 863 2701 videndum
889 2634 944 2702 ert
970 2627 1056 2722 quid
1082 2628 1171 2703 latet
1185 2617 1222 2719 ι’)
1248 2626 1318 2701 sub
1339 2625 1407 2701 ista
1428 2626 1584 2702 mirabili
1600 2627 1756 2707 fictione.
1773 2632 1836 2707 ll-

668 2748 763 2822 thaea
788 2747 968 2842 siquidem
994 2754 1050 2822 est
1064 2738 1101 2841 (³)
1120 2746 1239 2824 omnis
1264 2754 1395 2840 mater,
1413 2767 1498 2840 quae
1514 2748 1610 2842 parit
1627 2748 1755 2845 lilium,
1772 2752 1834 2827 cui

664 2868 826 2943 nascenti
853 2867 975 2943 statim
1007 2867 1127 2943 sidera
1159 2866 1355 2964 praefigunt
1371 2856 1408 2960 (⁴)
1435 2873 1582 2965 tempus
1611 2869 1768 2967 vivendi,
1792 2880 1836 2948 ut

664 2988 795 3062 volunt
819 2987 1010 3085 astrologi3
1036 2986 1113 3062 imo
1137 2987 1311 3062 Salomon
1335 2986 1445 3061 dicit:
1478 2992 1629 3063 Porru'rtt
1652 2996 1836 3069 termnum

664 3128 764 3202 quem
795 3129 868 3183 amn
899 3111 1205 3200 commententur
1220 3099 1274 3203 (⁵);
1301 3108 1491 3203 intelligas,
1517 3109 1720 3185 secundum
1748 3134 1836 3201 cur·

664 3250 748 3303 sum
775 3234 937 3324 uaturae3
966 3249 1051 3303 nam
1078 3249 1145 3324 per
1169 3228 1338 3304 accidens
1354 3235 1474 3325 potest
1488 3229 1595 3305 aliter
1616 3232 1775 3329 evenire,
1794 3241 1836 3311 ut
1949 3280 1954 3288 -

664 3348 749 3423 dicit
775 3350 950 3444 propheta
967 3338 1024 3443 (⁶):
1051 3351 1124 3422 Viri
1146 3353 1359 3440 sanctuarum
1382 3357 1416 3425 ct
1438 3352 1553 3425 dolori
1575 3371 1647 3424 nen
1671 3355 1836 3429 utrana-

665 3470 749 3542 lnmt
770 3472 844 3543 dies
868 3489 971 3563 suom
988 3468 1094 3563 quasi
1110 3469 1226 3544 dicat:
1248 3491 1322 3545 nou
1338 3469 1462 3545 vivent
1481 3470 1716 3549 medietatem
1742 3480 1837 3549 tem-

665 3589 775 3685 poris,
786 3609 861 3684 qun
874 3589 1051 3665 deberent
1062 3590 1191 3667 vivere
1203 3591 1407 3667 secuudum
1425 3597 1596 3666 naturam
1607 3616 1618 3687 3
1631 3594 1725 3669 sicut
1737 3595 1834 3671 acci·

665 3708 717 3785 dit
742 3709 800 3785 iric
824 3709 982 3785 delacio
1000 3710 1036 3785 in
1055 3711 1249 3807 Meleagro,
1267 3711 1330 3805 qui
1342 3711 1491 3807 juvenis
1509 3711 1600 3786 ludit
1617 3714 1834 3811 sanguinem

664 3831 937 3906 avunculorum
967 3852 1135 3927 suorum,
1167 3831 1249 3907 ideo
1280 3831 1535 3927 intempestive
1568 3842 1740 3910 mortuus
1767 3843 1834 3912 oet

665 3950 788 4024 Turris
813 3958 940 4027 autem
967 3950 1194 4027 madefactus
1210 3972 1309 4047 aqua
1334 3950 1470 4048 figurat
1495 3954 1657 4030 calorem
1684 3963 1836 4033 natura·

665 4070 739 4145 lem
765 4076 802 4145 et
826 4071 1026 4147 humorem
1059 4070 1269 4167 radicalem,
1296 4071 1359 4166 qui
1390 4074 1568 4167 quamdiu
1598 4075 1709 4151 durat
1736 4078 1836 4176 viget
1916 4168 1922 4181 Ι

665 4190 758 4285 vita3
785 4190 959 4285 quoniam
986 4190 1060 4267 vita
1086 4191 1262 4287 humana,
1288 4198 1330 4267 ut
1354 4192 1439 4268 dicit
1455 4192 1652 4291 llviceuua,
1669 4203 1726 4273 eat
1741 4198 1837 4275 sicut

663 4308 816 4385 lucerua
841 4331 926 4404 quae
951 4309 1083 4405 delicit,
1109 4309 1168 4387 vel
1194 4331 1280 4386 cum
1305 4310 1400 4409 iguis
1422 4314 1607 4389 consumit
1621 4316 1758 4413 oleum,
1776 4319 1836 4395 νᾶ

589 4464 592 4473 ¹
663 4449 750 4503 cum
768 4429 892 4504 oleum
915 4430 1071 4505 nimium
1093 4431 1274 4528 extinguit
1289 4432 1426 4528 ignem.
1448 4434 1601 4509 Venatio
1620 4435 1680 4510 illa
1697 4436 1837 4515 ramosa

663 4548 731 4623 luit
748 4570 808 4625 res
825 4550 995 4627 historica
1023 4550 1140 4649 magis
1164 4573 1279 4646 quam
1296 4554 1390 4629 licta.
1409 4554 1517 4629 Nunc
1535 4556 1582 4631 ad
1600 4556 1761 4633 literam:
1778 4560 1836 4635 ui-

728 4770 756 4835 t¹l
772 4772 802 4823 E·
821 4786 882 4823 cum
898 4774 979 4826 uum
1334 4778 1363 4840 (η
1378 4779 1410 4829 u
1425 4777 1513 4831 laert

727 4846 754 4909 (⁸)
772 4852 826 4910 117,
843 4849 987 4913 figuraliter
1002 4857 1041 4903 eat
1057 4854 1142 4904 omnia
1157 4858 1250 4907 mter.
1335 4855 1364 4919 (⁸)
1379 4856 1411 4907 B.
1428 4856 1602 4921 nrnllgurunt.

728 4922 796 4989 l'lS·
813 4929 1041 4991 mmmm.
1334 4932 1410 4995 cru
1426 4935 1553 4999 pupae·
1569 4934 1743 4987 munzuns
