4342 6692
650 900 789 954 caurus
814 899 1005 954 vrorsruus
1028 898 1160 953 nonus.
1422 885 1489 953 191

322 1046 594 1122 multitudinem
621 1066 793 1143 magnam
825 1051 1037 1119 sanctorum
1068 1042 1276 1139 spirituum,
1308 1042 1370 1137 qui
1404 1063 1494 1119 oon-

322 1166 478 1239 stituunt
502 1187 637 1261 corpus
661 1166 765 1241 istius
791 1164 937 1239 militiae.
959 1165 1003 1237 Et
1027 1162 1202 1238 continuo
1226 1161 1382 1237 ostendit
1407 1162 1494 1256 quid

324 1284 420 1360 videt
436 1278 486 1380 (¹),
502 1286 643 1386 dicens:
664 1288 732 1358 vid’
745 1288 890 1375 tepenti
905 1287 1038 1376 turbe,
1055 1283 1158 1378 idest,
1176 1282 1298 1377 sequi;
1318 1280 1372 1355 isli
1388 1288 1495 1357 erant

325 1407 450 1503 viginti
468 1412 631 1500 quatuor
650 1405 825 1497 seniores,
845 1426 1029 1497 oppresse,
1048 1411 1128 1499 post
1144 1403 1238 1479 dicta
1264 1402 1494 1494 candelabra,

325 1530 431 1617 ultor,
446 1526 549 1621 idest,
564 1534 663 1620 tunc,
676 1546 772 1599 come
789 1546 813 1597 α
829 1528 887 1598 lor
902 1529 994 1616 duci,
1011 1526 1098 1619 quia
1117 1525 1335 1600 candelabra
1355 1543 1495 1619 praeoe-

324 1646 445 1721 dentia
458 1644 1055 1741 ducebantetdirigebantgentcm
1076 1646 1194 1739 istam,
1207 1644 1300 1719 sicut
1314 1642 1494 1717 subtiliter

324 1767 528 1841 ostenditur
552 1767 588 1839 in
616 1766 788 1861 principio
816 1766 1003 1860 sequentis
1035 1764 1202 1860 capituli3
1231 1770 1370 1861 gentes,
1402 1764 1494 1857 dieo,

326 1890 440 1960 vcsdtc
464 1891 502 1960 di
525 1889 675 1980 bionco,·
700 1886 781 1959 talis
804 1886 950 1960 babitus
981 1886 1076 1961 bene
1106 1885 1277 1960 convenit
1309 1886 1369 1960 tali
1395 1885 1495 1983 genti

324 2006 371 2079 ad
396 2007 624 2083 indicandam
650 2007 846 2102 puritatem
865 2014 902 2081 et
920 2007 1135 2081 munditiam
1161 2026 1293 2081 eorum
1308 1997 1358 2098 (²).
1377 2008 1421 2081 Et
1440 2007 1496 2081 di·

326 2126 376 2200 cit
399 2126 446 2201 ad
471 2128 732 2203 ostendendam
751 2127 1024 2222 perfectionem,
1050 2149 1070 2199 c
1093 2130 1144 2201 tat
1159 2130 1310 2218 condor,
1327 2128 1430 2222 idest,
1449 2130 1498 2201 si-

327 2247 419 2320 milis
452 2248 593 2341 albedo,
622 2252 793 2339 promunt
824 2270 895 2352 non
922 2251 1007 2340 suci,
1039 2246 1142 2341 idest,
1172 2247 1251 2339 luit,
1281 2250 1319 2322 di
1347 2270 1431 2340 qua,
1460 2249 1496 2323 in

327 2372 451 2440 nostro
477 2367 636 2441 mundo:
662 2375 700 2442 et
724 2388 857 2443 verum
887 2366 995 2458 dicit,
1015 2364 1101 2460 quia
1137 2388 1324 2460 nunquam
1355 2367 1393 2441 in
1425 2369 1497 2442 vila

326 2487 495 2580 apparuit
521 2494 620 2561 tanta
645 2488 791 2562 claritas
815 2487 853 2561 in
878 2486 942 2580 eis,
963 2486 1057 2561 siout
1076 2493 1157 2581 post
1180 2486 1496 2563 beatificationem.

328 2645 378 2659 -
390 2609 428 2678 ι’
441 2626 565 2697 ecquo
586 2606 652 2680 Hic
669 2614 775 2701 poeta
793 2607 919 2681 volens
938 2606 1160 2681 descendere
1177 2606 1223 2680 ad
1241 2607 1495 2701 perfectiorem

328 2724 517 2819 visionem,
543 2725 663 2820 primo
690 2724 875 2820 praemittit
904 2724 1101 2819 puritatem
1135 2746 1242 2818 aquae
1273 2746 1319 2800 ex
1347 2746 1498 2820 percus-

326 2846 429 2921 sione
453 2846 620 2940 luminis3
647 2853 685 2921 et
709 2846 854 2920 videtur
871 2847 966 2921 velle
981 2845 1115 2939 dicere,
1134 2845 1232 2938 quod
1253 2866 1338 2919 cum
1357 2846 1498 2920 videret

329 2974 467 3040 tantam
497 2967 700 3041 claritatem
734 2974 772 3041 et
806 2967 1002 3060 puritatem
1034 2964 1273 3039 luminarium
1300 2973 1337 3040 et
1363 2966 1498 3041 cando·

329 3106 420 3180 rem,
448 3088 545 3161 ultra
577 3088 645 3161 boc
672 3087 815 3161 videbat
845 3087 955 3160 etiam
990 3086 1194 3161 claritatem
1227 3094 1264 3161 et
1301 3088 1497 3182 puritate·

327 3228 447 3302 aquae,
465 3228 550 3300 quae
571 3207 856 3301 representabat
876 3206 1074 3303 imaginem
1094 3207 1173 3281 eius
1193 3206 1229 3279 in
1249 3206 1397 3281 modum
1417 3229 1500 3303 spe-

328 3331 412 3424 culi,
429 3330 459 3404 si
475 3330 673 3423 aliquando
690 3329 885 3403 inclinabat
904 3328 1022 3401 visum
1040 3328 1087 3402 ad
1108 3349 1256 3422 aquam.
1280 3328 1371 3402 bictt
1388 3349 1499 3425 ergo:

328 3454 501 3542 L'ocpuo,
518 3451 665 3535 scilicet,
686 3451 766 3543 rivi,
783 3452 1000 3542 imprcndcn,
1021 3449 1125 3543 idest,
1145 3449 1355 3545 recipiebat,
1374 3474 1394 3524 c
1417 3474 1502 3525 rea·

328 3574 455 3663 munti,
481 3572 584 3665 idest,
611 3571 897 3666 repraesentabat
922 3570 1023 3663 mibi,
1049 3574 1086 3644 lu
1111 3575 1184 3643 mia
1214 3574 1359 3645 nnistro
1391 3580 1501 3661 cono,

330 3692 431 3785 idest,
457 3693 566 3785 latus,
591 3695 655 3766 dol
676 3694 820 3765 sininm
845 3694 978 3783 finnco,
1003 3691 1151 3783 scilicet,
1179 3712 1289 3785 meo,
1316 3694 1419 3787 quasi
1446 3693 1502 3767 di·

329 3819 399 3904 cat,
426 3812 711 3906 repraesentabat
737 3832 798 3886 me
818 3810 854 3883 in
879 3812 939 3884 illa
965 3812 1111 3906 propria
1137 3811 1256 3886 torma
1283 3833 1357 3905 qua
1384 3832 1500 3906 eram,
1584 3860 1590 3871 ·

330 3934 417 4027 quia
444 3934 542 4007 ibam
567 3932 613 4007 ad
638 3932 842 4024 sinistram,
867 3952 965 4024 aqua
990 3931 1083 4025 dico,
1109 3953 1205 4005 conec
1224 3935 1378 4024 speccbio
1399 3954 1501 4023 anco,

329 4053 457 4147 supple
482 4052 610 4145 reddit,
634 4056 663 4125 ε’
675 4044 710 4125 io
734 4054 959 4141 mpuardovo
983 4055 1020 4123 ln
1046 4054 1101 4142 tei,
1126 4051 1227 4147 idest,
1245 4052 1275 4125 si
1301 4058 1338 4127 et
1355 4052 1502 4145 quando

330 4172 542 4248 deiiciebam
569 4173 721 4247 oculum
739 4173 777 4245 in
794 4172 909 4268 ipsam
936 4192 1085 4264 aquam.
1105 4173 1149 4245 Et
1168 4172 1289 4248 subdit
1314 4174 1502 4267 quomodo

330 4313 371 4367 se
396 4292 570 4387 disposuit
593 4292 641 4366 ad
667 4291 863 4367 videndum
883 4292 1098 4386 perfectius:
1117 4300 1154 4368 et
1174 4294 1252 4367 vult
1269 4293 1430 4368 breviter
1446 4293 1504 4367 di·

330 4432 417 4487 cere
443 4412 480 4485 in
504 4413 651 4506 ellectu,
677 4412 776 4506 quod
796 4412 884 4486 dum
909 4412 1237 4513 appropinquasset
1254 4413 1334 4507 plus
1350 4414 1396 4487 ad
1414 4434 1504 4488 can·

331 4531 479 4607 delabra
497 4532 657 4609 firmavit
672 4554 841 4629 gressum
859 4554 970 4605 sunm
992 4532 1038 4606 ad
1059 4532 1266 4609 videndum.
1285 4534 1375 4608 Dicit
1392 4556 1500 4631 erpo:

331 4654 424 4727 diedi
447 4660 556 4743 sostu,
577 4652 680 4746 idest,
707 4652 872 4746 requievi
897 4657 934 4726 et
959 4653 1132 4727 revocavi
1150 4653 1345 4749 incessum,
1359 4676 1427 4747 po
1443 4676 1504 4728 oc·

332 4778 397 4848 der
420 4776 559 4865 mepta,
585 4794 651 4868 per
680 4771 952 4868 proximitatem
986 4793 1032 4847 ea
1064 4795 1150 4887 qum
1181 4774 1344 4849 videram
1381 4776 1503 4851 miuus

396 5033 424 5098 (¹)
439 5033 465 5085 S.
482 5047 498 5083 e
515 5039 569 5093 117,
586 5034 686 5085 viderit.
872 5033 900 5095 (¹)
917 5038 971 5092 117.
987 5048 1088 5085 aarum.
