4342 6692
620 912 759 972 esurus
784 915 974 973 trossulus
999 917 1194 972 sncounus.
1446 905 1492 976 2¹1

323 1055 417 1150 ritis,
443 1075 528 1150 qum
551 1056 600 1132 ita
626 1057 813 1135 excessivo
837 1059 905 1133 luit
929 1059 967 1134 in
992 1060 1117 1154 Statio,
1139 1067 1181 1136 ut
1204 1061 1401 1160 aliquando
1426 1059 1493 1136 de·

323 1175 450 1252 liceret
473 1177 539 1252 sibi
566 1179 667 1272 panis
692 1199 780 1254 cum
805 1180 939 1256 eratin
958 1180 1086 1255 maiori
1108 1181 1435 1258 amoreettavore
1454 1181 1493 1264 in

322 1297 452 1390 Roma,
476 1297 571 1374 sicut
602 1299 725 1402 scribit
754 1299 948 1376 iuvenalis.
980 1301 1024 1377 Et
1055 1300 1113 1375 lric
1144 1307 1232 1376 nota
1262 1301 1361 1394 quod
1392 1307 1493 1376 recte

323 1417 404 1492 talis
428 1421 484 1494 est
508 1417 660 1494 elieclus
685 1418 956 1516 prodigalitatis,
981 1421 1068 1515 quia
1094 1419 1206 1501 trahit
1238 1421 1422 1497 homiuem
1454 1419 1492 1494 in

322 1538 447 1616 omnia
472 1539 767 1616 incommodaret
792 1541 972 1615 contrahit
999 1542 1167 1616 membra
1197 1539 1235 1616 io
1260 1540 1320 1616 vili
1346 1541 1492 1634 lectulo,

323 1659 420 1734 relat
445 1679 580 1755 corpus
606 1679 720 1754 parvo
745 1667 782 1736 et
807 1660 952 1738 sordido
977 1662 1183 1756 panniculo,
1209 1662 1328 1736 ventri
1354 1660 1493 1738 inducit

319 1781 459 1878 ieiunia
485 1782 595 1876 longo
620 1781 714 1874 odio,
741 1787 778 1856 et
802 1783 991 1858 stomacho
1009 1802 1129 1858 vocuo
1152 1782 1193 1857 lit
1216 1783 1315 1864 socio
1340 1781 1492 1856 humida

323 1901 439 1976 omes
463 1908 500 1976 et
524 1900 626 1976 arida
644 1900 737 1976 sitis:
764 1901 867 1975 illum
887 1902 1055 1995 sequitur
1071 1901 1231 1976 creditor
1250 1922 1398 1995 avarus,
1420 1901 1491 1977 im-

322 2027 502 2117 portunus
519 2029 683 2114 exactor,
710 2021 884 2117 repetitor
905 2021 1098 2117 prodigus3
1115 2023 1167 2097 sic
1192 2023 1232 2097 tit
1258 2022 1393 2098 misero
1415 2021 1490 2101 vitu

279 2157 281 2162 ·
321 2161 441 2237 poena,
470 2161 569 2216 mors
594 2141 775 2216 solatium.
801 2141 886 2216 ldeo
911 2141 996 2216 dicit
1021 2141 1168 2237 Statius,
1195 2141 1295 2236 quod
1319 2143 1366 2217 ad
1391 2141 1487 2216 istud

321 2280 497 2357 magnum
523 2261 652 2336 vitium
679 2267 804 2336 secuta
835 2268 890 2336 est
916 2262 1024 2358 longa
1054 2282 1182 2356 poena3
1215 2261 1315 2337 unde
1339 2261 1443 2335 dicit:
1470 2281 1491 2335 e

322 2384 488 2472 nuptura
520 2385 558 2456 di
587 2375 719 2473 lucau,
750 2381 852 2476 idest,
885 2383 999 2457 multa
1034 2382 1146 2457 millia
1178 2383 1371 2475 mensium,
1402 2401 1489 2454 nam

321 2522 440 2577 annus
464 2502 603 2576 lunaris
628 2508 684 2574 est
716 2494 863 2594 unus(¹)
897 2502 1043 2595 mensis,
1068 2510 1107 2578 et
1138 2501 1255 2576 utitur
1286 2501 1348 2578 tali
1379 2500 1491 2576 modo

322 2621 504 2715 loquendi,
533 2627 573 2694 ut
597 2641 706 2716 poena
730 2621 897 2696 rideatur
918 2621 1079 2717 longior3
1097 2624 1216 2694 duurw
1228 2625 1352 2714 perdta
1371 2628 1490 2713 queo

321 2743 523 2832 dmuuuro,
548 2741 694 2833 scilicet,
720 2741 1140 2836 prodigalitatem-E,
1160 2764 1207 2815 re.
1225 2743 1329 2816 Nunc
1353 2741 1490 2816 Statius

320 2861 490 2936 describit
514 2881 620 2935 suam
639 2861 931 2936 emendationem
953 2863 1000 2938 ub
1018 2862 1085 2937 isto
1104 2863 1209 2954 vitio;
1229 2867 1267 2936 et
1282 2859 1368 2935 dicit
1388 2859 1487 2953 quod

321 3002 438 3056 uuum
464 2981 601 3055 dictum
627 2979 864 3077 virgilianum
893 2982 1045 3056 retraxit
1074 3002 1173 3056 euru.
1207 2981 1252 3056 Et
1285 2980 1331 3054 ad
1357 2978 1488 3056 intelli-

320 3101 480 3199 gentiam
507 3101 610 3174 istius
636 3100 750 3176 literae
777 3108 861 3176 uota
888 3101 985 3195 quod
1012 3101 1182 3200 Virgilius
1199 3100 1306 3174 tertio
1323 3098 1488 3191 eooldus,

319 3242 406 3298 cum
432 3219 678 3316 descripsisset
703 3220 890 3296 crudelem
915 3221 1106 3296 avaritiam
1129 3217 1423 3316 Polymnestoris,
1439 3217 1488 3292 de

319 3363 394 3437 qua
419 3342 557 3416 dictum
588 3348 644 3415 est
667 3361 781 3434 supra
805 3340 963 3436 capitulo
993 3340 1072 3433 XX,
1103 3337 1321 3414 exclamavit
1336 3328 1372 3429 (¹)
1400 3356 1487 3410 cum

319 3461 583 3558 indignatione:
606 3465 690 3554 quid
713 3483 785 3536 arou
810 3463 977 3536 ctortulis
990 3467 1136 3552 pectore
1151 3460 1246 3550 copis
1267 3462 1357 3532 Auri
1380 3477 1489 3531 semo

316 3587 457 3676 sumes?
482 3583 586 3677 quasi
612 3582 718 3676 dicat,
737 3581 835 3675 quod
860 3580 1035 3676 cupiditas
1060 3580 1142 3654 auri
1167 3579 1351 3673 oompellit
1375 3578 1487 3653 eorda

319 3702 510 3778 lrominuui
536 3701 582 3774 ad
607 3700 730 3776 omnia
749 3720 882 3798 magna
900 3700 1014 3792 male3
1033 3704 1156 3774 tamen
1180 3699 1239 3774 lric
1257 3698 1393 3774 Statius
1410 3698 1486 3772 lar-

319 3820 401 3918 gius
425 3821 687 3916 interpretatur
712 3819 807 3894 istud
836 3819 986 3914 dictum,
1012 3826 1049 3894 et
1073 3819 1159 3893 dicit
1192 3818 1292 3912 quod
1316 3817 1488 3915 Virgilius

319 3942 442 4037 arguit
467 3939 786 4035 intemperantiam
812 3939 1021 4014 divitiarum
1047 3945 1122 4014 tam
1155 3938 1191 4011 in
1223 3937 1343 4012 dando
1372 3957 1485 4031 quam

319 4061 355 4136 in
382 4062 581 4137 retinendo.
599 4061 733 4137 Ordine
759 4081 856 4135 nunc
882 4059 1025 4136 literam
1051 4059 1122 4134 sic:
1140 4064 1173 4132 Ε
1194 4062 1333 4132 condrei
1356 4061 1387 4130 le
1410 4061 1488 4148 pto-

318 4190 389 4256 stre
407 4203 543 4275 pomo,
562 4204 655 4277 quas
672 4181 808 4257 iaciunt
825 4179 965 4277 prodigi
990 4185 1027 4254 et
1048 4179 1150 4257 avari
1176 4177 1214 4252 in
1238 4177 1392 4269 interno,
1410 4180 1488 4250 vot·

318 4306 439 4394 modu,
463 4303 511 4378 ad
535 4309 713 4399 puuctum
731 4301 880 4394 circuli,
908 4299 1012 4393 quasi
1037 4299 1151 4374 dicut:
1177 4317 1248 4394 ego
1273 4315 1392 4372 essem
1417 4297 1484 4371 da·

318 4431 476 4517 mnatus,
503 4425 589 4517 quia
607 4441 898 4518 perseverassem
926 4439 1073 4514 semper
1097 4413 1134 4493 iu
1160 4416 1421 4513 prodigalitate,
1445 4437 1484 4490 se

315 4565 387 4618 unu
402 4549 495 4638 fosse
514 4547 609 4617 olt'io
626 4545 768 4618 dmzzoi
792 4545 864 4616 mia
888 4561 989 4632 euru,
1012 4560 1124 4636 super
1140 4538 1209 4613 isto
1227 4537 1324 4631 vitio,
1342 4539 1486 4629 emutio

314 4668 414 4740 eresi
425 4655 462 4738 ld
474 4667 562 4738 done
575 4673 610 4738 tu
624 4667 761 4754 emund,
774 4661 882 4737 tertio
895 4661 1060 4756 Eneidos,
1074 4661 1176 4752 quad
1187 4661 1372 4748 emmae,
1382 4656 1485 4750 idest,

315 4784 533 4881 indignatus,
559 4787 618 4858 ull’
631 4804 763 4857 emuna
787 4789 930 4871 neutro,
951 4780 1094 4856 dicens:
1120 4801 1143 4853 o
1166 4799 1275 4852 soora
1291 4781 1387 4872 some
1411 4779 1488 4852 del·

1291 4911 1486 4926 ...--·——-

380 4969 407 5030 1¹)
424 4974 479 5029 tlt,
496 4971 572 5020 unlus
587 4971 692 5021 mentm.

381 5042 409 5108 (¹)
426 5045 457 5096 li.
472 5045 599 5096 exclamat
615 5059 676 5094 eum
692 5043 876 5108 indignatione,
893 5043 991 5094 disson
1007 5042 1070 5106 grotti
1084 5055 1145 5095 m.
