4342 6692
614 947 753 1003 cuncus
777 948 993 1003 rmeusmus
1017 947 1212 1004 secuunus.
1428 939 1498 1006 263

331 1094 389 1168 lus
413 1099 634 1189 sequeretur
658 1091 823 1187 effectus,
843 1099 886 1167 ut
902 1091 1036 1167 dicitur
1059 1093 1218 1168 Paradisi
1239 1095 1397 1190 capitulo
1414 1095 1502 1190 XX3

186 1256 192 1264 ·
331 1213 431 1289 uude
456 1214 596 1289 subdit:
622 1237 642 1288 c
666 1215 771 1287 luna
794 1236 814 1286 c
837 1215 860 1287 Γ
872 1216 969 1287 elta
984 1220 1090 1288 ructo
1102 1217 1212 1308 danne
1230 1217 1420 1308 ricopcrto,
1444 1215 1505 1291 illa

332 1334 428 1430 dote,
442 1357 461 1408 e
475 1338 505 1409 tt
517 1343 618 1427 crau,
635 1334 744 1408 simul
761 1353 848 1408 cum
867 1333 955 1408 rotis
972 1334 1039 1409 tuit
1057 1341 1305 1431 recoopertus,
1325 1336 1431 1430 quasi
1448 1335 1504 1410 di-

332 1461 411 1531 eat:
436 1460 513 1529 teta
538 1454 691 1529 eeclesia
719 1454 939 1549 locupletata
969 1460 1035 1550 est,
1060 1459 1100 1528 in
1133 1463 1242 1547 tanto,
1267 1455 1370 1550 idest,
1396 1455 1504 1531 valde

333 1575 520 1650 modicum
538 1594 626 1649 cum
643 1573 702 1649 illa
720 1573 816 1649 buna
833 1573 1046 1670 intentione,
1058 1577 1119 1648 cbc
1134 1571 1196 1668 pot
1216 1579 1302 1650 tiene
1321 1596 1369 1648 un
1389 1579 1507 1668 sorpir

334 1695 493 1770 tabesco
517 1700 654 1788 aperto,
678 1693 782 1788 quasi
799 1693 913 1768 dicat:
932 1714 1047 1789 parvo
1067 1703 1266 1770 momento.
1281 1701 1372 1769 -Ε
1387 1703 1507 1769 baus-

332 1819 499 1908 sormeto.
525 1813 591 1889 llic
615 1819 723 1910 pocta
749 1813 920 1890 describit
944 1814 1014 1888 sub
1038 1813 1189 1888 terribili
1217 1814 1336 1911 ligura
1363 1816 1502 1910 malum

334 1933 507 2010 effectum
533 1934 645 2008 buius
669 1933 874 2027 dotationis,
905 1934 991 2028 quia
1021 1953 1156 2009 currus
1180 1936 1298 2010 tactus
1324 1943 1379 2011 est
1405 1937 1506 2011 velut

334 2055 471 2130 animal
497 2061 773 2129 monstruosum
791 2054 930 2130 babens
950 2055 1067 2130 multa
1085 2054 1202 2150 capita
1220 2063 1258 2130 et
1275 2076 1432 2152 cornua3
1449 2057 1505 2131 di·

335 2176 385 2251 cit
397 2165 488 2273 crgo
502 2199 512 2249 ε
526 2179 596 2249 Eil
610 2178 725 2268 ditae
742 2182 858 2266 raom,
873 2174 976 2269 idest,
994 2195 1128 2251 currus
1146 2176 1343 2252 fabricatus
1356 2184 1409 2252 tot
1422 2199 1508 2252 san·

335 2304 479 2372 ctorum
508 2296 678 2371 manibus
703 2296 967 2391 prophetarum
986 2304 1024 2371 ct
1040 2297 1362 2394 evangelistarum,
1388 2305 1509 2371 bans-

331 2402 490 2510 snrmato
515 2409 598 2507 cosi,
624 2415 710 2511 quia
730 2436 775 2491 er
794 2435 959 2510 paupere
974 2416 1102 2491 babitu
1128 2416 1165 2490 in
1190 2416 1337 2491 divitem
1365 2419 1508 2491 cultum

334 2539 419 2612 misc
439 2541 526 2632 staur
550 2544 643 2628 teste,
664 2536 766 2630 idest,
783 2542 923 2631 septem
944 2543 1093 2631 peccata
1119 2537 1287 2612 mortalia
1314 2557 1398 2632 quae
1424 2539 1507 2634 pul-

335 2657 455 2732 lulare
480 2663 673 2752 coeperuut
698 2655 735 2730 in
761 2656 912 2731 ecclesia
936 2662 1125 2732 crescente
1149 2655 1244 2751 dote,
1266 2679 1334 2750 per
1360 2661 1510 2752 teperti

336 2797 418 2871 suc5
444 2783 482 2852 et
506 2796 605 2869 ecce,
632 2783 685 2850 tre
708 2797 818 2869 sopra
837 2779 863 2850 ’l
886 2784 987 2868 mmo,
1006 2775 1109 2870 idest,
1131 2776 1387 2872 principalibus
1411 2799 1507 2873 prae·

336 2897 418 2972 latis
449 2897 661 2994 regentibus
691 2917 866 2972 currum:
897 2897 1079 2972 istasunt
1111 2897 1180 2972 tria
1209 2897 1295 2973 vitia
1321 2899 1446 2993 peiora
1472 2904 1509 2973 et

337 3005 454 3115 magis
479 3017 689 3113 spiritualia,
710 3017 855 3110 scilicet,
876 3017 1058 3112 superbia,
1077 3016 1210 3092 invidia
1238 3026 1275 3092 et
1300 3019 1368 3111 ira,
1388 3025 1422 3092 ct
1435 3039 1510 3092 una

336 3140 375 3212 in
398 3140 539 3212 absum
562 3143 679 3228 cacto,
703 3135 807 3230 idest,
833 3137 932 3230 qued
958 3142 1118 3231 quatuor
1148 3143 1254 3212 crant
1279 3137 1316 3211 in
1347 3144 1509 3232 quatuor

336 3258 480 3356 emulis
500 3276 645 3349 currus,
662 3255 765 3350 idest,
783 3255 821 3329 iu
837 3255 915 3330 aliis
931 3255 1090 3351 praelatis
1110 3255 1320 3331 sedentibus
1337 3257 1373 3330 in
1392 3277 1509 3332 curru

335 3399 403 3477 per
415 3384 533 3454 totum
551 3398 573 3452 a
591 3382 754 3472 quatuor
769 3375 885 3473 plagis
902 3375 1050 3470 mundi3
1068 3381 1105 3451 et
1122 3377 1189 3450 ista
1208 3384 1314 3451 erant
1330 3377 1400 3451 alia
1414 3397 1509 3471 qua-

336 3507 423 3575 tuor
448 3498 535 3573 vitia
561 3497 703 3572 minora
734 3502 770 3572 ct
800 3496 917 3593 magis
948 3497 1164 3591 corporalia,
1190 3496 1326 3572 scilicet
1359 3496 1508 3593 accidia,

336 3617 503 3714 avaritia,
528 3616 677 3691 luxuria
703 3623 740 3691 et
764 3617 869 3714 gula,
896 3623 933 3691 et
958 3618 1028 3692 boc
1052 3616 1182 3691 ordine
1206 3617 1378 3713 purgavit
1401 3625 1509 3712 pocta

337 3739 405 3814 ista
435 3743 575 3834 septem
605 3737 692 3812 vitia
725 3735 820 3812 sicut
852 3736 971 3831 patuit
1012 3756 1079 3831 per
1109 3740 1228 3832 totum
1255 3755 1387 3811 verum
1419 3759 1511 3833 pur·

338 3859 535 3957 garonam.
568 3859 613 3932 Et
641 3857 828 3955 distinguit
857 3857 951 3933 dicta
986 3861 1134 3953 peccata
1164 3856 1331 3953 capitalia
1365 3879 1431 3953 per
1460 3859 1510 3932 si·

338 4001 467 4076 gnum,
493 3978 637 4054 dicens:
663 3981 844 4071 teprimc,
869 3976 1016 4070 scilicet,
1036 3982 1123 4070 tres,
1140 3997 1229 4049 erno
1254 3985 1394 4051 cornute
1413 3999 1509 4052 come

339 4101 415 4192 bac,
450 4099 536 4194 quia
561 4099 746 4175 habebant
770 4097 845 4172 duo
879 4096 998 4192 capita
1031 4095 1196 4171 ferientia
1231 4097 1325 4172 sicut
1340 4089 1377 4190 (¹)
1407 4098 1510 4174 bovis

339 4219 516 4314 indomiti,
547 4219 634 4314 quia
666 4217 804 4294 iaciunt
828 4217 920 4292 duas
949 4214 1117 4312 offensas,
1147 4215 1293 4312 scilicet,
1324 4218 1360 4292 in
1391 4219 1509 4294 Deum

340 4345 378 4415 et
402 4340 439 4414 iu
464 4323 696 4434 proximum3
722 4357 783 4410 mc
807 4339 838 4410 le
862 4341 1002 4429 petro
1018 4356 1133 4408 amca
1155 4357 1222 4429 per
1243 4338 1362 4430 [roatc
1386 4357 1434 4410 un
1458 4340 1513 4411 sol

333 4466 463 4552 'corum
493 4459 578 4553 quia
606 4458 743 4533 iaciunt
768 4457 885 4554 magis
910 4453 1087 4530 offensam
1119 4456 1155 4530 iu
1186 4457 1304 4531 baum
1331 4479 1443 4551 quam
1475 4457 1512 4532 iu

339 4579 563 4676 proximum,
580 4577 664 4654 licet
680 4577 804 4652 omnia
821 4574 1006 4652 offendant
1023 4582 1236 4671 utrumque.
1256 4577 1299 4652 Et
1315 4577 1409 4653 sicut
1427 4583 1511 4653 nata

340 4708 426 4775 sunt
441 4706 582 4795 septem
600 4699 729 4794 capita,
747 4697 796 4772 ita
818 4697 942 4795 iugata
959 4702 1045 4771 sunt
1061 4694 1201 4792 septem
1221 4697 1366 4774 lumina¹
1381 4701 1429 4774 ab
1449 4721 1511 4775 ec-

340 4821 450 4898 clesia
469 4819 552 4913 liei,
578 4817 662 4893 ideo
686 4817 887 4893 concludit:
906 4819 1023 4892 Simile
1039 4825 1171 4892 mestre
1188 4822 1227 4892 in
1243 4822 1332 4892 orote
1349 4823 1420 4893 mai
1436 4841 1508 4895 oon

407 5097 436 5161 (⁸)
452 5098 506 5158 11⁷,
522 5109 597 5148 more
613 5095 693 5149 boris.
