4342 6692
757 935 897 994 murus
921 935 1067 992 amaus,
1431 929 1502 998 423

326 1077 430 1175 idest,
455 1089 493 1156 et
517 1082 577 1158 illc
602 1082 666 1176 qui
692 1082 816 1158 obviat
836 1082 904 1158 sibi
927 1082 1022 1158 sicut
1047 1082 1186 1158 iaciunt
1204 1083 1365 1180 guelpbi.
1383 1086 1427 1161 Et
1444 1087 1503 1162 bic

326 1210 413 1278 nota
439 1205 539 1299 quod
563 1204 697 1278 Dantcs
714 1204 751 1278 iu
768 1209 844 1278 tota
864 1203 931 1278 ista
949 1211 1055 1298 parte
1074 1203 1228 1278 intendit
1248 1205 1369 1280 solum
1387 1228 1502 1282 unam

327 1324 613 1418 conclusionem,
639 1323 774 1432 scilicet
798 1323 897 1418 quod
925 1343 1124 1399 romanum
1154 1325 1353 1420 imperium
1377 1348 1400 1402 a
1424 1327 1501 1403 Deo

328 1442 439 1518 babet
464 1444 710 1519 universalem
736 1443 1043 1540 gubernationem
1064 1445 1174 1519 orbis.
1195 1445 1300 1521 Unde
1323 1447 1501 1542 Iosephus

329 1563 433 1638 dicit:
460 1571 561 1640 corte
585 1565 664 1639 sinc
679 1565 756 1640 Deo
773 1564 993 1660 impossibile
1014 1572 1069 1639 est
1085 1567 1159 1641 tale
1179 1566 1375 1662 imperium
1395 1588 1501 1662 possa

329 1685 529 1761 consistere
544 1679 594 1779 (⁴),
613 1684 704 1760 idest
725 1684 905 1779 mundus3
924 1707 1010 1761 nam
1029 1691 1071 1760 ut
1089 1686 1206 1762 voluit
1224 1688 1336 1784 Plato,
1351 1695 1406 1763 est
1421 1688 1502 1762 ani·

331 1805 405 1879 mal
432 1825 627 1912 magnum:
654 1806 765 1880 modo
792 1806 889 1881 sicut
913 1805 1050 1880 animal
1082 1807 1220 1880 babens
1251 1808 1359 1901 plura
1384 1809 1502 1904 capita

329 1930 385 2001 est
411 1930 687 2001 monstruosum
715 1946 783 2001 nec
808 1925 896 2001 vivit
920 1933 987 2000 aut
1010 1926 1131 2018 durat,
1155 1925 1206 2000 ita
1230 1927 1277 2001 ad
1302 1926 1397 2003 bene
1421 1948 1503 2004 csse

329 2045 397 2120 tuit
413 2045 635 2131 conveniens
653 2045 833 2121 muudum
851 2045 990 2121 babere
1006 2067 1126 2120 unum
1140 2052 1262 2141 ceput,
1276 2047 1368 2122 idest
1384 2069 1501 2122 uuum

329 2166 589 2240 monarcham:
617 2165 697 2240 talis
726 2172 853 2241 autem
884 2165 952 2238 luit
984 2167 1162 2241 romanus
1188 2166 1379 2262 princeps3
1405 2166 1503 2242 uude

329 2287 452 2361 nullus
475 2285 570 2361 alius
590 2285 708 2380 potuit
728 2286 910 2382 attingere
929 2286 1026 2361 istud
1047 2287 1244 2362 bravium:
1264 2286 1348 2362 ideo
1367 2287 1504 2361 Plinius

328 2407 366 2481 in
400 2406 757 2482 commendationem
792 2407 919 2482 llomae
950 2407 1046 2501 dicit,
1072 2409 1173 2502 quod
1206 2408 1291 2484 lecit
1322 2406 1502 2481 muudum

329 2527 469 2602 bonum
496 2532 533 2602 at
557 2526 681 2602 docuit
706 2527 873 2602 homines
903 2528 1038 2604 vivere.
1052 2567 1103 2582 -
1123 2533 1213 2604 Vcdt
1243 2529 1308 2604 llic
1332 2527 1505 2602 iustinia-

330 2668 401 2722 uus
417 2647 564 2722 inchoat
580 2667 794 2741 processum
812 2647 1076 2722 miraculosum
1094 2647 1246 2741 aquilae3
1260 2654 1298 2722 et
1311 2648 1429 2742 primo
1446 2647 1504 2720 in·

330 2765 462 2861 cipite
486 2765 606 2860 prima
633 2765 783 2842 victoria
809 2786 922 2861 quam
949 2767 1076 2840 babuit
1101 2766 1139 2840 in
1170 2767 1271 2841 ltalia
1296 2767 1366 2841 sub
1391 2768 1502 2841 Euea.

329 2885 384 2961 Ad
409 2885 509 2980 quod
535 2893 590 2961 est
615 2885 776 2962 breviter
802 2885 1055 2982 repetendum,
1080 2887 1180 2980 quod
1211 2888 1329 2962 Encas
1354 2887 1504 2962 veniens

329 3006 368 3080 in
393 3005 531 3080 ltaliam
559 3005 714 3080 obtinuit
738 3005 926 3080 Lavinium
953 3005 1065 3080 liliam
1086 3006 1202 3080 Latini
1223 3007 1321 3103 regis
1346 3007 1383 3080 in
1409 3027 1504 3082 uxo-

332 3145 412 3202 rem
437 3132 587 3221 propter
611 3126 667 3200 sui
693 3125 931 3220 nobilitatem,
957 3118 1125 3222 quamdi
1151 3126 1253 3221 prius
1272 3127 1420 3202 Turnus
1437 3147 1503 3202 rex

330 3247 556 3321 Rutulorum
570 3247 717 3341 juvenis
734 3246 1010 3321 ardentissimus
1027 3247 1176 3342 optabat
1193 3255 1231 3322 ct
1250 3248 1421 3342 sperabat
1437 3249 1505 3322 ba·

331 3369 422 3444 bere
446 3373 595 3463 propter
620 3367 701 3442 eius
725 3366 896 3442 decorem
923 3373 961 3443 et
986 3367 1254 3443 successionem
1274 3369 1396 3464 regni:
1414 3390 1503 3464 pro-

330 3493 412 3586 pter
437 3487 536 3583 quod
561 3495 644 3563 orto
670 3507 806 3583 magno
830 3487 928 3562 bello
945 3488 1061 3562 Encas
1081 3487 1179 3562 inter
1203 3487 1293 3563 alios
1318 3489 1504 3563 adiutores

332 3609 458 3684 babuit
485 3607 684 3682 Pallantem
707 3607 886 3702 juvenem
903 3611 1055 3682 staturae
1070 3607 1253 3704 gigantem
1273 3606 1389 3681 lilium
1407 3608 1505 3705 regis

331 3726 501 3820 Evandri,
527 3726 591 3821 qui
621 3726 799 3822 regnabat
824 3726 861 3798 in
891 3732 1017 3802 moute
1045 3727 1220 3822 Palatino,
1247 3727 1353 3801 cuius
1385 3733 1505 3803 mater

331 3848 536 3926 Carmentis
556 3848 674 3944 prima
693 3846 841 3941 reperiit
860 3846 985 3922 literas
1010 3847 1151 3921 latinas.
1172 3848 1290 3922 Pallas
1316 3856 1397 3942 post
1421 3849 1505 3922 vul-

332 3990 423 4046 nera
448 3975 486 4044 et
510 3975 649 4043 mortes
675 3968 879 4040 multorum
906 3966 1083 4041 nobilium
1108 3967 1255 4044 undem
1282 3968 1425 4043 occisus
1449 3974 1504 4042 est

332 4108 445 4164 manu
472 4088 597 4162 Turni.
624 4087 695 4162 Sed
720 4086 837 4162 Encas
857 4085 974 4162 victor
991 4085 1111 4161 occiso
1128 4086 1253 4161 Turno
1270 4087 1428 4163 obtinuit
1444 4109 1505 4163 re-

332 4229 448 4307 guum
467 4207 679 4302 latinorum,
696 4227 771 4300 quo
788 4212 940 4281 mortuo
956 4205 1134 4281 Ascanius
1151 4204 1247 4281 lilius
1272 4207 1352 4282 eius
1378 4207 1504 4282 relicto

334 4351 449 4426 reguo
473 4348 644 4404 noverca
668 4327 827 4404 condidit
851 4327 995 4421 Albam,
1015 4327 1076 4401 ubi
1095 4335 1347 4424 regnaverunt
1362 4328 1506 4402 duode-

332 4451 403 4526 cim
431 4469 539 4546 reges
564 4448 684 4524 albani
711 4449 904 4543 usquead
928 4449 1141 4523 Romulum.
1159 4447 1213 4522 tu
1236 4447 1380 4523 literam
1401 4467 1505 4544 ergo,

331 4570 555 4645 lastinianus
589 4567 780 4643 exorditur
809 4567 855 4642 ad
886 4566 1049 4662 dicenda,
1078 4567 1221 4643 dicens:
1262 4570 1344 4641 Vedi
1375 4573 1506 4659 panta

331 4687 423 4768 aaa
448 4691 527 4764 t'tc
549 4693 638 4783 fatto
664 4691 779 4780 mgna
796 4690 834 4762 da·
849 4709 1058 4778 recursura,
1080 4687 1169 4782 quia
1186 4683 1304 4763 bonor
1329 4693 1385 4762 est
1401 4687 1506 4761 exbi-

331 4811 421 4888 bitio
439 4809 655 4886 reverentiae
681 4807 718 4882 in
744 4806 994 4883 testimonium
1015 4805 1170 4903 virtutis,
1191 4831 1211 4881 e
1233 4799 1414 4901 οοηιίηᾱὸ,
1433 4807 1506 4881 sci-

395 5073 423 5134 (¹)
438 5073 469 5124 E
485 5072 639 5124 conrbtcrez
655 5072 769 5124 mundns
783 5071 863 5131 anim,
878 5075 908 5121 ot
924 5070 1014 5123 voluit.
1123 5068 1153 5134 (¹)
1168 5069 1201 5121 E.
1216 5083 1297 5134 quam
1312 5070 1394 5122 illlam
1409 5072 1489 5135 prlua.
