4342 6692
481 951 484 956 >
635 926 775 983 caurus
798 928 990 985 moasrnus
1014 928 1184 985 oestrus.
1427 920 1493 991 171

326 1071 442 1148 rabile
467 1072 718 1169 spectaculum
743 1078 825 1148 erat
849 1073 975 1149 videre
999 1075 1174 1149 latentem
1199 1096 1313 1171 parvo
1339 1078 1496 1175 navigio,

325 1212 438 1287 quam
463 1193 574 1288 paulo
589 1198 676 1267 ante
692 1191 754 1267 rix
770 1213 882 1269 omne
898 1214 1004 1269 mare
1021 1194 1188 1291 capiebat
1205 1203 1242 1270 et
1258 1197 1377 1270 omnis
1395 1206 1496 1275 terra

324 1312 526 1409 tremebam
551 1313 615 1388 sed
640 1312 703 1408 qui
728 1312 923 1389 ridebatur
947 1315 1093 1390 calcare
1118 1316 1236 1391 sidera
1261 1317 1363 1393 velut
1380 1319 1495 1414 lepus,

325 1434 428 1509 velut
439 1426 478 1527 (¹)
514 1454 598 1508 mus
630 1433 794 1529 pavidus,
829 1434 947 1509 rictus
980 1434 1153 1511 vilissime
1186 1442 1285 1512 terra
1321 1444 1358 1513 et
1391 1440 1495 1535 mari,

325 1573 440 1649 parva
466 1556 599 1651 scapha
624 1555 703 1629 sine
726 1554 879 1629 minimo
909 1576 1029 1650 servo,
1055 1556 1186 1632 redivit
1219 1557 1256 1632 in
1280 1558 1416 1656 Asiam,
1443 1561 1497 1635 di·

325 1694 451 1769 spersa
476 1674 711 1750 multitudine
735 1674 908 1769 inaudita,
926 1682 1038 1770 prout
1053 1675 1196 1751 dicetur
1216 1677 1358 1773 plenius
1383 1680 1496 1755 Para-

325 1794 391 1869 disi
418 1794 577 1892 capitulo
601 1794 698 1889 lllll;
722 1814 796 1868 aon
819 1800 965 1887 suffore
980 1790 1043 1887 ptd
1064 1798 1145 1869 odio
1171 1798 1220 1869 da
1245 1801 1408 1873 mando
1429 1822 1497 1893 per

324 1922 546 2010 morcppcbr,
572 1917 673 2012 idest,
700 1918 880 1992 lluctuare
905 1916 1058 2010 fortiter,
1077 1920 1175 1990 intra
1200 1922 1295 1993 Sesto
1320 1926 1354 1992 et
1367 1922 1492 2015 Abtdo,

324 2036 416 2113 duas
431 2036 701 2133 antiquissimas
713 2036 888 2131 civitates,
901 2036 947 2110 de
960 2035 1095 2130 quibus
1110 2036 1148 2110 lit
1165 2037 1339 2132 frequens
1356 2040 1494 2115 mentio

323 2158 422 2253 apud
448 2177 577 2233 omnes
601 2164 761 2233 autores.
789 2154 894 2230 Unde
922 2161 961 2230 et
989 2156 1112 2229 Livius
1142 2156 1255 2231 refert
1288 2159 1495 2253 miserabile

323 2278 464 2354 lacinus
482 2278 528 2353 de
544 2277 729 2375 abydenis,
743 2276 808 2372 qui
824 2297 872 2351 ex
888 2275 1142 2371 desperatione
1159 2297 1226 2371 pro
1244 2278 1411 2354 libertate
1429 2302 1496 2356 sua

325 2398 604 2473 trucidaverunt
627 2417 669 2472 se
693 2396 862 2490 invicem,
889 2416 936 2470 ne
960 2388 1179 2489 venirentff)
1200 2397 1237 2471 in
1260 2419 1391 2473 manus
1411 2398 1496 2474 Plri-

323 2516 407 2612 lippi
433 2516 531 2613 regis
556 2515 814 2609 macedonum,
835 2515 898 2609 qui
918 2514 1057 2589 bellum
1077 2516 1232 2611 gerebat
1256 2537 1344 2592 cuna
1371 2540 1496 2594 roma·

323 2638 402 2734 nis3
428 2640 489 2711 clte
511 2640 602 2731 puel,
628 2635 773 2730 scilicet,
800 2636 939 2710 llumeu
963 2635 1165 2730 Letbaeum,
1196 2640 1245 2711 du
1270 2658 1335 2731 nte,
1361 2640 1495 2713 substi-

324 2758 406 2832 nuit
430 2758 567 2851 odium,
581 2752 710 2850 percle*
731 2758 825 2831 altor
848 2776 921 2829 non
944 2758 1123 2849 superse,
1148 2755 1194 2831 ad
1220 2757 1376 2833 dandam
1405 2759 1492 2833 mibi

218 2912 223 2916 ·
323 2878 434 2953 riam.
460 2878 505 2951 Et
529 2877 587 2951 bic
613 2882 699 2950 nota
724 2896 837 2970 quam
862 2875 958 2951 bene
982 2876 1208 2971 comparatio
1230 2877 1313 2952 lacit
1338 2877 1384 2953 ad
1409 2899 1495 2973 pro-

323 2998 495 3095 positum,
521 2997 551 3071 si
576 2996 783 3071 consideres
807 2995 969 3093 singulas
993 3002 1116 3090 partes
1141 2996 1221 3071 eius
1246 2998 1492 3093 comparando

323 3117 531 3194 Leandrum
558 3115 676 3210 Danti,
696 3116 794 3191 llerb
810 3115 980 3209 llatbildi,
998 3116 1166 3191 strictum
1184 3138 1288 3193 mare
1305 3119 1391 3192 huic
1411 3119 1495 3192 stri·

323 3246 383 3315 cto
408 3237 561 3330 llumini,
587 3256 757 3311 amoram
782 3235 939 3310 Leandri
962 3236 1009 3310 ad
1033 3236 1221 3311 dominam
1247 3258 1365 3333 suam,
1389 3260 1495 3313 amo·

325 3380 406 3434 rem
423 3356 548 3432 llantis
572 3356 619 3461 ad
644 3355 831 3430 dominam
852 3355 971 3449 istam,
989 3354 1115 3430 odium
1135 3358 1290 3432 Leandri
1311 3358 1356 3433 ad
1378 3380 1493 3454 mare,

323 3479 450 3555 odium
462 3477 587 3552 llantis
599 3476 644 3551 ad
659 3477 815 3569 tlumen3
833 3476 896 3551 sed
913 3476 1047 3551 Dantes
1064 3476 1131 3551 suit
1148 3478 1362 3573 prudentior
1375 3482 1492 3556 Lean-

322 3600 402 3694 dlo,
429 3598 516 3694 quia
547 3618 621 3673 non
646 3596 777 3673 deiecit
801 3616 841 3671 se
864 3596 912 3671 ad
936 3618 1074 3691 aquam
1105 3598 1200 3672 sicut
1225 3598 1296 3694 ille,
1323 3599 1398 3674 imo
1429 3620 1495 3676 ex·-

324 3719 482 3817 pectarit
508 3738 701 3813 usquequo
726 3716 903 3791 llatbildis
928 3717 1092 3791 traberet
1121 3738 1208 3792 eum
1234 3717 1280 3793 ad
1305 3719 1414 3795 aliam
1443 3720 1494 3794 ri-

323 3860 420 3935 pam.
435 3878 485 3893 -
503 3841 574 3911 Vbi.
601 3837 667 3911 llic
691 3842 798 3932 poeta
822 3834 923 3931 ponit
939 3835 1144 3911 orationem
1169 3837 1345 3913 llatbildis
1370 3840 1417 3914 ad
1442 3862 1493 3934 se,

325 3980 410 4055 quae
434 3958 595 4035 exclurbt
618 3957 898 4033 admirationem
928 3956 976 4029 ab
1004 3956 1129 4030 animo
1158 3962 1351 4052 poetarum
1378 3981 1491 4053 quam

323 4080 543 4154 ridebantur
567 4077 793 4154 contraxisse
817 4096 862 4150 ex
881 4074 962 4149 eius
980 4074 1068 4168 risu,
1086 4081 1196 4150 cantu
1223 4082 1260 4151 et
1284 4076 1429 4173 gaudio.
1447 4080 1512 4188 llt'

325 4198 472 4273 ridetur
496 4196 758 4273 sententialiter
771 4185 808 4289 (⁹)
835 4194 978 4269 dicere:
1005 4216 1078 4269 aon
1103 4194 1240 4270 debetis
1265 4195 1312 4271 de
1337 4198 1407 4272 boo
1425 4191 1512 4272 mi·’

325 4319 412 4413 rari,
438 4319 524 4414 quia
551 4339 633 4393 maa
658 4316 850 4393 delectatio
876 4337 949 4391 non
975 4315 1138 4411 procedit
1167 4336 1190 4390 a
1216 4316 1376 4392 vanitate
1400 4318 1519 4412 sicut,

324 4438 362 4512 in
386 4438 603 4513 mulieribus
628 4436 835 4513 viventibus
852 4435 1026 4510 amoratis
1042 4434 1080 4508 in
1098 4434 1238 4509 mundo
1257 4437 1411 4533 mortali,
1429 4438 1492 4515 sed

323 4559 372 4632 ab
395 4559 602 4652 honestate3
628 4558 746 4633 virtus
771 4556 870 4631 enim
895 4576 970 4630 non
994 4557 1115 4630 solum
1141 4561 1196 4631 est
1220 4556 1360 4631 bonum
1379 4560 1495 4632 bone·
1521 4558 1523 4574 '

324 4685 435 4772 uum,
461 4677 525 4752 sed
550 4678 660 4752 etiam
688 4678 776 4752 utile
801 4682 839 4751 et
862 4676 1075 4751 delectabile
1100 4676 1258 4752 babenti.
1286 4677 1378 4753 uicit
1403 4698 1492 4774 ergo

182 4794 188 4802 ’
324 4806 451 4896 poeta:
478 4801 570 4890 Ello,
594 4798 741 4892 scilicet,
762 4796 909 4872 domina
934 4803 1011 4871 tam
1036 4797 1130 4891 laeta,
1148 4789 1328 4891 oomtncid,
1346 4797 1492 4891 scilicet,

388 4984 415 5048 (¹)
433 4988 487 5044 ¹1⁷,
504 4985 545 5035 vel
562 4998 621 5034 mus
637 4985 752 5048 pavidus.
876 4982 902 5046 (¹)
919 4984 949 5051 E,
966 4997 999 5033 no
1015 4984 1132 5035 venirent
1148 4984 1196 5034 sub
1212 4982 1330 5047 Philippo
1346 4995 1416 5047 rege.

386 5062 415 5125 (Ἰ
431 5062 458 5113 S.
474 5074 490 5113 a
506 5066 560 5123 ¹1⁷,
577 5061 766 5116 sententialiter
781 5060 849 5113 ralla
865 5060 958 5113 dicare.
