4342 6692
752 893 892 950 caurus
915 894 1109 951 secundus.
1443 886 1513 955 341

343 1058 478 1136 magna
503 1039 588 1113 naui
613 1038 763 1114 intravit
786 1059 894 1113 mare
924 1059 1121 1137 maguum,
1147 1040 1196 1116 ita
1221 1041 1355 1117 Dantes
1375 1042 1516 1136 primus

340 1166 448 1256 poeta
473 1180 561 1233 cnm
587 1179 725 1256 magno
744 1158 891 1256 ingenio
909 1158 1057 1233 intrauit
1077 1180 1184 1236 mare
1200 1182 1390 1257 magnum,
1409 1161 1513 1255 idest,

339 1282 452 1355 almm
479 1280 672 1355 materiam
697 1277 871 1375 paradisi:
900 1279 1009 1353 lason
1025 1279 1218 1374 acquisivit
1235 1301 1413 1377 magnum
1433 1281 1515 1355 thc-

341 1420 507 1494 saurum,
533 1406 571 1475 et
594 1401 730 1475 Dantes
755 1420 946 1475 summum
977 1399 1136 1473 bonum:
1164 1401 1273 1477 Jason
1298 1400 1517 1498 gloriosissi·

342 1542 428 1595 mus
452 1519 520 1594 luit
544 1525 624 1615 post
648 1518 857 1613 Herculem,
875 1519 951 1594 imo
975 1518 1172 1595 Herculem
1199 1520 1305 1595 duxit
1329 1541 1456 1595 secum
1478 1519 1517 1595 in

342 1662 478 1739 magna
507 1641 592 1716 navi
630 1648 668 1716 et
698 1640 886 1737 Orpheum
921 1646 1068 1735 poetam
1104 1646 1141 1715 et
1172 1640 1262 1716 alios
1296 1641 1446 1735 nobiles
1478 1646 1516 1715 et

343 1759 583 1856 triumphavit
599 1760 646 1835 de
662 1759 833 1854 dracone,
847 1759 968 1835 bobus
981 1760 1215 1836 vomentibus
1235 1760 1370 1858 ignem,
1385 1768 1423 1835 et
1440 1767 1516 1835 ter·

343 1879 479 1979 rigenis
504 1879 568 1975 qni
593 1879 688 1954 inter
713 1899 754 1954 se
778 1879 946 1955 lecerunt
970 1880 1077 1955 civile
1101 1881 1239 1956 bellum
1266 1901 1306 1957 se
1332 1881 1516 1977 perimen-

343 2009 398 2077 tes
431 2007 563 2076 mutuo
593 2020 713 2095 usque
743 2000 791 2075 ad
816 2021 958 2094 unum3
985 2006 1022 2075 et
1054 2001 1104 2075 ita
1137 2002 1271 2077 Dantes
1297 2001 1516 2098 gloriosissi·

341 2143 427 2196 mus
457 2128 564 2217 poeta
590 2128 671 2216 post
696 2119 899 2217 Virgilium,
930 2119 1006 2194 imo
1028 2120 1219 2217 Virgilium
1246 2121 1357 2196 traxit
1387 2140 1513 2196 secum

342 2243 380 2317 in
395 2263 464 2316 sna
485 2241 570 2317 nari
592 2247 630 2317 et
655 2240 812 2315 Statium
830 2246 868 2315 et
884 2240 975 2315 alios
991 2240 1131 2316 nobiles
1147 2249 1309 2335 autores,
1327 2246 1364 2315 et
1383 2241 1515 2315 trium·

340 2361 465 2457 pbarit
488 2361 536 2435 de
558 2360 729 2454 dracone,
756 2360 859 2455 idest,
888 2360 1069 2454 nemone,
1095 2366 1132 2435 et
1164 2361 1295 2455 bobus,
1320 2361 1423 2455 idest,
1449 2381 1516 2435 vo·

341 2482 539 2578 luptatibns
563 2480 813 2557 emittentibus
845 2480 1011 2555 tlammas
1036 2487 1073 2556 et
1099 2480 1282 2557 incentiva
1308 2481 1510 2577 libidinum,

340 2609 379 2679 et
410 2603 630 2701 gigantibus,
655 2600 748 2677 idest
776 2600 882 2696 vitiis,
908 2622 993 2695 quae
1023 2612 1226 2679 nascuntur
1257 2624 1303 2679 ex
1339 2609 1451 2697 terra,
1478 2608 1515 2676 et

342 2723 438 2799 inter
463 2744 504 2798 se
528 2722 664 2797 babent
680 2722 881 2796 fraternam
897 2715 934 2814 (¹)
951 2720 1168 2797 discordiam
1187 2728 1224 2796 et
1240 2722 1458 2819 impugnant
1474 2742 1515 2797 se

272 2867 275 2872 ⁴
342 2843 470 2918 simul:
487 2842 596 2917 lason
622 2841 723 2936 prius
745 2840 930 2938 navigavit
946 2840 1042 2915 inter
1059 2861 1156 2915 vana
1177 2841 1316 2936 mundi,
1335 2839 1514 2915 transiens

341 2984 408 3058 per
433 2962 578 3037 Troiam
605 2971 743 3039 terram
770 2961 1039 3056 voluptuosam,
1057 2965 1096 3035 et
1111 2960 1292 3056 decipiens
1318 2960 1513 3055 mulieres3

342 3082 407 3157 sed
440 3088 565 3177 postea
591 3081 718 3176 pulsus
743 3099 789 3154 ex
816 3079 934 3175 patria
959 3079 1077 3154 lactus
1109 3085 1163 3154 est
1195 3078 1399 3175 gloriosior,
1426 3100 1512 3154 nam

342 3201 472 3277 redivit
496 3200 534 3274 in
558 3200 722 3293 Colchos,
748 3200 812 3274 nbi
837 3199 1047 3275 emendavit
1071 3219 1238 3275 errorem
1265 3222 1396 3295 suum;
1424 3222 1510 3276 nam

344 3320 500 3395 restituit
524 3340 695 3395 socerum
722 3319 760 3394 in
785 3339 954 3416 regnum,
982 3320 1079 3395 unde
1110 3327 1236 3416 postea
1265 3319 1401 3397 decreti
1427 3328 1514 3396 sunt

340 3440 408 3515 sibi
436 3440 548 3514 divini
581 3440 754 3533 honores,
785 3445 823 3514 et
856 3440 905 3513 ob
937 3440 1125 3537 egregiam
1156 3440 1332 3515 virtutem
1363 3441 1512 3535 reperiit

341 3558 512 3635 invidiam
538 3566 619 3655 post
647 3566 826 3654 mortem;
851 3560 902 3635 ita
932 3566 1034 3635 recte
1066 3561 1201 3636 Dentes
1232 3559 1296 3635 diu
1329 3562 1513 3660 navigavit

341 3680 437 3755 inter
454 3700 549 3756 rana
566 3679 695 3755 mnndi
712 3680 891 3755 transiens
907 3700 975 3775 per
994 3681 1250 3777 voluptuosam
1272 3685 1411 3756 terram
1430 3683 1513 3758 Flo-

218 3862 221 3867 .
342 3798 482 3894 rentiae,
508 3805 545 3874 et
569 3798 765 3893 aliqnando
791 3799 917 3874 lallens
942 3800 1128 3894 mulieres
1155 3800 1249 3876 sicut
1275 3800 1352 3896 ipse
1374 3802 1514 3879 notavit

342 3918 503 4013 quodam
520 3918 680 4013 capitulo
696 3918 847 4013 lnlerni3
865 3918 1016 3993 demum
1035 3919 1124 3993 exul
1148 3940 1170 3993 a
1196 3918 1316 4015 patria
1337 3920 1512 3995 emenda-

343 4040 394 4115 vit
411 4040 523 4115 vitam
542 4046 768 4135 corruptam,
786 4046 823 4114 et
841 4037 925 4113 lecit
945 4058 1094 4114 sacrum
1112 4060 1257 4135 poema,
1278 4040 1374 4115 unde
1396 4040 1513 4115 lactus

342 4167 399 4235 est
422 4159 567 4235 divinus
590 4167 629 4235 et
653 4159 790 4235 invenit
814 4158 998 4235 invidiam.

416 4284 469 4353 Lo
492 4288 689 4356 concreata.
715 4281 787 4357 lstn
803 4286 859 4355 est
877 4279 1039 4355 secunda
1063 4301 1149 4375 pars
1169 4282 1362 4378 generalis,
1383 4282 1512 4377 inqua

342 4407 449 4496 poeta
467 4401 601 4475 Dantos
625 4400 797 4477 describit
815 4421 927 4474 suum
948 4419 1144 4475 ascensum
1161 4401 1208 4475 ad
1225 4422 1370 4497 speram
1393 4403 1512 4498 lunae3

342 4527 381 4595 et
405 4519 524 4615 primo
550 4521 680 4616 repetit
705 4520 792 4615 qnid
818 4520 998 4613 trahebat,
1019 4526 1057 4595 et
1073 4521 1260 4614 quomodo
1283 4522 1512 4616 trahebatur,

342 4646 381 4715 et
404 4638 673 4735 dispositionem
694 4640 750 4713 sni
776 4644 813 4714 et
837 4638 1021 4714 beatricis.
1039 4640 1131 4715 llicit
1147 4660 1257 4737 ergo:
1274 4646 1327 4714 Lu
1343 4650 1411 4717 sete
1427 4664 1512 4717 coo-

342 4765 475 4851 crcotn,
501 4759 602 4853 idest,
627 4759 797 4835 attractio
828 4759 964 4854 inuata,
982 4759 1118 4835 seilicet
1142 4760 1234 4835 ordo
1260 4762 1448 4858 naturalis,
1465 4764 1537 4840 de·

405 5015 434 5082 (¹)
448 5016 480 5069 E.
495 5014 606 5068 tarium
621 5016 786 5069 dlwordinm.
