<?xml version="1.0" encoding="UTF-8"?>
<!DOCTYPE html PUBLIC "-//W3C//DTD XHTML 1.0 Transitional//EN"
    "http://www.w3.org/TR/xhtml1/DTD/xhtml1-transitional.dtd">
<html xmlns="http://www.w3.org/1999/xhtml" xml:lang="en" lang="en">
 <head>
  <title>
</title>
<meta http-equiv="Content-Type" content="text/html;charset=utf-8" />
  <meta name='ocr-system' content='tesseract 3.04.00' />
  <meta name='ocr-capabilities' content='ocr_page ocr_carea ocr_par ocr_line ocrx_word'/>
</head>
<body>
  <div class='ocr_page' id='page_1' title='image "benevenutideram01lacagoog_0197.png"; bbox 0 0 4342 6692; ppageno 0'>
   <div class='ocr_carea' id='block_1_1' title="bbox 670 922 1508 989">
    <p class='ocr_par' dir='ltr' id='par_1_1' title="bbox 670 922 1508 989">
     <span class='ocr_line' id='line_1_1' title="bbox 670 922 1508 989; baseline 0.005 -6"><span class='ocrx_word' id='word_1_1' title='bbox 670 930 811 986; x_wconf 75' lang='lat' dir='ltr'><strong>caurus</strong></span> <span class='ocrx_word' id='word_1_2' title='bbox 834 931 1026 986; x_wconf 80' lang='lat' dir='ltr'><strong>rmrsruus</strong></span> <span class='ocrx_word' id='word_1_3' title='bbox 1051 931 1179 987; x_wconf 82' lang='lat' dir='ltr'><strong>nouus.</strong></span> <span class='ocrx_word' id='word_1_4' title='bbox 1440 922 1508 989; x_wconf 79' lang='lat'><strong>187</strong></span> 
     </span>
    </p>
   </div>
   <div class='ocr_carea' id='block_1_2' title="bbox 323 1075 1515 5142">
    <p class='ocr_par' dir='ltr' id='par_1_2' title="bbox 323 1075 1515 5142">
     <span class='ocr_line' id='line_1_2' title="bbox 339 1075 1511 1173; baseline 0.001 -23"><span class='ocrx_word' id='word_1_5' title='bbox 339 1098 435 1150; x_wconf 90' lang='lat' dir='ltr'><strong>rum.</strong></span> <span class='ocrx_word' id='word_1_6' title='bbox 463 1076 616 1173; x_wconf 82' lang='lat' dir='ltr'><strong>Signum</strong></span> <span class='ocrx_word' id='word_1_7' title='bbox 643 1083 768 1151; x_wconf 91' lang='lat' dir='ltr'><strong>autem</strong></span> <span class='ocrx_word' id='word_1_8' title='bbox 796 1076 874 1170; x_wconf 86' lang='lat' dir='ltr'><strong>luit,</strong></span> <span class='ocrx_word' id='word_1_9' title='bbox 892 1075 993 1169; x_wconf 92' lang='lat' dir='ltr'><strong>quod</strong></span> <span class='ocrx_word' id='word_1_10' title='bbox 1017 1075 1106 1149; x_wconf 85' lang='lat' dir='ltr'><strong>rlbrd</strong></span> <span class='ocrx_word' id='word_1_11' title='bbox 1132 1077 1258 1152; x_wconf 91' lang='lat' dir='ltr'><strong>lumen</strong></span> <span class='ocrx_word' id='word_1_12' title='bbox 1283 1079 1426 1152; x_wconf 91' lang='lat' dir='ltr'><strong>clarum</strong></span> <span class='ocrx_word' id='word_1_13' title='bbox 1445 1100 1511 1151; x_wconf 87' lang='lat' dir='ltr'><strong>su-</strong></span> 
     </span>
     <span class='ocr_line' id='line_1_3' title="bbox 338 1195 1510 1273; baseline 0.003 -4"><span class='ocrx_word' id='word_1_14' title='bbox 338 1196 413 1270; x_wconf 90' lang='lat' dir='ltr'><strong>bito</strong></span> <span class='ocrx_word' id='word_1_15' title='bbox 438 1196 574 1271; x_wconf 90' lang='lat' dir='ltr'><strong>lactum</strong></span> <span class='ocrx_word' id='word_1_16' title='bbox 601 1203 657 1271; x_wconf 91' lang='lat' dir='ltr'><strong>est</strong></span> <span class='ocrx_word' id='word_1_17' title='bbox 683 1195 930 1273; x_wconf 88' lang='lat' dir='ltr'><strong>rubicundum</strong></span> <span class='ocrx_word' id='word_1_18' title='bbox 956 1202 993 1271; x_wconf 88' lang='lat' dir='ltr'><strong>et</strong></span> <span class='ocrx_word' id='word_1_19' title='bbox 1022 1196 1247 1271; x_wconf 80' lang='lat' dir='ltr'><strong>flammeum.</strong></span> <span class='ocrx_word' id='word_1_20' title='bbox 1275 1198 1351 1272; x_wconf 87' lang='lat' dir='ltr'><strong>lloe</strong></span> <span class='ocrx_word' id='word_1_21' title='bbox 1380 1204 1510 1273; x_wconf 82' lang='lat' dir='ltr'><strong>autem</strong></span> 
     </span>
     <span class='ocr_line' id='line_1_4' title="bbox 336 1316 1509 1415; baseline -0.001 -24"><span class='ocrx_word' id='word_1_22' title='bbox 336 1317 562 1415; x_wconf 83' lang='lat' dir='ltr'><strong>significabat</strong></span> <span class='ocrx_word' id='word_1_23' title='bbox 578 1317 676 1410; x_wconf 94' lang='lat' dir='ltr'><strong>quod</strong></span> <span class='ocrx_word' id='word_1_24' title='bbox 693 1316 1033 1411; x_wconf 80' lang='lat' dir='ltr'><strong>appropinquabant</strong></span> <span class='ocrx_word' id='word_1_25' title='bbox 1051 1325 1190 1411; x_wconf 85' lang='lat' dir='ltr'><strong>septem</strong></span> <span class='ocrx_word' id='word_1_26' title='bbox 1209 1318 1427 1393; x_wconf 85' lang='lat' dir='ltr'><strong>candelabra</strong></span> <span class='ocrx_word' id='word_1_27' title='bbox 1440 1340 1509 1395; x_wconf 87' lang='lat' dir='ltr'><strong>ru-</strong></span> 
     </span>
     <span class='ocr_line' id='line_1_5' title="bbox 338 1436 1505 1533; baseline 0.002 -22"><span class='ocrx_word' id='word_1_28' title='bbox 338 1438 475 1513; x_wconf 88' lang='lat' dir='ltr'><strong>tilantia</strong></span> <span class='ocrx_word' id='word_1_29' title='bbox 491 1444 535 1511; x_wconf 89' lang='lat' dir='ltr'><strong>et·</strong></span> <span class='ocrx_word' id='word_1_30' title='bbox 545 1438 720 1512; x_wconf 90' lang='lat' dir='ltr'><strong>ardentia.</strong></span> <span class='ocrx_word' id='word_1_31' title='bbox 741 1436 832 1511; x_wconf 81' lang='lat' dir='ltr'><strong>llicit</strong></span> <span class='ocrx_word' id='word_1_32' title='bbox 849 1457 959 1533; x_wconf 83' lang='lat' dir='ltr'><strong>ergo:</strong></span> <span class='ocrx_word' id='word_1_33' title='bbox 981 1439 1150 1511; x_wconf 64' lang='lat' dir='ltr'><strong>Mentr‘io</strong></span> <span class='ocrx_word' id='word_1_34' title='bbox 1168 1440 1213 1510; x_wconf 86' lang='lat' dir='ltr'><strong>m&#39;</strong></span> <span class='ocrx_word' id='word_1_35' title='bbox 1227 1441 1385 1529; x_wconf 79' lang='lat' dir='ltr'><strong>andana,</strong></span> <span class='ocrx_word' id='word_1_36' title='bbox 1404 1438 1505 1531; x_wconf 87' lang='lat' dir='ltr'><strong>idest,</strong></span> 
     </span>
     <span class='ocr_line' id='line_1_6' title="bbox 336 1556 1507 1653; baseline 0 -22"><span class='ocrx_word' id='word_1_37' title='bbox 336 1556 482 1631; x_wconf 86' lang='lat' dir='ltr'><strong>interim</strong></span> <span class='ocrx_word' id='word_1_38' title='bbox 499 1558 589 1631; x_wconf 94' lang='lat' dir='ltr'><strong>dum</strong></span> <span class='ocrx_word' id='word_1_39' title='bbox 607 1557 718 1651; x_wconf 89' lang='lat' dir='ltr'><strong>ibam,</strong></span> <span class='ocrx_word' id='word_1_40' title='bbox 731 1564 815 1631; x_wconf 87' lang='lat' dir='ltr'><strong>tutto</strong></span> <span class='ocrx_word' id='word_1_41' title='bbox 832 1579 985 1650; x_wconf 82' lang='lat' dir='ltr'><strong>sospem,</strong></span> <span class='ocrx_word' id='word_1_42' title='bbox 1006 1557 1108 1649; x_wconf 90' lang='lat' dir='ltr'><strong>idest,</strong></span> <span class='ocrx_word' id='word_1_43' title='bbox 1124 1557 1403 1653; x_wconf 83' lang='lat' dir='ltr'><strong>cogitabundus,</strong></span> <span class='ocrx_word' id='word_1_44' title='bbox 1421 1559 1507 1632; x_wconf 88' lang='lat' dir='ltr'><strong>abs-</strong></span> 
     </span>
     <span class='ocr_line' id='line_1_7' title="bbox 336 1680 1507 1774; baseline 0.001 -22"><span class='ocrx_word' id='word_1_45' title='bbox 336 1684 485 1771; x_wconf 86' lang='lat' dir='ltr'><strong>tractus,</strong></span> <span class='ocrx_word' id='word_1_46' title='bbox 512 1686 570 1751; x_wconf 88' lang='lat' dir='ltr'><strong>tra</strong></span> <span class='ocrx_word' id='word_1_47' title='bbox 595 1686 689 1752; x_wconf 79' lang='lat' dir='ltr'><strong>tonte</strong></span> <span class='ocrx_word' id='word_1_48' title='bbox 709 1682 872 1771; x_wconf 66' lang='lat' dir='ltr'><strong>primiaco</strong></span> <span class='ocrx_word' id='word_1_49' title='bbox 905 1681 983 1752; x_wconf 81' lang='lat' dir='ltr'><strong>dett</strong></span> <span class='ocrx_word' id='word_1_50' title='bbox 991 1687 1110 1751; x_wconf 82' lang='lat' dir='ltr'><strong>eterno</strong></span> <span class='ocrx_word' id='word_1_51' title='bbox 1138 1682 1302 1771; x_wconf 80' lang='lat' dir='ltr'><strong>pioocrc;</strong></span> <span class='ocrx_word' id='word_1_52' title='bbox 1328 1680 1507 1774; x_wconf 85' lang='lat' dir='ltr'><strong>primitias</strong></span> 
     </span>
     <span class='ocr_line' id='line_1_8' title="bbox 335 1799 1506 1894; baseline 0.002 -23"><span class='ocrx_word' id='word_1_53' title='bbox 335 1804 442 1873; x_wconf 84' lang='lat' dir='ltr'><strong>vocat</strong></span> <span class='ocrx_word' id='word_1_54' title='bbox 467 1800 594 1874; x_wconf 88' lang='lat' dir='ltr'><strong>lumen</strong></span> <span class='ocrx_word' id='word_1_55' title='bbox 619 1805 656 1873; x_wconf 89' lang='lat' dir='ltr'><strong>et</strong></span> <span class='ocrx_word' id='word_1_56' title='bbox 683 1799 890 1892; x_wconf 80' lang='lat' dir='ltr'><strong>melodiam,</strong></span> <span class='ocrx_word' id='word_1_57' title='bbox 908 1818 992 1891; x_wconf 82' lang='lat' dir='ltr'><strong>quae</strong></span> <span class='ocrx_word' id='word_1_58' title='bbox 1017 1804 1124 1871; x_wconf 87' lang='lat' dir='ltr'><strong>orant</strong></span> <span class='ocrx_word' id='word_1_59' title='bbox 1149 1799 1318 1891; x_wconf 85' lang='lat' dir='ltr'><strong>quaedam</strong></span> <span class='ocrx_word' id='word_1_60' title='bbox 1346 1820 1506 1894; x_wconf 87' lang='lat' dir='ltr'><strong>praeam-</strong></span> 
     </span>
     <span class='ocr_line' id='line_1_9' title="bbox 334 1910 1506 2014; baseline 0 -21"><span class='ocrx_word' id='word_1_61' title='bbox 334 1918 421 1993; x_wconf 89' lang='lat' dir='ltr'><strong>bula</strong></span> <span class='ocrx_word' id='word_1_62' title='bbox 447 1926 672 1993; x_wconf 68' lang='lat' dir='ltr'><strong>aeternorum</strong></span> <span class='ocrx_word' id='word_1_63' title='bbox 699 1910 881 1992; x_wconf 84' lang='lat' dir='ltr'><strong>donorum</strong></span> <span class='ocrx_word' id='word_1_64' title='bbox 909 1918 1154 2011; x_wconf 80' lang='lat' dir='ltr'><strong>venientium3</strong></span> <span class='ocrx_word' id='word_1_65' title='bbox 1176 1940 1194 1990; x_wconf 82' lang='lat' dir='ltr'><strong>e</strong></span> <span class='ocrx_word' id='word_1_66' title='bbox 1217 1922 1359 2010; x_wconf 59' lang='lat' dir='ltr'><strong>dinosa,</strong></span> <span class='ocrx_word' id='word_1_67' title='bbox 1377 1940 1423 1994; x_wconf 83' lang='lat' dir='ltr'><strong>ex</strong></span> <span class='ocrx_word' id='word_1_68' title='bbox 1442 1940 1506 2014; x_wconf 88' lang='lat' dir='ltr'><strong>spe</strong></span> 
     </span>
     <span class='ocr_line' id='line_1_10' title="bbox 333 2038 1507 2133; baseline 0.001 -21"><span class='ocrx_word' id='word_1_69' title='bbox 333 2038 428 2112; x_wconf 88' lang='lat' dir='ltr'><strong>illius</strong></span> <span class='ocrx_word' id='word_1_70' title='bbox 445 2038 592 2113; x_wconf 90' lang='lat' dir='ltr'><strong>luminis</strong></span> <span class='ocrx_word' id='word_1_71' title='bbox 609 2044 646 2113; x_wconf 90' lang='lat' dir='ltr'><strong>et</strong></span> <span class='ocrx_word' id='word_1_72' title='bbox 662 2044 802 2131; x_wconf 91' lang='lat' dir='ltr'><strong>cantus,</strong></span> <span class='ocrx_word' id='word_1_73' title='bbox 821 2038 907 2131; x_wconf 89' lang='lat' dir='ltr'><strong>quia</strong></span> <span class='ocrx_word' id='word_1_74' title='bbox 928 2038 1167 2131; x_wconf 79' lang='lat' dir='ltr'><strong>expectabam</strong></span> <span class='ocrx_word' id='word_1_75' title='bbox 1188 2038 1312 2114; x_wconf 84' lang='lat' dir='ltr'><strong>videre</strong></span> <span class='ocrx_word' id='word_1_76' title='bbox 1330 2060 1352 2113; x_wconf 91' lang='lat' dir='ltr'><strong>a</strong></span> <span class='ocrx_word' id='word_1_77' title='bbox 1371 2040 1507 2133; x_wconf 89' lang='lat' dir='ltr'><strong>quibus</strong></span> 
     </span>
     <span class='ocr_line' id='line_1_11' title="bbox 333 2157 1507 2252; baseline -0.001 -20"><span class='ocrx_word' id='word_1_78' title='bbox 333 2166 537 2252; x_wconf 91' lang='lat' dir='ltr'><strong>utrumque</strong></span> <span class='ocrx_word' id='word_1_79' title='bbox 569 2157 802 2252; x_wconf 61' lang='lat' dir='ltr'><strong>procederem</strong></span> <span class='ocrx_word' id='word_1_80' title='bbox 835 2163 872 2231; x_wconf 90' lang='lat' dir='ltr'><strong>et</strong></span> <span class='ocrx_word' id='word_1_81' title='bbox 897 2177 1003 2231; x_wconf 88' lang='lat' dir='ltr'><strong>ecce:</strong></span> <span class='ocrx_word' id='word_1_82' title='bbox 1038 2160 1075 2228; x_wconf 85' lang='lat' dir='ltr'><strong>L’</strong></span> <span class='ocrx_word' id='word_1_83' title='bbox 1089 2161 1168 2230; x_wconf 82' lang='lat' dir='ltr'><strong>aire</strong></span> <span class='ocrx_word' id='word_1_84' title='bbox 1196 2162 1285 2252; x_wconf 78' lang='lat' dir='ltr'><strong>sisa</strong></span> <span class='ocrx_word' id='word_1_85' title='bbox 1309 2162 1457 2233; x_wconf 78' lang='lat' dir='ltr'><strong>dinanzi</strong></span> <span class='ocrx_word' id='word_1_86' title='bbox 1481 2180 1507 2231; x_wconf 86' lang='lat' dir='ltr'><strong>a</strong></span> 
     </span>
     <span class='ocr_line' id='line_1_12' title="bbox 332 2278 1502 2373; baseline 0.001 -22"><span class='ocrx_word' id='word_1_87' title='bbox 332 2282 404 2371; x_wconf 84' lang='lat' dir='ltr'><strong>noi,</strong></span> <span class='ocrx_word' id='word_1_88' title='bbox 430 2280 545 2373; x_wconf 89' lang='lat' dir='ltr'><strong>poetis</strong></span> <span class='ocrx_word' id='word_1_89' title='bbox 576 2285 614 2353; x_wconf 89' lang='lat' dir='ltr'><strong>et</strong></span> <span class='ocrx_word' id='word_1_90' title='bbox 644 2278 812 2371; x_wconf 86' lang='lat' dir='ltr'><strong>llatbildi,</strong></span> <span class='ocrx_word' id='word_1_91' title='bbox 840 2282 966 2350; x_wconf 85' lang='lat' dir='ltr'><strong>sottoi</strong></span> <span class='ocrx_word' id='word_1_92' title='bbox 996 2280 1096 2351; x_wconf 79' lang='lat' dir='ltr'><strong>oerdi</strong></span> <span class='ocrx_word' id='word_1_93' title='bbox 1120 2281 1226 2367; x_wconf 85' lang='lat' dir='ltr'><strong>rami,</strong></span> <span class='ocrx_word' id='word_1_94' title='bbox 1251 2278 1427 2353; x_wconf 89' lang='lat' dir='ltr'><strong>arborum</strong></span> <span class='ocrx_word' id='word_1_95' title='bbox 1455 2280 1502 2354; x_wconf 90' lang='lat' dir='ltr'><strong>ibi</strong></span> 
     </span>
     <span class='ocr_line' id='line_1_13' title="bbox 332 2398 1502 2492; baseline 0 -19"><span class='ocrx_word' id='word_1_96' title='bbox 332 2398 544 2492; x_wconf 81' lang='lat' dir='ltr'><strong>virentium,</strong></span> <span class='ocrx_word' id='word_1_97' title='bbox 570 2402 621 2471; x_wconf 82' lang='lat' dir='ltr'><strong>tul</strong></span> <span class='ocrx_word' id='word_1_98' title='bbox 640 2401 726 2491; x_wconf 84' lang='lat' dir='ltr'><strong>quot</strong></span> <span class='ocrx_word' id='word_1_99' title='bbox 739 2420 788 2470; x_wconf 84' lang='lat' dir='ltr'><strong>un</strong></span> <span class='ocrx_word' id='word_1_100' title='bbox 801 2402 883 2491; x_wconf 74' lang='lat' dir='ltr'><strong>[ooo</strong></span> <span class='ocrx_word' id='word_1_101' title='bbox 900 2418 1041 2489; x_wconf 84' lang='lat' dir='ltr'><strong>ucoeso;</strong></span> <span class='ocrx_word' id='word_1_102' title='bbox 1058 2406 1139 2472; x_wconf 90' lang='lat' dir='ltr'><strong>erat</strong></span> <span class='ocrx_word' id='word_1_103' title='bbox 1157 2398 1252 2471; x_wconf 89' lang='lat' dir='ltr'><strong>idem</strong></span> <span class='ocrx_word' id='word_1_104' title='bbox 1275 2399 1398 2473; x_wconf 88' lang='lat' dir='ltr'><strong>lumen</strong></span> <span class='ocrx_word' id='word_1_105' title='bbox 1417 2420 1502 2473; x_wconf 92' lang='lat' dir='ltr'><strong>cum</strong></span> 
     </span>
     <span class='ocr_line' id='line_1_14' title="bbox 331 2518 1505 2625; baseline 0.002 -35"><span class='ocrx_word' id='word_1_106' title='bbox 331 2518 451 2613; x_wconf 93' lang='lat' dir='ltr'><strong>primo</strong></span> <span class='ocrx_word' id='word_1_107' title='bbox 482 2518 545 2592; x_wconf 91' lang='lat' dir='ltr'><strong>sed</strong></span> <span class='ocrx_word' id='word_1_108' title='bbox 578 2518 694 2614; x_wconf 80' lang='lat' dir='ltr'><strong>magis</strong></span> <span class='ocrx_word' id='word_1_109' title='bbox 724 2518 990 2613; x_wconf 83' lang='lat' dir='ltr'><strong>propinquum3</strong></span> <span class='ocrx_word' id='word_1_110' title='bbox 1021 2526 1058 2592; x_wconf 88' lang='lat' dir='ltr'><strong>et</strong></span> <span class='ocrx_word' id='word_1_111' title='bbox 1099 2518 1282 2625; x_wconf 83' lang='lat' dir='ltr'><strong>similiter:</strong></span> <span class='ocrx_word' id='word_1_112' title='bbox 1313 2522 1374 2592; x_wconf 82' lang='lat' dir='ltr'><strong>e&#39;l</strong></span> <span class='ocrx_word' id='word_1_113' title='bbox 1407 2523 1505 2594; x_wconf 80' lang='lat' dir='ltr'><strong>dolor</strong></span> 
     </span>
     <span class='ocr_line' id='line_1_15' title="bbox 332 2630 1504 2735; baseline 0 -22"><span class='ocrx_word' id='word_1_114' title='bbox 332 2659 456 2729; x_wconf 76' lang='lat' dir='ltr'><strong>sumto,</strong></span> <span class='ocrx_word' id='word_1_115' title='bbox 477 2639 580 2733; x_wconf 88' lang='lat' dir='ltr'><strong>idest,</strong></span> <span class='ocrx_word' id='word_1_116' title='bbox 598 2639 754 2714; x_wconf 89' lang='lat' dir='ltr'><strong>melodia</strong></span> <span class='ocrx_word' id='word_1_117' title='bbox 780 2638 962 2734; x_wconf 75' lang='lat' dir='ltr'><strong>praedicta,</strong></span> <span class='ocrx_word' id='word_1_118' title='bbox 981 2660 1046 2713; x_wconf 82' lang='lat' dir='ltr'><strong>era</strong></span> <span class='ocrx_word' id='word_1_119' title='bbox 1069 2630 1131 2732; x_wconf 83' lang='lat' dir='ltr'><strong>pid</strong></span> <span class='ocrx_word' id='word_1_120' title='bbox 1155 2644 1266 2713; x_wconf 82' lang='lat' dir='ltr'><strong>inleso</strong></span> <span class='ocrx_word' id='word_1_121' title='bbox 1288 2662 1353 2733; x_wconf 83' lang='lat' dir='ltr'><strong>per</strong></span> <span class='ocrx_word' id='word_1_122' title='bbox 1378 2649 1504 2735; x_wconf 86' lang='lat' dir='ltr'><strong>oanto;</strong></span> 
     </span>
     <span class='ocr_line' id='line_1_16' title="bbox 333 2758 1505 2856; baseline 0.001 -22"><span class='ocrx_word' id='word_1_123' title='bbox 333 2761 412 2834; x_wconf 84' lang='lat' dir='ltr'><strong>vult</strong></span> <span class='ocrx_word' id='word_1_124' title='bbox 431 2758 554 2834; x_wconf 84' lang='lat' dir='ltr'><strong>dicere</strong></span> <span class='ocrx_word' id='word_1_125' title='bbox 579 2760 677 2853; x_wconf 91' lang='lat' dir='ltr'><strong>quod</strong></span> <span class='ocrx_word' id='word_1_126' title='bbox 703 2767 853 2854; x_wconf 88' lang='lat' dir='ltr'><strong>propter</strong></span> <span class='ocrx_word' id='word_1_127' title='bbox 873 2760 1181 2855; x_wconf 78' lang='lat' dir='ltr'><strong>propinquitatem</strong></span> <span class='ocrx_word' id='word_1_128' title='bbox 1208 2762 1377 2856; x_wconf 87' lang='lat' dir='ltr'><strong>apparuit</strong></span> <span class='ocrx_word' id='word_1_129' title='bbox 1403 2762 1505 2835; x_wconf 91' lang='lat' dir='ltr'><strong>illam</strong></span> 
     </span>
     <span class='ocr_line' id='line_1_17' title="bbox 333 2878 1505 2973; baseline 0.001 -21"><span class='ocrx_word' id='word_1_130' title='bbox 333 2878 529 2953; x_wconf 87' lang='lat' dir='ltr'><strong>melodiam</strong></span> <span class='ocrx_word' id='word_1_131' title='bbox 555 2899 636 2953; x_wconf 89' lang='lat' dir='ltr'><strong>esse</strong></span> <span class='ocrx_word' id='word_1_132' title='bbox 661 2879 897 2953; x_wconf 83' lang='lat' dir='ltr'><strong>cantantium.</strong></span> <span class='ocrx_word' id='word_1_133' title='bbox 924 2880 967 2953; x_wconf 87' lang='lat' dir='ltr'><strong>Et</strong></span> <span class='ocrx_word' id='word_1_134' title='bbox 994 2887 1079 2955; x_wconf 89' lang='lat' dir='ltr'><strong>nota</strong></span> <span class='ocrx_word' id='word_1_135' title='bbox 1097 2881 1196 2973; x_wconf 93' lang='lat' dir='ltr'><strong>quod</strong></span> <span class='ocrx_word' id='word_1_136' title='bbox 1218 2881 1311 2955; x_wconf 85' lang='lat' dir='ltr'><strong>bene</strong></span> <span class='ocrx_word' id='word_1_137' title='bbox 1329 2880 1505 2955; x_wconf 85' lang='lat' dir='ltr'><strong>assimilat</strong></span> 
     </span>
     <span class='ocr_line' id='line_1_18' title="bbox 332 2998 1501 3095; baseline 0.003 -23"><span class='ocrx_word' id='word_1_138' title='bbox 332 2998 442 3072; x_wconf 90' lang='lat' dir='ltr'><strong>istum</strong></span> <span class='ocrx_word' id='word_1_139' title='bbox 470 3000 700 3094; x_wconf 80' lang='lat' dir='ltr'><strong>splendorem</strong></span> <span class='ocrx_word' id='word_1_140' title='bbox 727 3000 811 3095; x_wconf 82' lang='lat' dir='ltr'><strong>igni,</strong></span> <span class='ocrx_word' id='word_1_141' title='bbox 838 3000 924 3093; x_wconf 88' lang='lat' dir='ltr'><strong>quia</strong></span> <span class='ocrx_word' id='word_1_142' title='bbox 950 3000 1120 3074; x_wconf 89' lang='lat' dir='ltr'><strong>veniebat</strong></span> <span class='ocrx_word' id='word_1_143' title='bbox 1149 3022 1171 3075; x_wconf 87' lang='lat' dir='ltr'><strong>a</strong></span> <span class='ocrx_word' id='word_1_144' title='bbox 1202 3000 1335 3095; x_wconf 88' lang='lat' dir='ltr'><strong>Spiritu</strong></span> <span class='ocrx_word' id='word_1_145' title='bbox 1362 3008 1501 3095; x_wconf 89' lang='lat' dir='ltr'><strong>sancto,</strong></span> 
     </span>
     <span class='ocr_line' id='line_1_19' title="bbox 331 3120 1502 3217; baseline 0 -24"><span class='ocrx_word' id='word_1_146' title='bbox 331 3121 394 3214; x_wconf 88' lang='lat' dir='ltr'><strong>qui</strong></span> <span class='ocrx_word' id='word_1_147' title='bbox 422 3121 559 3215; x_wconf 85' lang='lat' dir='ltr'><strong>ubique</strong></span> <span class='ocrx_word' id='word_1_148' title='bbox 585 3120 768 3217; x_wconf 84' lang='lat' dir='ltr'><strong>liguratur</strong></span> <span class='ocrx_word' id='word_1_149' title='bbox 792 3120 829 3192; x_wconf 94' lang='lat' dir='ltr'><strong>in</strong></span> <span class='ocrx_word' id='word_1_150' title='bbox 855 3120 948 3216; x_wconf 84' lang='lat' dir='ltr'><strong>igne.</strong></span> <span class='ocrx_word' id='word_1_151' title='bbox 963 3160 1013 3174; x_wconf 88' lang='lat'>-</span> <span class='ocrx_word' id='word_1_152' title='bbox 1030 3125 1070 3194; x_wconf 90' lang='lat' dir='ltr'><strong>O.</strong></span> <span class='ocrx_word' id='word_1_153' title='bbox 1090 3120 1154 3195; x_wconf 90' lang='lat' dir='ltr'><strong>llic</strong></span> <span class='ocrx_word' id='word_1_154' title='bbox 1172 3128 1277 3215; x_wconf 89' lang='lat' dir='ltr'><strong>poeta</strong></span> <span class='ocrx_word' id='word_1_155' title='bbox 1299 3121 1502 3215; x_wconf 88' lang='lat' dir='ltr'><strong>descriptu-</strong></span> 
     </span>
     <span class='ocr_line' id='line_1_20' title="bbox 331 3239 1502 3315; baseline -0.001 -1"><span class='ocrx_word' id='word_1_156' title='bbox 331 3262 395 3314; x_wconf 86' lang='lat' dir='ltr'><strong>rus</strong></span> <span class='ocrx_word' id='word_1_157' title='bbox 421 3243 532 3315; x_wconf 85' lang='lat' dir='ltr'><strong>altam</strong></span> <span class='ocrx_word' id='word_1_158' title='bbox 560 3240 753 3314; x_wconf 89' lang='lat' dir='ltr'><strong>materiam</strong></span> <span class='ocrx_word' id='word_1_159' title='bbox 778 3239 862 3313; x_wconf 89' lang='lat' dir='ltr'><strong>lacit</strong></span> <span class='ocrx_word' id='word_1_160' title='bbox 886 3240 1153 3315; x_wconf 84' lang='lat' dir='ltr'><strong>invocationem</strong></span> <span class='ocrx_word' id='word_1_161' title='bbox 1175 3261 1281 3315; x_wconf 91' lang='lat' dir='ltr'><strong>suam</strong></span> <span class='ocrx_word' id='word_1_162' title='bbox 1303 3240 1350 3315; x_wconf 92' lang='lat' dir='ltr'><strong>ad</strong></span> <span class='ocrx_word' id='word_1_163' title='bbox 1377 3260 1502 3314; x_wconf 91' lang='lat' dir='ltr'><strong>musas</strong></span> 
     </span>
     <span class='ocr_line' id='line_1_21' title="bbox 329 3360 1502 3456; baseline -0.002 -21"><span class='ocrx_word' id='word_1_164' title='bbox 329 3362 529 3456; x_wconf 85' lang='lat' dir='ltr'><strong>implorans</strong></span> <span class='ocrx_word' id='word_1_165' title='bbox 560 3360 761 3434; x_wconf 88' lang='lat' dir='ltr'><strong>subsidium</strong></span> <span class='ocrx_word' id='word_1_166' title='bbox 793 3366 831 3434; x_wconf 90' lang='lat' dir='ltr'><strong>et</strong></span> <span class='ocrx_word' id='word_1_167' title='bbox 862 3360 1027 3434; x_wconf 76' lang='lat' dir='ltr'><strong>favorem</strong></span> <span class='ocrx_word' id='word_1_168' title='bbox 1058 3380 1203 3454; x_wconf 87' lang='lat' dir='ltr'><strong>earum,</strong></span> <span class='ocrx_word' id='word_1_169' title='bbox 1236 3361 1322 3454; x_wconf 88' lang='lat' dir='ltr'><strong>qula</strong></span> <span class='ocrx_word' id='word_1_170' title='bbox 1355 3380 1502 3455; x_wconf 86' lang='lat' dir='ltr'><strong>semper</strong></span> 
     </span>
     <span class='ocr_line' id='line_1_22' title="bbox 328 3480 1506 3577; baseline -0.003 -20"><span class='ocrx_word' id='word_1_171' title='bbox 328 3482 467 3557; x_wconf 86' lang='lat' dir='ltr'><strong>studuit</strong></span> <span class='ocrx_word' id='word_1_172' title='bbox 500 3482 595 3576; x_wconf 89' lang='lat' dir='ltr'><strong>ipsas</strong></span> <span class='ocrx_word' id='word_1_173' title='bbox 629 3482 831 3573; x_wconf 84' lang='lat' dir='ltr'><strong>bonorare3</strong></span> <span class='ocrx_word' id='word_1_174' title='bbox 865 3480 947 3555; x_wconf 94' lang='lat' dir='ltr'><strong>ideo</strong></span> <span class='ocrx_word' id='word_1_175' title='bbox 981 3480 1115 3555; x_wconf 89' lang='lat' dir='ltr'><strong>debent</strong></span> <span class='ocrx_word' id='word_1_176' title='bbox 1149 3481 1288 3577; x_wconf 78' lang='lat' dir='ltr'><strong>dignari</strong></span> <span class='ocrx_word' id='word_1_177' title='bbox 1324 3482 1506 3555; x_wconf 86' lang='lat' dir='ltr'><strong>adiuvare</strong></span> 
     </span>
     <span class='ocr_line' id='line_1_23' title="bbox 330 3601 1499 3698; baseline -0.002 -21"><span class='ocrx_word' id='word_1_178' title='bbox 330 3604 459 3698; x_wconf 88' lang='lat' dir='ltr'><strong>ipsum.</strong></span> <span class='ocrx_word' id='word_1_179' title='bbox 485 3602 578 3676; x_wconf 81' lang='lat' dir='ltr'><strong>llicit</strong></span> <span class='ocrx_word' id='word_1_180' title='bbox 602 3620 712 3697; x_wconf 84' lang='lat' dir='ltr'><strong>ergo:</strong></span> <span class='ocrx_word' id='word_1_181' title='bbox 743 3605 774 3674; x_wconf 90' lang='lat' dir='ltr'><em>O</em></span> <span class='ocrx_word' id='word_1_182' title='bbox 797 3622 901 3674; x_wconf 76' lang='lat' dir='ltr'><strong>sucre</strong></span> <span class='ocrx_word' id='word_1_183' title='bbox 922 3608 1023 3673; x_wconf 83' lang='lat' dir='ltr'><strong>sante</strong></span> <span class='ocrx_word' id='word_1_184' title='bbox 1041 3603 1190 3693; x_wconf 71' lang='lat' dir='ltr'><strong>rupim,</strong></span> <span class='ocrx_word' id='word_1_185' title='bbox 1207 3601 1309 3695; x_wconf 89' lang='lat' dir='ltr'><strong>idest,</strong></span> <span class='ocrx_word' id='word_1_186' title='bbox 1328 3622 1351 3675; x_wconf 94' lang='lat' dir='ltr'><strong>o</strong></span> <span class='ocrx_word' id='word_1_187' title='bbox 1368 3602 1499 3676; x_wconf 77' lang='lat' dir='ltr'><strong>divium¹</strong></span> 
     </span>
     <span class='ocr_line' id='line_1_24' title="bbox 330 3722 1501 3818; baseline 0.001 -21"><span class='ocrx_word' id='word_1_188' title='bbox 330 3744 447 3797; x_wconf 81' lang='lat' dir='ltr'><strong>musae</strong></span> <span class='ocrx_word' id='word_1_189' title='bbox 472 3744 556 3818; x_wconf 84' lang='lat' dir='ltr'><strong>quae</strong></span> <span class='ocrx_word' id='word_1_190' title='bbox 581 3722 695 3797; x_wconf 88' lang='lat' dir='ltr'><strong>lacitis</strong></span> <span class='ocrx_word' id='word_1_191' title='bbox 722 3722 887 3796; x_wconf 90' lang='lat' dir='ltr'><strong>bomines</strong></span> <span class='ocrx_word' id='word_1_192' title='bbox 903 3742 1027 3797; x_wconf 86' lang='lat' dir='ltr'><strong>sacros</strong></span> <span class='ocrx_word' id='word_1_193' title='bbox 1052 3728 1090 3796; x_wconf 88' lang='lat' dir='ltr'><strong>et</strong></span> <span class='ocrx_word' id='word_1_194' title='bbox 1115 3728 1269 3816; x_wconf 89' lang='lat' dir='ltr'><strong>sanctos,</strong></span> <span class='ocrx_word' id='word_1_195' title='bbox 1290 3724 1384 3797; x_wconf 90' lang='lat' dir='ltr'><strong>sicut</strong></span> <span class='ocrx_word' id='word_1_196' title='bbox 1405 3724 1501 3798; x_wconf 87' lang='lat' dir='ltr'><strong>bene</strong></span> 
     </span>
     <span class='ocr_line' id='line_1_25' title="bbox 328 3841 1515 3937; baseline -0.005 -18"><span class='ocrx_word' id='word_1_197' title='bbox 328 3844 485 3919; x_wconf 91' lang='lat' dir='ltr'><strong>ostendit</strong></span> <span class='ocrx_word' id='word_1_198' title='bbox 508 3842 648 3916; x_wconf 84' lang='lat' dir='ltr'><strong>Tullius</strong></span> <span class='ocrx_word' id='word_1_199' title='bbox 673 3842 711 3914; x_wconf 92' lang='lat' dir='ltr'><strong>in</strong></span> <span class='ocrx_word' id='word_1_200' title='bbox 736 3842 902 3917; x_wconf 88' lang='lat' dir='ltr'><strong>oratione</strong></span> <span class='ocrx_word' id='word_1_201' title='bbox 927 3862 994 3936; x_wconf 93' lang='lat' dir='ltr'><strong>pro</strong></span> <span class='ocrx_word' id='word_1_202' title='bbox 1019 3841 1151 3915; x_wconf 79' lang='lat' dir='ltr'><strong>Archia</strong></span> <span class='ocrx_word' id='word_1_203' title='bbox 1176 3848 1400 3937; x_wconf 88' lang='lat' dir='ltr'><strong>praeceptoro</strong></span> <span class='ocrx_word' id='word_1_204' title='bbox 1418 3864 1515 3937; x_wconf 84' lang='lat' dir='ltr'><strong>suo,</strong></span> 
     </span>
     <span class='ocr_line' id='line_1_26' title="bbox 328 3962 1496 4057; baseline -0.002 -20"><span class='ocrx_word' id='word_1_205' title='bbox 328 3968 454 4055; x_wconf 66' lang='lat' dir='ltr'><strong>nomon</strong></span> <span class='ocrx_word' id='word_1_206' title='bbox 479 3966 528 4036; x_wconf 87' lang='lat' dir='ltr'><strong>mi</strong></span> <span class='ocrx_word' id='word_1_207' title='bbox 550 3983 698 4056; x_wconf 84' lang='lat' dir='ltr'><strong>spronu,</strong></span> <span class='ocrx_word' id='word_1_208' title='bbox 717 3962 818 4057; x_wconf 88' lang='lat' dir='ltr'><strong>idest,</strong></span> <span class='ocrx_word' id='word_1_209' title='bbox 838 3969 947 4057; x_wconf 84' lang='lat' dir='ltr'><strong>urget</strong></span> <span class='ocrx_word' id='word_1_210' title='bbox 968 3969 1006 4036; x_wconf 89' lang='lat' dir='ltr'><strong>et</strong></span> <span class='ocrx_word' id='word_1_211' title='bbox 1027 3962 1190 4035; x_wconf 89' lang='lat' dir='ltr'><strong>stimulat</strong></span> <span class='ocrx_word' id='word_1_212' title='bbox 1218 3982 1287 4056; x_wconf 89' lang='lat' dir='ltr'><strong>me,</strong></span> <span class='ocrx_word' id='word_1_213' title='bbox 1311 3962 1396 4056; x_wconf 92' lang='lat' dir='ltr'><strong>quia</strong></span> <span class='ocrx_word' id='word_1_214' title='bbox 1415 3984 1496 4036; x_wconf 88' lang='lat' dir='ltr'><strong>sum</strong></span> 
     </span>
     <span class='ocr_line' id='line_1_27' title="bbox 327 4080 1496 4178; baseline -0.003 -21"><span class='ocrx_word' id='word_1_215' title='bbox 327 4084 364 4157; x_wconf 89' lang='lat' dir='ltr'><strong>in</strong></span> <span class='ocrx_word' id='word_1_216' title='bbox 390 4084 544 4158; x_wconf 87' lang='lat' dir='ltr'><strong>articulo</strong></span> <span class='ocrx_word' id='word_1_217' title='bbox 569 4083 786 4178; x_wconf 73' lang='lat' dir='ltr'><strong>lorti,‘ot&#39;io</strong></span> <span class='ocrx_word' id='word_1_218' title='bbox 811 4080 926 4156; x_wconf 76' lang='lat' dir='ltr'><strong>merci</strong></span> <span class='ocrx_word' id='word_1_219' title='bbox 946 4104 990 4155; x_wconf 76' lang='lat' dir='ltr'><strong>rae</strong></span> <span class='ocrx_word' id='word_1_220' title='bbox 1014 4086 1154 4174; x_wconf 78' lang='lat' dir='ltr'><strong>etiami,</strong></span> <span class='ocrx_word' id='word_1_221' title='bbox 1176 4082 1277 4175; x_wconf 88' lang='lat' dir='ltr'><strong>idest,</strong></span> <span class='ocrx_word' id='word_1_222' title='bbox 1306 4083 1496 4176; x_wconf 87' lang='lat' dir='ltr'><strong>implorem</strong></span> 
     </span>
     <span class='ocr_line' id='line_1_28' title="bbox 329 4203 1496 4301; baseline -0.003 -22"><span class='ocrx_word' id='word_1_223' title='bbox 329 4204 523 4300; x_wconf 83' lang='lat' dir='ltr'><strong>benignam</strong></span> <span class='ocrx_word' id='word_1_224' title='bbox 549 4205 705 4301; x_wconf 77' lang='lat' dir='ltr'><strong>gratiam</strong></span> <span class='ocrx_word' id='word_1_225' title='bbox 732 4211 905 4296; x_wconf 84' lang='lat' dir='ltr'><strong>vestram,</strong></span> <span class='ocrx_word' id='word_1_226' title='bbox 930 4226 968 4275; x_wconf 80' lang='lat' dir='ltr'><strong>se</strong></span> <span class='ocrx_word' id='word_1_227' title='bbox 992 4206 1066 4276; x_wconf 86' lang='lat' dir='ltr'><strong>mai</strong></span> <span class='ocrx_word' id='word_1_228' title='bbox 1080 4207 1232 4296; x_wconf 64' lang='lat' dir='ltr'><strong>roffam,</strong></span> <span class='ocrx_word' id='word_1_229' title='bbox 1249 4204 1278 4277; x_wconf 90' lang='lat' dir='ltr'><strong>si</strong></span> <span class='ocrx_word' id='word_1_230' title='bbox 1306 4225 1373 4298; x_wconf 90' lang='lat' dir='ltr'><strong>pro</strong></span> <span class='ocrx_word' id='word_1_231' title='bbox 1399 4203 1496 4297; x_wconf 89' lang='lat' dir='ltr'><strong>qula,</strong></span> 
     </span>
     <span class='ocr_line' id='line_1_29' title="bbox 323 4323 1495 4419; baseline -0.001 -22"><span class='ocrx_word' id='word_1_232' title='bbox 323 4327 558 4419; x_wconf 64' lang='lat' dir='ltr'><strong>sunifredus·</strong></span> <span class='ocrx_word' id='word_1_233' title='bbox 576 4346 599 4397; x_wconf 88' lang='lat' dir='ltr'><strong>o</strong></span> <span class='ocrx_word' id='word_1_234' title='bbox 616 4328 750 4417; x_wconf 74' lang='lat' dir='ltr'><strong>vipitie5</strong></span> <span class='ocrx_word' id='word_1_235' title='bbox 770 4346 854 4397; x_wconf 91' lang='lat' dir='ltr'><strong>nam</strong></span> <span class='ocrx_word' id='word_1_236' title='bbox 877 4324 955 4397; x_wconf 84' lang='lat' dir='ltr'><strong>baec</strong></span> <span class='ocrx_word' id='word_1_237' title='bbox 972 4323 1203 4397; x_wconf 88' lang='lat' dir='ltr'><strong>incommoda</strong></span> <span class='ocrx_word' id='word_1_238' title='bbox 1232 4330 1268 4397; x_wconf 89' lang='lat' dir='ltr'><strong>et</strong></span> <span class='ocrx_word' id='word_1_239' title='bbox 1293 4324 1361 4398; x_wconf 88' lang='lat' dir='ltr'><strong>alia</strong></span> <span class='ocrx_word' id='word_1_240' title='bbox 1382 4324 1495 4396; x_wconf 90' lang='lat' dir='ltr'><strong>multa</strong></span> 
     </span>
     <span class='ocr_line' id='line_1_30' title="bbox 326 4441 1498 4575; baseline -0.001 -59"><span class='ocrx_word' id='word_1_241' title='bbox 326 4443 404 4537; x_wconf 93' lang='lat' dir='ltr'><strong>tull,</strong></span> <span class='ocrx_word' id='word_1_242' title='bbox 425 4466 494 4536; x_wconf 84' lang='lat' dir='ltr'><strong>per</strong></span> <span class='ocrx_word' id='word_1_243' title='bbox 520 4448 589 4535; x_wconf 88' lang='lat' dir='ltr'><strong>ooi,</strong></span> <span class='ocrx_word' id='word_1_244' title='bbox 615 4466 682 4539; x_wconf 93' lang='lat' dir='ltr'><strong>pro</strong></span> <span class='ocrx_word' id='word_1_245' title='bbox 708 4444 856 4519; x_wconf 86' lang='lat' dir='ltr'><strong>scientia</strong></span> <span class='ocrx_word' id='word_1_246' title='bbox 888 4443 1027 4538; x_wconf 89' lang='lat' dir='ltr'><strong>poetica</strong></span> <span class='ocrx_word' id='word_1_247' title='bbox 1059 4441 1282 4536; x_wconf 89' lang='lat' dir='ltr'><strong>acquirenda</strong></span> <span class='ocrx_word' id='word_1_248' title='bbox 1303 4450 1351 4575; x_wconf 35' lang='lat' dir='ltr'><strong>*et</strong></span> <span class='ocrx_word' id='word_1_249' title='bbox 1384 4443 1498 4517; x_wconf 87' lang='lat' dir='ltr'><strong>susci-</strong></span> 
     </span>
     <span class='ocr_line' id='line_1_31' title="bbox 327 4563 1497 4659; baseline -0.001 -21"><span class='ocrx_word' id='word_1_250' title='bbox 327 4564 446 4657; x_wconf 90' lang='lat' dir='ltr'><strong>tanda,</strong></span> <span class='ocrx_word' id='word_1_251' title='bbox 473 4586 557 4659; x_wconf 84' lang='lat' dir='ltr'><strong>quae</strong></span> <span class='ocrx_word' id='word_1_252' title='bbox 584 4573 730 4639; x_wconf 89' lang='lat' dir='ltr'><strong>mortua</strong></span> <span class='ocrx_word' id='word_1_253' title='bbox 757 4570 837 4639; x_wconf 89' lang='lat' dir='ltr'><strong>erat</strong></span> <span class='ocrx_word' id='word_1_254' title='bbox 863 4570 1030 4658; x_wconf 88' lang='lat' dir='ltr'><strong>tempore</strong></span> <span class='ocrx_word' id='word_1_255' title='bbox 1062 4583 1157 4637; x_wconf 88' lang='lat' dir='ltr'><strong>meo.</strong></span> <span class='ocrx_word' id='word_1_256' title='bbox 1185 4563 1229 4636; x_wconf 84' lang='lat' dir='ltr'><strong>Et</strong></span> <span class='ocrx_word' id='word_1_257' title='bbox 1261 4564 1376 4659; x_wconf 86' lang='lat' dir='ltr'><strong>tangit</strong></span> <span class='ocrx_word' id='word_1_258' title='bbox 1408 4584 1497 4637; x_wconf 90' lang='lat' dir='ltr'><strong>cau-</strong></span> 
     </span>
     <span class='ocr_line' id='line_1_32' title="bbox 327 4682 1496 4777; baseline 0 -20"><span class='ocrx_word' id='word_1_259' title='bbox 327 4704 406 4757; x_wconf 92' lang='lat' dir='ltr'><strong>sam</strong></span> <span class='ocrx_word' id='word_1_260' title='bbox 432 4684 680 4777; x_wconf 83' lang='lat' dir='ltr'><strong>invocationis,</strong></span> <span class='ocrx_word' id='word_1_261' title='bbox 706 4684 849 4758; x_wconf 87' lang='lat' dir='ltr'><strong>dicens:</strong></span> <span class='ocrx_word' id='word_1_262' title='bbox 880 4704 925 4755; x_wconf 88' lang='lat' dir='ltr'><strong>or</strong></span> <span class='ocrx_word' id='word_1_263' title='bbox 948 4703 1094 4773; x_wconf 82' lang='lat' dir='ltr'><strong>oonocn,</strong></span> <span class='ocrx_word' id='word_1_264' title='bbox 1121 4682 1222 4776; x_wconf 89' lang='lat' dir='ltr'><strong>idest,</strong></span> <span class='ocrx_word' id='word_1_265' title='bbox 1249 4682 1359 4755; x_wconf 91' lang='lat' dir='ltr'><strong>modo</strong></span> <span class='ocrx_word' id='word_1_266' title='bbox 1384 4702 1496 4777; x_wconf 85' lang='lat' dir='ltr'><strong>expe·-</strong></span> 
     </span>
     <span class='ocr_line' id='line_1_33' title="bbox 325 4802 1496 4900; baseline -0.003 -20"><span class='ocrx_word' id='word_1_267' title='bbox 325 4806 387 4900; x_wconf 86' lang='lat' dir='ltr'><strong>dit,</strong></span> <span class='ocrx_word' id='word_1_268' title='bbox 413 4808 473 4879; x_wconf 82' lang='lat' dir='ltr'><strong>ote</strong></span> <span class='ocrx_word' id='word_1_269' title='bbox 503 4808 661 4897; x_wconf 68' lang='lat' dir='ltr'><strong>Eteonon,</strong></span> <span class='ocrx_word' id='word_1_270' title='bbox 692 4805 769 4879; x_wconf 89' lang='lat' dir='ltr'><strong>lons</strong></span> <span class='ocrx_word' id='word_1_271' title='bbox 798 4803 959 4897; x_wconf 88' lang='lat' dir='ltr'><strong>Parnasi,</strong></span> <span class='ocrx_word' id='word_1_272' title='bbox 984 4804 1030 4877; x_wconf 91' lang='lat' dir='ltr'><strong>de</strong></span> <span class='ocrx_word' id='word_1_273' title='bbox 1059 4802 1165 4877; x_wconf 87' lang='lat' dir='ltr'><strong>cuius</strong></span> <span class='ocrx_word' id='word_1_274' title='bbox 1194 4823 1291 4897; x_wconf 91' lang='lat' dir='ltr'><strong>aqua</strong></span> <span class='ocrx_word' id='word_1_275' title='bbox 1323 4803 1496 4877; x_wconf 88' lang='lat' dir='ltr'><strong>dicuntur</strong></span> 
     </span>
     <span class='ocr_line' id='line_1_34' title="bbox 326 4922 1493 5022; baseline -0.004 -19"><span class='ocrx_word' id='word_1_276' title='bbox 326 4933 455 5022; x_wconf 89' lang='lat' dir='ltr'><strong>potare</strong></span> <span class='ocrx_word' id='word_1_277' title='bbox 479 4932 607 5021; x_wconf 82' lang='lat' dir='ltr'><strong>poetae,</strong></span> <span class='ocrx_word' id='word_1_278' title='bbox 635 4947 703 5018; x_wconf 83' lang='lat' dir='ltr'><strong>per</strong></span> <span class='ocrx_word' id='word_1_279' title='bbox 732 4946 786 4998; x_wconf 75' lang='lat' dir='ltr'><strong>ow</strong></span> <span class='ocrx_word' id='word_1_280' title='bbox 814 4927 919 5014; x_wconf 70' lang='lat' dir='ltr'><strong>vnn,</strong></span> <span class='ocrx_word' id='word_1_281' title='bbox 944 4923 1047 5017; x_wconf 88' lang='lat' dir='ltr'><strong>idest,</strong></span> <span class='ocrx_word' id='word_1_282' title='bbox 1077 4944 1206 4999; x_wconf 83' lang='lat' dir='ltr'><strong>versus</strong></span> <span class='ocrx_word' id='word_1_283' title='bbox 1237 4922 1356 5019; x_wconf 85' lang='lat' dir='ltr'><strong>iaciat,</strong></span> <span class='ocrx_word' id='word_1_284' title='bbox 1391 4924 1493 5017; x_wconf 82' lang='lat' dir='ltr'><strong>quasi</strong></span> 
     </span>
     <span class='ocr_line' id='line_1_35' title="bbox 326 5043 1493 5142; baseline -0.003 -20"><span class='ocrx_word' id='word_1_285' title='bbox 326 5049 440 5123; x_wconf 87' lang='lat' dir='ltr'><strong>dicat:</strong></span> <span class='ocrx_word' id='word_1_286' title='bbox 467 5068 565 5121; x_wconf 84' lang='lat' dir='ltr'><strong>nuuc</strong></span> <span class='ocrx_word' id='word_1_287' title='bbox 590 5052 734 5142; x_wconf 91' lang='lat' dir='ltr'><strong>oportet</strong></span> <span class='ocrx_word' id='word_1_288' title='bbox 758 5046 856 5140; x_wconf 90' lang='lat' dir='ltr'><strong>quod</strong></span> <span class='ocrx_word' id='word_1_289' title='bbox 882 5044 1051 5119; x_wconf 87' lang='lat' dir='ltr'><strong>hauriam</strong></span> <span class='ocrx_word' id='word_1_290' title='bbox 1081 5043 1128 5120; x_wconf 94' lang='lat' dir='ltr'><strong>de</strong></span> <span class='ocrx_word' id='word_1_291' title='bbox 1157 5045 1255 5119; x_wconf 90' lang='lat' dir='ltr'><strong>lonte</strong></span> <span class='ocrx_word' id='word_1_292' title='bbox 1281 5044 1422 5139; x_wconf 85' lang='lat' dir='ltr'><strong>poetico</strong></span> <span class='ocrx_word' id='word_1_293' title='bbox 1447 5046 1493 5119; x_wconf 90' lang='lat' dir='ltr'><strong>ad</strong></span> 
     </span>
    </p>
   </div>
   <div class='ocr_carea' id='block_1_3' title="bbox 0 0 2176 6692">
    <p class='ocr_par' dir='ltr' id='par_1_3' title="bbox 0 0 2176 6692">
     <span class='ocr_line' id='line_1_36' title="bbox 0 0 2176 6692; baseline 0 7"><span class='ocrx_word' id='word_1_294' title='bbox 0 0 2176 6692; x_wconf 95' lang='lat' dir='ltr'><strong> </strong></span> 
     </span>
    </p>
   </div>
  </div>
 </body>
</html>
