4342 6692
684 883 822 939 caurus
846 885 1037 941 ncrsruus
1062 886 1207 942 surrus.
1261 858 1267 867 ’
1450 873 1521 943 137

350 1026 556 1123 Purgatorii
582 1026 740 1122 capitulo
758 1028 816 1101 Xl.
834 1029 877 1101 Et
903 1028 1046 1103 breviat
1070 1030 1165 1104 hanc
1189 1030 1393 1105 orationem
1415 1030 1462 1105 de
1479 1049 1521 1105 sc

350 1146 515 1241 brevem,
541 1148 686 1224 dicens:
713 1156 844 1248 quanto
866 1150 1013 1241 msopnc
1037 1171 1061 1222 o
1085 1154 1148 1224 noi
1170 1154 1209 1225 di
1232 1160 1360 1244 questo
1376 1154 1520 1243 mondo,

349 1266 496 1361 scilicet,
523 1268 757 1363 purgatorio;
776 1269 879 1362 quasi
905 1270 1011 1364 dicat,
1032 1271 1217 1365 usquead
1241 1271 1340 1345 illam
1359 1272 1522 1367 particu-

350 1386 438 1481 lam,
463 1396 496 1461 ct
518 1409 562 1461 ne
585 1409 651 1461 nos
675 1392 820 1463 inducas
853 1394 890 1463 tn
916 1394 1147 1483 tentationem,
1173 1391 1260 1486 quia
1291 1412 1365 1467 non
1390 1412 1520 1488 possu-

353 1527 436 1581 mus
460 1509 616 1604 amplius
642 1510 774 1586 tentari
801 1531 868 1585 nec
891 1532 1064 1606 peccare;
1081 1511 1164 1586 idco
1188 1510 1292 1586 dicit:
1315 1516 1402 1587 douc
1418 1520 1520 1606 poter

348 1648 478 1721 peccor
503 1650 575 1703 non
600 1626 620 1703 c‘
636 1626 701 1723 pici
720 1638 865 1724 nostum·
881 1640 918 1705 et
938 1638 1064 1707 tamen
1083 1653 1196 1728 supra
1221 1633 1258 1707 in
1283 1634 1519 1729 praeallegato

352 1749 510 1845 capitulo
535 1749 682 1844 spiritus
706 1750 770 1844 qui
793 1759 998 1847 purgantur
1024 1773 1047 1826 a
1071 1752 1242 1847 superbia
1259 1752 1385 1827 dicunt
1404 1759 1519 1828 totam

351 1870 446 1943 hanc
470 1869 674 1944 orationem
693 1868 926 1966 integraliter.
946 1873 990 1945 Et
1006 1873 1188 1947 concludit
1205 1879 1312 1968 poeta
1330 1894 1518 1949 recessum

351 1988 525 2064 Guidonis
550 2010 616 2085 per
643 2010 754 2063 unam
781 1993 1092 2086 comparationem
1114 1995 1265 2089 claram,
1285 1994 1425 2070 dicens:
1443 1998 1518 2087 poi,

351 2108 410 2185 ille
435 2109 565 2205 Guido,
590 2114 755 2205 dispareo
772 2133 837 2205 per
853 2114 888 2184 lo
901 2117 1018 2206 succo,
1046 2114 1133 2207 quia
1160 2114 1312 2189 retraxit
1337 2135 1377 2189 se
1403 2114 1520 2211 magis

351 2230 445 2306 intra
470 2232 593 2328 ignem
621 2231 683 2305 ubi
709 2238 790 2306 erat
814 2232 1006 2324 Arnaldus,
1032 2232 1092 2306 cui
1121 2233 1228 2306 dixit:
1254 2232 1347 2308 vade
1361 2226 1398 2326 (¹)
1419 2239 1520 2327 tunc,

350 2374 445 2425 come
464 2374 533 2445 pcr
559 2355 719 2445 lacquo,
745 2353 883 2449 supple,
909 2352 1079 2447 disparet,
1104 2355 1132 2425 il
1154 2374 1257 2445 pesce
1286 2356 1455 2427 undando
1484 2355 1524 2426 cl

349 2476 473 2567 suado,
499 2473 645 2568 scilicet,
672 2481 746 2548 tam
774 2473 923 2549 laciliter
949 2480 985 2547 et
1007 2479 1081 2546 tam
1101 2472 1189 2546 cilo:
1216 2478 1253 2546 et
1277 2493 1366 2547 ecce
1391 2492 1520 2568 quare,
1622 2574 1625 2577 ἢ

349 2596 448 2688 forse
466 2616 535 2687 per
560 2596 630 2667 dor
655 2598 730 2667 loco
756 2598 875 2683 oltrut,
895 2592 1041 2687 scilicet,
1059 2592 1219 2666 Arnaldo
1236 2612 1347 2685 quern
1375 2598 1521 2667 tantum

352 2714 577 2807 laudaverat,
599 2715 748 2788 secondo
774 2716 833 2787 cle
852 2734 977 2805 presso
1003 2733 1105 2801 uoco,
1124 2713 1209 2806 quia
1235 2712 1415 2786 Arnaldus
1439 2717 1521 2786 erat

352 2835 534 2910 secundus
564 2842 645 2930 post
676 2856 763 2909 eum
789 2833 1126 2910 immediate—10
1158 2835 1207 2905 mi
1234 2836 1311 2926 feci.
1332 2833 1438 2907 Nunc
1462 2832 1521 2906 ul-

353 2954 443 3028 timo
468 2960 574 3049 poeta
596 2953 732 3027 inducit
763 2953 932 3028 ultimum
964 2954 1193 3030 inventorem
1223 2953 1439 3048 praedictum
1458 2953 1519 3027 cui

354 3074 529 3171 promittit
554 3073 707 3168 lamam3
734 3080 770 3148 et
796 3073 855 3148 ille
881 3073 967 3169 petit
993 3094 1130 3168 preces.
1157 3073 1250 3147 Dicit
1275 3094 1386 3168 ergo:
1414 3078 1455 3147 lo
1471 3076 1520 3146 mi

349 3198 418 3290 scci
441 3216 489 3268 un
510 3216 599 3286 poco
624 3196 771 3266 innanzi
786 3197 826 3266 cl
847 3200 1028 3283 mostrcto,
1046 3193 1181 3268 scilicet
1205 3192 1374 3288 Arnaldo,
1393 3192 1520 3267 volens

351 3316 496 3391 deferre
521 3313 588 3387 sibi
614 3314 804 3408 honorem,
831 3313 916 3407 quia
945 3318 1087 3386 tantum
1117 3311 1238 3385 luerat
1268 3311 1357 3384 milri
1391 3313 1520 3386 lauda-

350 3443 410 3510 tus
435 3456 501 3531 per
526 3432 750 3508 Guidonem:
777 3455 796 3505 c
820 3436 905 3507 dissi
928 3434 1028 3505 cn'ct
1050 3452 1113 3505 suo
1139 3453 1252 3524 nome,
1271 3431 1429 3532 famoso,
1442 3429 1519 3507 sive
1651 3454 1655 3464 ·

350 3555 448 3629 lama
473 3554 593 3651 digno,
618 3556 646 3627 il
668 3556 738 3626 mio
763 3555 889 3646 desire,
923 3552 1025 3647 idest,
1051 3551 1215 3646 aviditas,
1241 3555 1522 3645 appcrccclticoo

350 3678 518 3767 prezioso
543 3677 632 3763 loco,
658 3672 804 3766 scilicet,
830 3671 1010 3747 scribendi
1035 3670 1172 3764 aliquid
1197 3670 1243 3745 de
1268 3691 1313 3746 co
1347 3692 1434 3745 cum
1461 3691 1522 3745 re-

351 3795 484 3869 dissem
504 3792 550 3867 ad
572 3793 750 3866 mundum
769 3791 983 3867 viventium.
1002 3793 1045 3865 Et
1065 3792 1347 3887 subdituramm
1367 3812 1520 3886 respon·

353 3912 491 3989 sionem
519 3913 609 4007 eius,
635 3912 777 3987 dicens:
805 3917 849 3987 El
872 3906 1051 4005 comincid,
1077 3912 1223 4006 scilicet,
1242 3913 1302 3987 ille
1326 3912 1519 4006 Arnaldus,

353 4036 572 4108 lineamento
606 4055 629 4106 a
666 4038 755 4126 dinc,
795 4034 833 4107 in
865 4054 932 4107 suo
967 4032 1139 4107 idiomate
1172 4032 1404 4127 provinciali:
1445 4038 1519 4104 Tun

353 4156 541 4243 m’oltclltis,
558 4152 660 4248 idest,
680 4158 822 4229 tantum
845 4156 963 4249 placet
979 4152 1079 4247 mihi,
1099 4162 1214 4225 vostre
1237 4160 1350 4225 cortes
1378 4154 1519 4243 mnan,

352 4272 454 4367 idest,
481 4280 602 4347 vestra
632 4272 779 4347 curialis
808 4272 945 4368 petilio,
978 4272 1079 4366 quasi
1113 4271 1208 4345 dicat
1240 4270 1373 4346 latine:
1410 4277 1520 4345 Tanto
1623 4323 1627 4329 ·

351 4393 585 4483 m’atoctttsce,
605 4396 642 4466 to
662 4400 783 4466 vostra
799 4400 929 4465 cortesc
947 4393 1128 4464 domando
1135 4417 1151 4484 ,·
1169 4393 1285 4480 ostica
1297 4412 1344 4464 uo
1357 4412 1392 4463 m
1401 4412 1518 4485 pucsc,

349 4516 388 4586 ni
408 4534 442 4585 m
460 4515 582 4585 voillu
601 4535 662 4586 vos
680 4514 839 4606 coorim
855 4511 956 4605 idest,
975 4512 1073 4606 quod
1091 4532 1164 4586 non
1181 4532 1329 4607 possum
1348 4533 1416 4587 nec
1436 4514 1520 4589 volo

351 4632 453 4709 vobis
471 4634 593 4708 celare
606 4634 663 4708 vel
679 4644 804 4730 tegere
818 4653 898 4727 me3
913 4639 950 4706 ct
969 4632 1051 4707 ideo
1067 4632 1168 4707 dico:
1185 4638 1250 4705 leo
1262 4635 1333 4707 sut‘s
1345 4640 1519 4726 Arncutz,

349 4756 541 4846 cleptore
559 4756 617 4826 cci
634 4756 799 4843 ctontcn,
812 4754 915 4845 idest,
934 4772 1003 4847 ego
1024 4774 1107 4825 surn
1125 4752 1317 4847 Arnaldus,
1335 4756 1397 4848 qni
1416 4754 1520 4851 ploro

413 5015 441 5079 (¹)
461 4988 489 5065 u.
505 5028 520 5066 a
537 5019 590 5076 117,
608 5014 672 5067 rade
688 5020 716 5065 lu
733 5027 810 5064 nunc.
