4342 6692
658 946 800 1001 caurus
823 947 1014 1003 vrousmus
1038 948 1168 1003 nonus.
1425 940 1498 1007 183

323 1098 453 1187 μω,
479 1092 586 1167 cuius
610 1092 733 1165 omnia
760 1097 907 1185 peccata
932 1098 1087 1189 purgata
1105 1098 1229 1187 erant;
1249 1094 1355 1186 quasi
1371 1095 1499 1170 dicens

325 1212 453 1287 tacite:
478 1233 502 1287 o
528 1219 566 1288 te
596 1212 739 1288 felicem
765 1213 829 1306 qui
855 1212 892 1285 in
918 1212 993 1286 vita
1023 1212 1189 1286 meruisti
1219 1214 1412 1309 pervenire
1444 1216 1498 1289 ad

324 1333 423 1407 bunc
442 1340 579 1407 statum
605 1331 793 1426 felicitatis,
812 1332 875 1406 ubi
899 1332 1037 1406 videbis
1052 1332 1199 1407 delicias
1218 1333 1320 1407 istius
1336 1334 1404 1408 loci
1426 1354 1495 1408 er-

324 1454 410 1529 celsi
435 1454 506 1528 sub
530 1454 660 1551 figura.
674 1458 770 1525 -ll
790 1474 896 1525 come.
915 1453 980 1527 llic
997 1459 1104 1547 poeta
1121 1452 1293 1528 describit
1309 1452 1491 1529 incessum

324 1574 430 1649 istius
451 1574 610 1649 dominae
634 1594 700 1670 per
731 1594 841 1647 unam
865 1573 1023 1648 nobilem
1057 1574 1381 1668 comparationem,
1408 1595 1493 1669 quim

326 1696 489 1771 breviter
512 1701 584 1769 stat
608 1694 643 1769 in
670 1695 751 1788 boc,
769 1694 867 1788 quod
894 1694 1070 1768 blatbildis
1095 1701 1132 1769 et
1157 1694 1233 1789 ipse
1268 1717 1366 1769 nunc
1392 1697 1493 1772 incc-

325 1817 460 1891 debant
484 1836 550 1911 per
574 1816 714 1911 sylvam
741 1813 901 1888 solitarie
925 1813 1051 1888 *sicut
1077 1814 1247 1911 nymphae
1273 1816 1387 1891 solitae
1409 1824 1494 1891 sunt

326 1936 382 2011 ive
406 1957 472 2030 per
497 1936 637 2032 sylvam
663 1932 862 2008 solitariae*
877 1926 927 2027 (⁴),
953 1934 1016 2008 sed
1041 1934 1295 2010 diversimode.
1319 1937 1418 2011 Unde
1441 1938 1497 2011 di-

326 2057 397 2131 cit:
416 2062 449 2130 ll
463 2060 557 2130 auor
579 2060 612 2128 si
636 2076 760 2144 messe,
778 2054 838 2128 illa
862 2054 1008 2128 domina
1036 2074 1120 2148 qum
1145 2056 1246 2149 prius
1272 2064 1423 2132 steterat
1448 2060 1494 2133 ad

325 2176 551 2271 loquendum
583 2197 670 2250 cum
702 2178 1016 2269 pessumdanda
1045 2184 1171 2249 contro
1188 2180 1214 2250 'l
1242 2180 1359 2270 fiuntc,
1392 2180 1495 2274 idest,

323 2307 451 2373 contra
469 2319 621 2374 cursum
639 2295 798 2369 fluminis
815 2316 946 2370 versus
963 2302 1087 2369 ortum
1106 2297 1196 2391 eius,
1214 2318 1255 2369 su
1278 2320 1344 2389 per
1362 2304 1398 2373 lo
1415 2304 1497 2373 riou

323 2420 362 2491 dt
385 2408 433 2510 ld,
461 2416 608 2506 scilicet,
634 2415 860 2508 ulteriorem,
886 2422 920 2487 et
949 2418 1094 2508 toperi
1118 2420 1156 2489 di
1180 2420 1235 2507 tei,
1261 2417 1406 2512 scilicet,
1434 2440 1495 2494 mc

327 2537 424 2611 movi
450 2518 488 2611 et
512 2535 641 2609 incessi
668 2555 733 2629 per
758 2534 875 2629 ripam
900 2534 1122 2630 citeriorem,
1143 2540 1348 2627 occultando
1370 2542 1501 2631 picciol

324 2676 446 2751 passo,
471 2655 566 2730 illius
594 2653 764 2747 dominae,
788 2675 855 2727 con
874 2657 1035 2746 picciolo,
1065 2656 1201 2731 scilicet
1235 2677 1341 2751 meo;
1372 2658 1496 2753 itaque

328 2778 473 2851 ibamus
489 2774 566 2869 pari
587 2795 695 2869 passu
715 2774 957 2867 uniformiter,
974 2797 997 2848 a
1015 2776 1133 2869 simili,
1152 2798 1248 2851 comc
1266 2780 1374 2872 ninse,
1393 2778 1494 2871 idest,

326 2898 406 2971 dcae
431 2894 599 2986 fontium,
624 2896 684 2967 cte
713 2896 876 2984 stoicon
900 2897 985 2984 sote,
1010 2895 1113 2989 idest,
1138 2918 1222 2991 quae
1247 2890 1347 2971 ibant
1372 2898 1496 2972 solita·

326 3016 402 3109 rim,
423 3036 492 3108 per
516 3018 547 3089 le
570 3017 756 3087 soloottme
779 3015 912 3105 ombrc,
929 3014 1032 3109 idest,
1054 3037 1120 3110 per
1138 3016 1288 3090 umbras
1307 3019 1494 3114 sylvarum

310 3141 364 3242 'et
389 3155 496 3210 secus
520 3135 699 3210 decursus
723 3155 919 3227 aquarum,
946 3135 1009 3209 sed
1038 3135 1192 3230 diverse,
1226 3141 1321 3231 quot,
1348 3138 1494 3233 scilicet,

326 3256 462 3350 aliqua,
485 3258 654 3329 meando
677 3257 717 3328 dt
740 3257 846 3329 ceder
870 3258 905 3327 to
929 3258 1013 3346 sote,
1037 3256 1124 3350 quia
1148 3256 1306 3331 multum
1332 3258 1430 3333 stetit
1449 3260 1498 3333 ad

326 3376 510 3468 umbram,
536 3378 622 3466 qual
644 3377 681 3447 dt
702 3377 825 3468 lttypir
850 3376 885 3447 lo
909 3377 994 3465 sote,
1012 3375 1099 3467 quia
1121 3375 1227 3450 nimis
1255 3378 1352 3451 stetit
1369 3378 1415 3451 ad
1436 3398 1522 3458 so-,

324 3497 410 3571 lem.
437 3496 480 3567 Et
506 3515 579 3568 non
603 3501 659 3568 est
683 3494 849 3587 dubium,
875 3495 974 3588 quod
1000 3516 1184 3589 aquarum
1210 3498 1332 3592 aliqua
1359 3500 1494 3593 appetit

325 3616 454 3707 solem,
478 3613 601 3708 aliqua
627 3634 710 3687 non.
737 3614 781 3686 Et
806 3613 863 3688 bic
896 3621 992 3708 nota,
1020 3616 1119 3708 quod
1151 3623 1267 3710 poetae
1299 3617 1441 3714 fingunt
1455 3609 1492 3711 (²)

324 3736 487 3811 diversas
504 3755 584 3809 esse
602 3734 791 3830 nymphas,
810 3734 911 3827 idest,
925 3735 1013 3809 deas
1030 3736 1184 3810 fontium
1204 3738 1280 3813 sive
1298 3760 1493 3833 aquarum,

327 3876 392 3952 per
430 3876 523 3949 quas
559 3853 765 3949 intelligunt
803 3854 923 3927 varias
961 3855 1058 3930 vires
1083 3862 1120 3930 et
1144 3859 1323 3950 potentias
1361 3858 1424 3931 Dei
1458 3859 1493 3932 in

325 3977 449 4070 aquis:
481 3980 518 4049 et
549 3994 638 4048 vere
669 3975 824 4048 virtutes
857 3981 895 4048 et
925 3976 1166 4070 proprietates
1195 3997 1378 4071 aquarum
1410 3985 1498 4051 sunt

327 4096 555 4170 miraculosae
580 4094 688 4167 nimis
712 4101 750 4168 et
775 4093 1003 4168 incredibiles
1028 4095 1064 4167 in
1085 4095 1237 4170 diversis
1257 4099 1431 4192 partibus,
1455 4104 1495 4170 ut

326 4215 475 4290 scientia
500 4221 538 4289 et
562 4213 786 4309 experientia
811 4213 937 4288 docet:
971 4220 1057 4288 nota
1082 4215 1192 4288 etiarn
1221 4216 1318 4311 quod
1344 4238 1495 4311 compa-

329 4335 420 4410 ratio
445 4342 501 4410 est
526 4336 633 4410 valde
662 4334 828 4429 propria,
860 4354 945 4407 nam
978 4335 1160 4430 nymphae,
1193 4344 1235 4409 ut
1265 4343 1364 4431 patet
1398 4338 1498 4432 apud

326 4456 462 4530 multos
478 4461 639 4548 autores,
662 4454 822 4550 figurant
839 4451 938 4525 viros
958 4453 1129 4527 honestos
1147 4459 1184 4527 et
1203 4457 1394 4550 sapientes,
1414 4456 1494 4530 ideo

326 4578 421 4651 bene
446 4575 607 4672 figurant
631 4574 691 4648 bic
715 4574 821 4647 istam
851 4571 1038 4646 dominam
1072 4574 1262 4650 honestam
1290 4584 1327 4649 et
1352 4578 1495 4671 sapien-

325 4703 399 4771 tem
432 4702 470 4770 et
500 4701 667 4769 nostrum
695 4700 840 4789 poetam
857 4683 912 4784 (³):
931 4699 969 4767 et
992 4693 1086 4766 sicut
1107 4698 1288 4790 nympbae,
1310 4696 1402 4772 idest
1427 4698 1495 4769 bo-

325 4822 439 4891 ncstae
458 4814 627 4907 dominae,
644 4814 818 4889 incedunt
842 4832 957 4906 parvo
976 4833 1097 4907 passu,
1117 4814 1164 4887 ita
1183 4836 1280 4889 nunc
1301 4814 1369 4909 isti,
1391 4816 1492 4890 etita

387 5004 416 5065 (¹)
431 5004 468 5053 be
484 5002 574 5065 parole
589 5001 629 5053 fre
645 5004 654 5053 i
668 5004 719 5052 due
735 5002 866 5053 asteriscbl
883 5015 930 5051 son
945 5001 1057 5064 supplilo
1072 5003 1115 5052 dal
1130 5002 1222 5055 Codice
1240 5008 1293 5053 ill.

389 5079 418 5145 (²)
433 5080 464 5130 B.
480 5079 580 5143 tingunt
595 5080 695 5144 aliqum
709 5080 830 5131 diversae
965 5078 993 5140 (⁸)
1009 5079 1039 5130 E.
1056 5084 1159 5144 poetam
1175 5094 1276 5132 secum:
1293 5086 1319 5132 et
1335 5082 1409 5133 sicut.
