<?xml version="1.0" encoding="UTF-8"?>
<!DOCTYPE html PUBLIC "-//W3C//DTD XHTML 1.0 Transitional//EN"
    "http://www.w3.org/TR/xhtml1/DTD/xhtml1-transitional.dtd">
<html xmlns="http://www.w3.org/1999/xhtml" xml:lang="en" lang="en">
 <head>
  <title>
</title>
<meta http-equiv="Content-Type" content="text/html;charset=utf-8" />
  <meta name='ocr-system' content='tesseract 3.04.00' />
  <meta name='ocr-capabilities' content='ocr_page ocr_carea ocr_par ocr_line ocrx_word'/>
</head>
<body>
  <div class='ocr_page' id='page_1' title='image "benevenutideram01lacagoog_0507.png"; bbox 0 0 4342 6692; ppageno 0'>
   <div class='ocr_carea' id='block_1_1' title="bbox 758 909 1514 977">
    <p class='ocr_par' dir='ltr' id='par_1_1' title="bbox 758 909 1514 977">
     <span class='ocr_line' id='line_1_1' title="bbox 758 909 1514 977; baseline 0.004 -3"><span class='ocrx_word' id='word_1_1' title='bbox 758 917 896 974; x_wconf 69' lang='lat' dir='ltr'>murus</span> <span class='ocrx_word' id='word_1_2' title='bbox 920 917 1092 974; x_wconf 74' lang='lat' dir='ltr'><strong>OCTAVUS·</strong></span> <span class='ocrx_word' id='word_1_3' title='bbox 1443 909 1514 977; x_wconf 77' lang='lat' dir='ltr'>loe</span> 
     </span>
    </p>
   </div>
   <div class='ocr_carea' id='block_1_2' title="bbox 340 1047 1661 1163">
    <p class='ocr_par' dir='ltr' id='par_1_2' title="bbox 340 1047 1661 1163">
     <span class='ocr_line' id='line_1_2' title="bbox 340 1047 1661 1163; baseline 0.002 -23"><span class='ocrx_word' id='word_1_4' title='bbox 340 1064 625 1158; x_wconf 73' lang='lat' dir='ltr'><strong>conclusionem,</strong></span> <span class='ocrx_word' id='word_1_5' title='bbox 643 1063 730 1159; x_wconf 91' lang='lat' dir='ltr'>quia</span> <span class='ocrx_word' id='word_1_6' title='bbox 749 1064 825 1140; x_wconf 89' lang='lat' dir='ltr'>scio</span> <span class='ocrx_word' id='word_1_7' title='bbox 842 1065 940 1160; x_wconf 87' lang='lat' dir='ltr'>quod</span> <span class='ocrx_word' id='word_1_8' title='bbox 957 1064 1169 1140; x_wconf 77' lang='lat' dir='ltr'>Aristoteles</span> <span class='ocrx_word' id='word_1_9' title='bbox 1196 1063 1363 1140; x_wconf 84' lang='lat' dir='ltr'>nobiliter</span> <span class='ocrx_word' id='word_1_10' title='bbox 1382 1062 1513 1163; x_wconf 90' lang='lat' dir='ltr'>probat</span> <span class='ocrx_word' id='word_1_11' title='bbox 1659 1047 1661 1052; x_wconf 53' lang='grc'><strong>’</strong></span> 
     </span>
    </p>
   </div>
   <div class='ocr_carea' id='block_1_3' title="bbox 339 1183 1513 2000">
    <p class='ocr_par' dir='ltr' id='par_1_3' title="bbox 339 1183 1513 2000">
     <span class='ocr_line' id='line_1_3' title="bbox 340 1183 1513 1283; baseline 0 -21"><span class='ocrx_word' id='word_1_12' title='bbox 340 1207 423 1262; x_wconf 88' lang='lat' dir='ltr'>eam</span> <span class='ocrx_word' id='word_1_13' title='bbox 440 1205 507 1283; x_wconf 91' lang='lat' dir='ltr'>per</span> <span class='ocrx_word' id='word_1_14' title='bbox 524 1187 672 1283; x_wconf 82' lang='lat' dir='ltr'>longam</span> <span class='ocrx_word' id='word_1_15' title='bbox 688 1184 957 1262; x_wconf 90' lang='lat' dir='ltr'>deductionem.</span> <span class='ocrx_word' id='word_1_16' title='bbox 976 1185 1020 1259; x_wconf 88' lang='lat' dir='ltr'>Et</span> <span class='ocrx_word' id='word_1_17' title='bbox 1036 1184 1083 1259; x_wconf 93' lang='lat' dir='ltr'>ad</span> <span class='ocrx_word' id='word_1_18' title='bbox 1099 1183 1384 1280; x_wconf 64' lang='lat' dir='ltr'>declarationem</span> <span class='ocrx_word' id='word_1_19' title='bbox 1402 1187 1513 1262; x_wconf 86' lang='lat' dir='ltr'>huius</span> 
     </span>
     <span class='ocr_line' id='line_1_4' title="bbox 339 1305 1511 1402; baseline -0.001 -19"><span class='ocrx_word' id='word_1_20' title='bbox 339 1307 485 1383; x_wconf 83' lang='lat' dir='ltr'>adducit</span> <span class='ocrx_word' id='word_1_21' title='bbox 510 1306 609 1402; x_wconf 85' lang='lat' dir='ltr'>quod</span> <span class='ocrx_word' id='word_1_22' title='bbox 635 1305 714 1380; x_wconf 91' lang='lat' dir='ltr'>talis</span> <span class='ocrx_word' id='word_1_23' title='bbox 730 1305 881 1382; x_wconf 78' lang='lat' dir='ltr'><strong>civilitas</strong></span> <span class='ocrx_word' id='word_1_24' title='bbox 899 1327 973 1380; x_wconf 94' lang='lat' dir='ltr'>non</span> <span class='ocrx_word' id='word_1_25' title='bbox 993 1311 1110 1402; x_wconf 82' lang='lat' dir='ltr'>podest</span> <span class='ocrx_word' id='word_1_26' title='bbox 1127 1305 1255 1380; x_wconf 90' lang='lat' dir='ltr'>haberi</span> <span class='ocrx_word' id='word_1_27' title='bbox 1277 1305 1346 1380; x_wconf 91' lang='lat' dir='ltr'>nisi</span> <span class='ocrx_word' id='word_1_28' title='bbox 1370 1327 1436 1402; x_wconf 92' lang='lat' dir='ltr'>per</span> <span class='ocrx_word' id='word_1_29' title='bbox 1455 1307 1511 1382; x_wconf 91' lang='lat' dir='ltr'>di·</span> 
     </span>
     <span class='ocr_line' id='line_1_5' title="bbox 339 1424 1511 1524; baseline -0.001 -22"><span class='ocrx_word' id='word_1_30' title='bbox 339 1447 446 1512; x_wconf 86' lang='lat' dir='ltr'>versa</span> <span class='ocrx_word' id='word_1_31' title='bbox 472 1426 590 1501; x_wconf 92' lang='lat' dir='ltr'>studia</span> <span class='ocrx_word' id='word_1_32' title='bbox 616 1424 831 1520; x_wconf 65' lang='lat' dir='ltr'>hominum</span> <span class='ocrx_word' id='word_1_33' title='bbox 859 1425 957 1500; x_wconf 90' lang='lat' dir='ltr'>unde</span> <span class='ocrx_word' id='word_1_34' title='bbox 982 1424 1082 1522; x_wconf 92' lang='lat' dir='ltr'>ponit</span> <span class='ocrx_word' id='word_1_35' title='bbox 1112 1424 1222 1500; x_wconf 88' lang='lat' dir='ltr'>aliam</span> <span class='ocrx_word' id='word_1_36' title='bbox 1255 1425 1511 1524; x_wconf 79' lang='lat' dir='ltr'>interrogatio-</span> 
     </span>
     <span class='ocr_line' id='line_1_6' title="bbox 341 1537 1510 1640; baseline 0.001 -20"><span class='ocrx_word' id='word_1_37' title='bbox 341 1567 424 1623; x_wconf 87' lang='lat' dir='ltr'>nem</span> <span class='ocrx_word' id='word_1_38' title='bbox 442 1546 562 1622; x_wconf 87' lang='lat' dir='ltr'>Caroli</span> <span class='ocrx_word' id='word_1_39' title='bbox 581 1545 754 1621; x_wconf 89' lang='lat' dir='ltr'>dicentis:</span> <span class='ocrx_word' id='word_1_40' title='bbox 781 1537 884 1638; x_wconf 84' lang='lat' dir='ltr'>opud</span> <span class='ocrx_word' id='word_1_41' title='bbox 901 1548 969 1637; x_wconf 79' lang='lat' dir='ltr'>epti</span> <span class='ocrx_word' id='word_1_42' title='bbox 984 1566 1109 1636; x_wconf 80' lang='lat' dir='ltr'>essere,</span> <span class='ocrx_word' id='word_1_43' title='bbox 1127 1545 1263 1620; x_wconf 90' lang='lat' dir='ltr'>scilicet</span> <span class='ocrx_word' id='word_1_44' title='bbox 1280 1546 1380 1640; x_wconf 84' lang='lat' dir='ltr'>quod</span> <span class='ocrx_word' id='word_1_45' title='bbox 1396 1547 1510 1621; x_wconf 89' lang='lat' dir='ltr'>homo</span> 
     </span>
     <span class='ocr_line' id='line_1_7' title="bbox 339 1661 1510 1760; baseline 0.003 -22"><span class='ocrx_word' id='word_1_46' title='bbox 339 1665 384 1740; x_wconf 87' lang='lat' dir='ltr'>sit</span> <span class='ocrx_word' id='word_1_47' title='bbox 408 1665 496 1741; x_wconf 85' lang='lat' dir='ltr'>civis</span> <span class='ocrx_word' id='word_1_48' title='bbox 522 1665 559 1739; x_wconf 95' lang='lat' dir='ltr'>in</span> <span class='ocrx_word' id='word_1_49' title='bbox 585 1664 734 1760; x_wconf 91' lang='lat' dir='ltr'>mundo,</span> <span class='ocrx_word' id='word_1_50' title='bbox 760 1661 880 1756; x_wconf 76' lang='lat' dir='ltr'>sepiri</span> <span class='ocrx_word' id='word_1_51' title='bbox 904 1668 1024 1738; x_wconf 78' lang='lat' dir='ltr'>most</span> <span class='ocrx_word' id='word_1_52' title='bbox 1047 1667 1135 1756; x_wconf 76' lang='lat' dir='ltr'>ville,</span> <span class='ocrx_word' id='word_1_53' title='bbox 1152 1665 1200 1739; x_wconf 91' lang='lat' dir='ltr'>ab</span> <span class='ocrx_word' id='word_1_54' title='bbox 1221 1666 1430 1741; x_wconf 85' lang='lat' dir='ltr'>nominibus</span> <span class='ocrx_word' id='word_1_55' title='bbox 1455 1667 1510 1741; x_wconf 91' lang='lat' dir='ltr'>di-</span> 
     </span>
     <span class='ocr_line' id='line_1_8' title="bbox 341 1785 1507 1880; baseline 0 -21"><span class='ocrx_word' id='word_1_56' title='bbox 341 1785 464 1880; x_wconf 75' lang='lat' dir='ltr'>versiS,</span> <span class='ocrx_word' id='word_1_57' title='bbox 483 1787 738 1860; x_wconf 83' lang='lat' dir='ltr'>diversameatc</span> <span class='ocrx_word' id='word_1_58' title='bbox 746 1805 813 1878; x_wconf 86' lang='lat' dir='ltr'>per</span> <span class='ocrx_word' id='word_1_59' title='bbox 830 1787 960 1859; x_wconf 73' lang='lat' dir='ltr'>dtvmsi</span> <span class='ocrx_word' id='word_1_60' title='bbox 975 1786 1094 1877; x_wconf 71' lang='lat' dir='ltr'>aspici?</span> <span class='ocrx_word' id='word_1_61' title='bbox 1111 1785 1155 1858; x_wconf 84' lang='lat' dir='ltr'>Et</span> <span class='ocrx_word' id='word_1_62' title='bbox 1172 1785 1366 1880; x_wconf 84' lang='lat' dir='ltr'>respondet</span> <span class='ocrx_word' id='word_1_63' title='bbox 1379 1792 1507 1860; x_wconf 91' lang='lat' dir='ltr'>autor:</span> 
     </span>
     <span class='ocr_line' id='line_1_9' title="bbox 339 1903 1506 2000; baseline 0.001 -22"><span class='ocrx_word' id='word_1_64' title='bbox 339 1925 412 1979; x_wconf 92' lang='lat' dir='ltr'>non</span> <span class='ocrx_word' id='word_1_65' title='bbox 444 1911 563 1999; x_wconf 88' lang='lat' dir='ltr'>potest</span> <span class='ocrx_word' id='word_1_66' title='bbox 591 1925 695 2000; x_wconf 72' lang='lat' dir='ltr'>esse,</span> <span class='ocrx_word' id='word_1_67' title='bbox 730 1911 768 1981; x_wconf 90' lang='lat' dir='ltr'>ct</span> <span class='ocrx_word' id='word_1_68' title='bbox 795 1903 942 1980; x_wconf 82' lang='lat' dir='ltr'>adducit</span> <span class='ocrx_word' id='word_1_69' title='bbox 973 1904 1153 2000; x_wconf 89' lang='lat' dir='ltr'>optimum</span> <span class='ocrx_word' id='word_1_70' title='bbox 1187 1909 1331 1999; x_wconf 88' lang='lat' dir='ltr'>testem,</span> <span class='ocrx_word' id='word_1_71' title='bbox 1360 1906 1506 1981; x_wconf 88' lang='lat' dir='ltr'>dicens:</span> 
     </span>
    </p>
   </div>
   <div class='ocr_carea' id='block_1_4' title="bbox 337 2025 1626 2121">
    <p class='ocr_par' dir='ltr' id='par_1_4' title="bbox 337 2025 1626 2121">
     <span class='ocr_line' id='line_1_10' title="bbox 337 2025 1626 2121; baseline 0.004 -19"><span class='ocrx_word' id='word_1_72' title='bbox 337 2048 398 2118; x_wconf 84' lang='lat' dir='ltr'>oc,</span> <span class='ocrx_word' id='word_1_73' title='bbox 422 2047 460 2100; x_wconf 87' lang='lat' dir='ltr'>se</span> <span class='ocrx_word' id='word_1_74' title='bbox 475 2030 501 2101; x_wconf 79' lang='lat' dir='ltr'>’l</span> <span class='ocrx_word' id='word_1_75' title='bbox 533 2033 843 2118; x_wconf 64' lang='lat' dir='ltr'>maestosuocuo,</span> <span class='ocrx_word' id='word_1_76' title='bbox 876 2025 1012 2102; x_wconf 90' lang='lat' dir='ltr'>scilicet</span> <span class='ocrx_word' id='word_1_77' title='bbox 1035 2025 1257 2119; x_wconf 82' lang='lat' dir='ltr'>Aristoteles,</span> <span class='ocrx_word' id='word_1_78' title='bbox 1284 2046 1396 2121; x_wconf 87' lang='lat' dir='ltr'>quem</span> <span class='ocrx_word' id='word_1_79' title='bbox 1423 2027 1509 2100; x_wconf 85' lang='lat' dir='ltr'><strong>Avi·</strong></span> <span class='ocrx_word' id='word_1_80' title='bbox 1623 2100 1626 2107; x_wconf 85' lang='grc'><em>,</em></span> 
     </span>
    </p>
   </div>
   <div class='ocr_carea' id='block_1_5' title="bbox 264 2145 1509 4887">
    <p class='ocr_par' dir='ltr' id='par_1_5' title="bbox 264 2145 1509 4887">
     <span class='ocr_line' id='line_1_11' title="bbox 337 2145 1508 2244; baseline -0.002 -20"><span class='ocrx_word' id='word_1_81' title='bbox 337 2169 453 2224; x_wconf 89' lang='lat' dir='ltr'>cenna</span> <span class='ocrx_word' id='word_1_82' title='bbox 470 2153 578 2224; x_wconf 86' lang='lat' dir='ltr'>vocat</span> <span class='ocrx_word' id='word_1_83' title='bbox 596 2147 813 2244; x_wconf 79' lang='lat' dir='ltr'>magistrum</span> <span class='ocrx_word' id='word_1_84' title='bbox 830 2145 1083 2243; x_wconf 65' lang='lat' dir='ltr'>primumdum</span> <span class='ocrx_word' id='word_1_85' title='bbox 1101 2151 1136 2222; x_wconf 79' lang='lat' dir='ltr'>oi</span> <span class='ocrx_word' id='word_1_86' title='bbox 1150 2150 1271 2222; x_wconf 73' lang='lat' dir='ltr'>serice.</span> <span class='ocrx_word' id='word_1_87' title='bbox 1286 2148 1330 2221; x_wconf 88' lang='lat' dir='ltr'>Et</span> <span class='ocrx_word' id='word_1_88' title='bbox 1347 2147 1405 2220; x_wconf 84' lang='lat' dir='ltr'>iric</span> <span class='ocrx_word' id='word_1_89' title='bbox 1422 2153 1508 2222; x_wconf 90' lang='lat' dir='ltr'>nota</span> 
     </span>
     <span class='ocr_line' id='line_1_12' title="bbox 336 2266 1509 2363; baseline -0.001 -20"><span class='ocrx_word' id='word_1_90' title='bbox 336 2269 434 2363; x_wconf 88' lang='lat' dir='ltr'>quod</span> <span class='ocrx_word' id='word_1_91' title='bbox 451 2267 661 2342; x_wconf 82' lang='lat' dir='ltr'>Aristoteles</span> <span class='ocrx_word' id='word_1_92' title='bbox 678 2287 766 2342; x_wconf 92' lang='lat' dir='ltr'>cum</span> <span class='ocrx_word' id='word_1_93' title='bbox 783 2266 820 2341; x_wconf 91' lang='lat' dir='ltr'>iu</span> <span class='ocrx_word' id='word_1_94' title='bbox 837 2266 1008 2341; x_wconf 90' lang='lat' dir='ltr'>omnibus</span> <span class='ocrx_word' id='word_1_95' title='bbox 1034 2266 1145 2341; x_wconf 92' lang='lat' dir='ltr'>luerit</span> <span class='ocrx_word' id='word_1_96' title='bbox 1171 2288 1337 2363; x_wconf 80' lang='lat' dir='ltr'>magnus,</span> <span class='ocrx_word' id='word_1_97' title='bbox 1364 2267 1402 2340; x_wconf 92' lang='lat' dir='ltr'>in</span> <span class='ocrx_word' id='word_1_98' title='bbox 1427 2287 1509 2342; x_wconf 91' lang='lat' dir='ltr'>mo-</span> 
     </span>
     <span class='ocr_line' id='line_1_13' title="bbox 337 2386 1509 2484; baseline -0.003 -21"><span class='ocrx_word' id='word_1_99' title='bbox 337 2388 473 2464; x_wconf 89' lang='lat' dir='ltr'>ralibus</span> <span class='ocrx_word' id='word_1_100' title='bbox 499 2394 623 2462; x_wconf 86' lang='lat' dir='ltr'>tamen</span> <span class='ocrx_word' id='word_1_101' title='bbox 647 2387 715 2462; x_wconf 86' lang='lat' dir='ltr'>luit</span> <span class='ocrx_word' id='word_1_102' title='bbox 741 2386 945 2480; x_wconf 80' lang='lat' dir='ltr'>maximus3</span> <span class='ocrx_word' id='word_1_103' title='bbox 963 2386 1065 2461; x_wconf 90' lang='lat' dir='ltr'>Plato</span> <span class='ocrx_word' id='word_1_104' title='bbox 1088 2394 1212 2462; x_wconf 89' lang='lat' dir='ltr'>tamen</span> <span class='ocrx_word' id='word_1_105' title='bbox 1237 2387 1355 2484; x_wconf 82' lang='lat' dir='ltr'>magis</span> <span class='ocrx_word' id='word_1_106' title='bbox 1380 2387 1509 2462; x_wconf 91' lang='lat' dir='ltr'>enituit</span> 
     </span>
     <span class='ocr_line' id='line_1_14' title="bbox 336 2505 1508 2602; baseline -0.003 -18"><span class='ocrx_word' id='word_1_107' title='bbox 336 2506 560 2602; x_wconf 89' lang='lat' dir='ltr'>eloquentia:</span> <span class='ocrx_word' id='word_1_108' title='bbox 577 2506 675 2582; x_wconf 90' lang='lat' dir='ltr'>unde</span> <span class='ocrx_word' id='word_1_109' title='bbox 686 2505 897 2581; x_wconf 85' lang='lat' dir='ltr'>Aristoteles</span> <span class='ocrx_word' id='word_1_110' title='bbox 913 2505 970 2580; x_wconf 86' lang='lat' dir='ltr'>vir</span> <span class='ocrx_word' id='word_1_111' title='bbox 987 2506 1198 2582; x_wconf 87' lang='lat' dir='ltr'>excellentis</span> <span class='ocrx_word' id='word_1_112' title='bbox 1214 2506 1348 2602; x_wconf 85' lang='lat' dir='ltr'>ingenii</span> <span class='ocrx_word' id='word_1_113' title='bbox 1361 2506 1508 2601; x_wconf 87' lang='lat' dir='ltr'>eloquio</span> 
     </span>
     <span class='ocr_line' id='line_1_15' title="bbox 338 2626 1508 2732; baseline -0.002 -28"><span class='ocrx_word' id='word_1_114' title='bbox 338 2627 478 2704; x_wconf 90' lang='lat' dir='ltr'>Platoni</span> <span class='ocrx_word' id='word_1_115' title='bbox 503 2628 646 2732; x_wconf 79' lang='lat' dir='ltr'>impar3</span> <span class='ocrx_word' id='word_1_116' title='bbox 673 2647 745 2701; x_wconf 91' lang='lat' dir='ltr'>non</span> <span class='ocrx_word' id='word_1_117' title='bbox 773 2632 896 2702; x_wconf 90' lang='lat' dir='ltr'>tamen</span> <span class='ocrx_word' id='word_1_118' title='bbox 913 2626 972 2701; x_wconf 85' lang='lat' dir='ltr'>iric</span> <span class='ocrx_word' id='word_1_119' title='bbox 989 2627 1164 2724; x_wconf 82' lang='lat' dir='ltr'>magister</span> <span class='ocrx_word' id='word_1_120' title='bbox 1184 2627 1307 2702; x_wconf 93' lang='lat' dir='ltr'>omnia</span> <span class='ocrx_word' id='word_1_121' title='bbox 1324 2627 1427 2702; x_wconf 87' lang='lat' dir='ltr'>scivit</span> <span class='ocrx_word' id='word_1_122' title='bbox 1444 2627 1508 2702; x_wconf 89' lang='lat' dir='ltr'>sed</span> 
     </span>
     <span class='ocr_line' id='line_1_16' title="bbox 335 2738 1508 2845; baseline -0.002 -23"><span class='ocrx_word' id='word_1_123' title='bbox 335 2749 580 2845; x_wconf 88' lang='lat' dir='ltr'>pluraquam</span> <span class='ocrx_word' id='word_1_124' title='bbox 606 2738 821 2822; x_wconf 78' lang='lat' dir='ltr'>alius—Si</span> <span class='ocrx_word' id='word_1_125' title='bbox 848 2767 966 2820; x_wconf 83' lang='lat' dir='ltr'>venue.</span> <span class='ocrx_word' id='word_1_126' title='bbox 999 2746 1064 2820; x_wconf 90' lang='lat' dir='ltr'>Hic</span> <span class='ocrx_word' id='word_1_127' title='bbox 1093 2753 1201 2841; x_wconf 86' lang='lat' dir='ltr'>poeta</span> <span class='ocrx_word' id='word_1_128' title='bbox 1233 2767 1282 2820; x_wconf 81' lang='lat' dir='ltr'>ex</span> <span class='ocrx_word' id='word_1_129' title='bbox 1312 2747 1508 2842; x_wconf 90' lang='lat' dir='ltr'>praemissis</span> 
     </span>
     <span class='ocr_line' id='line_1_17' title="bbox 335 2862 1508 2964; baseline -0.002 -20"><span class='ocrx_word' id='word_1_130' title='bbox 335 2868 436 2964; x_wconf 92' lang='lat' dir='ltr'>ponit</span> <span class='ocrx_word' id='word_1_131' title='bbox 468 2867 740 2944; x_wconf 88' lang='lat' dir='ltr'>conclusionem</span> <span class='ocrx_word' id='word_1_132' title='bbox 766 2866 914 2959; x_wconf 87' lang='lat' dir='ltr'>Caroli;-</span> <span class='ocrx_word' id='word_1_133' title='bbox 941 2865 1039 2942; x_wconf 91' lang='lat' dir='ltr'>unde</span> <span class='ocrx_word' id='word_1_134' title='bbox 1071 2866 1157 2941; x_wconf 90' lang='lat' dir='ltr'>dicit</span> <span class='ocrx_word' id='word_1_135' title='bbox 1189 2866 1447 2961; x_wconf 83' lang='lat' dir='ltr'>continuative,</span> <span class='ocrx_word' id='word_1_136' title='bbox 1478 2862 1508 2942; x_wconf 82' lang='lat' dir='ltr'>si</span> 
     </span>
     <span class='ocr_line' id='line_1_18' title="bbox 335 2986 1506 3083; baseline -0.002 -19"><span class='ocrx_word' id='word_1_137' title='bbox 335 3011 442 3064; x_wconf 82' lang='lat' dir='ltr'>oenoe</span> <span class='ocrx_word' id='word_1_138' title='bbox 467 2991 679 3082; x_wconf 82' lang='lat' dir='ltr'>deducendo,</span> <span class='ocrx_word' id='word_1_139' title='bbox 706 2988 753 3062; x_wconf 89' lang='lat' dir='ltr'>de</span> <span class='ocrx_word' id='word_1_140' title='bbox 779 2986 983 3070; x_wconf 84' lang='lat' dir='ltr'>rationein</span> <span class='ocrx_word' id='word_1_141' title='bbox 1009 2986 1202 3082; x_wconf 89' lang='lat' dir='ltr'>rationem,</span> <span class='ocrx_word' id='word_1_142' title='bbox 1218 2990 1333 3062; x_wconf 78' lang='lat' dir='ltr'>tesino</span> <span class='ocrx_word' id='word_1_143' title='bbox 1354 3010 1379 3062; x_wconf 87' lang='lat' dir='ltr'>c</span> <span class='ocrx_word' id='word_1_144' title='bbox 1403 2991 1506 3083; x_wconf 77' lang='lat' dir='ltr'>putei,</span> 
     </span>
     <span class='ocr_line' id='line_1_19' title="bbox 335 3109 1505 3202; baseline -0.001 -19"><span class='ocrx_word' id='word_1_145' title='bbox 335 3109 427 3184; x_wconf 88' lang='lat' dir='ltr'>idest</span> <span class='ocrx_word' id='word_1_146' title='bbox 450 3109 496 3184; x_wconf 99' lang='lat' dir='ltr'>ad</span> <span class='ocrx_word' id='word_1_147' title='bbox 522 3110 621 3184; x_wconf 89' lang='lat' dir='ltr'>hunc</span> <span class='ocrx_word' id='word_1_148' title='bbox 646 3115 849 3202; x_wconf 78' lang='lat' dir='ltr'>punctum,</span> <span class='ocrx_word' id='word_1_149' title='bbox 869 3109 995 3200; x_wconf 86' lang='lat' dir='ltr'>poscta</span> <span class='ocrx_word' id='word_1_150' title='bbox 1019 3110 1376 3200; x_wconf 61' lang='lat' dir='ltr'>scammellorum</span> <span class='ocrx_word' id='word_1_151' title='bbox 1392 3111 1424 3182; x_wconf 86' lang='lat' dir='ltr'>te</span> <span class='ocrx_word' id='word_1_152' title='bbox 1439 3129 1505 3182; x_wconf 88' lang='lat' dir='ltr'>ru-</span> 
     </span>
     <span class='ocr_line' id='line_1_20' title="bbox 335 3228 1504 3324; baseline -0.003 -20"><span class='ocrx_word' id='word_1_153' title='bbox 335 3231 417 3320; x_wconf 81' lang='lat' dir='ltr'>dtcu&#39;,</span> <span class='ocrx_word' id='word_1_154' title='bbox 434 3228 536 3324; x_wconf 85' lang='lat' dir='ltr'>idest,</span> <span class='ocrx_word' id='word_1_155' title='bbox 555 3249 687 3322; x_wconf 87' lang='lat' dir='ltr'>causae,</span> <span class='ocrx_word' id='word_1_156' title='bbox 708 3229 761 3302; x_wconf 85' lang='lat' dir='ltr'>de’</span> <span class='ocrx_word' id='word_1_157' title='bbox 774 3229 885 3301; x_wconf 78' lang='lat' dir='ltr'>uostrr&#39;</span> <span class='ocrx_word' id='word_1_158' title='bbox 908 3230 1010 3320; x_wconf 75' lang='lat' dir='ltr'>effecti</span> <span class='ocrx_word' id='word_1_159' title='bbox 1033 3230 1197 3302; x_wconf 72' lang='lat' dir='ltr'>coamens</span> <span class='ocrx_word' id='word_1_160' title='bbox 1220 3249 1332 3301; x_wconf 85' lang='lat' dir='ltr'>essere</span> <span class='ocrx_word' id='word_1_161' title='bbox 1356 3230 1504 3320; x_wconf 82' lang='lat' dir='ltr'>diverse,</span> 
     </span>
     <span class='ocr_line' id='line_1_21' title="bbox 333 3346 1506 3444; baseline -0.002 -20"><span class='ocrx_word' id='word_1_162' title='bbox 333 3349 380 3424; x_wconf 91' lang='lat' dir='ltr'>ad</span> <span class='ocrx_word' id='word_1_163' title='bbox 406 3349 500 3426; x_wconf 90' lang='lat' dir='ltr'>bene</span> <span class='ocrx_word' id='word_1_164' title='bbox 525 3369 606 3426; x_wconf 86' lang='lat' dir='ltr'>esse</span> <span class='ocrx_word' id='word_1_165' title='bbox 631 3348 798 3444; x_wconf 90' lang='lat' dir='ltr'>hominis,</span> <span class='ocrx_word' id='word_1_166' title='bbox 824 3346 871 3424; x_wconf 90' lang='lat' dir='ltr'>ad</span> <span class='ocrx_word' id='word_1_167' title='bbox 897 3347 1067 3424; x_wconf 85' lang='lat' dir='ltr'>decorem</span> <span class='ocrx_word' id='word_1_168' title='bbox 1100 3347 1272 3423; x_wconf 85' lang='lat' dir='ltr'>universi.</span> <span class='ocrx_word' id='word_1_169' title='bbox 1307 3349 1350 3420; x_wconf 87' lang='lat' dir='ltr'>Et</span> <span class='ocrx_word' id='word_1_170' title='bbox 1375 3348 1506 3442; x_wconf 87' lang='lat' dir='ltr'>probat</span> 
     </span>
     <span class='ocr_line' id='line_1_22' title="bbox 333 3466 1506 3562; baseline -0.001 -19"><span class='ocrx_word' id='word_1_171' title='bbox 333 3469 580 3546; x_wconf 86' lang='lat' dir='ltr'>diversitatem</span> <span class='ocrx_word' id='word_1_172' title='bbox 599 3469 798 3545; x_wconf 78' lang='lat' dir='ltr'>effectuum</span> <span class='ocrx_word' id='word_1_173' title='bbox 817 3487 882 3562; x_wconf 91' lang='lat' dir='ltr'>per</span> <span class='ocrx_word' id='word_1_174' title='bbox 902 3466 1047 3543; x_wconf 90' lang='lat' dir='ltr'>diversa</span> <span class='ocrx_word' id='word_1_175' title='bbox 1065 3469 1246 3562; x_wconf 83' lang='lat' dir='ltr'>exempla,</span> <span class='ocrx_word' id='word_1_176' title='bbox 1263 3467 1404 3542; x_wconf 89' lang='lat' dir='ltr'>dicens:</span> <span class='ocrx_word' id='word_1_177' title='bbox 1419 3488 1506 3561; x_wconf 87' lang='lat' dir='ltr'>per-</span> 
     </span>
     <span class='ocr_line' id='line_1_23' title="bbox 332 3585 1507 3683; baseline -0.001 -20"><span class='ocrx_word' id='word_1_178' title='bbox 332 3585 394 3664; x_wconf 69' lang='lat' dir='ltr'>coe*</span> <span class='ocrx_word' id='word_1_179' title='bbox 415 3610 475 3681; x_wconf 84' lang='lat' dir='ltr'>ua,</span> <span class='ocrx_word' id='word_1_180' title='bbox 493 3589 596 3682; x_wconf 90' lang='lat' dir='ltr'>idest,</span> <span class='ocrx_word' id='word_1_181' title='bbox 614 3588 745 3683; x_wconf 84' lang='lat' dir='ltr'>aliquis</span> <span class='ocrx_word' id='word_1_182' title='bbox 770 3588 894 3681; x_wconf 92' lang='lat' dir='ltr'>homo,</span> <span class='ocrx_word' id='word_1_183' title='bbox 911 3608 1016 3662; x_wconf 84' lang='lat' dir='ltr'>nosce</span> <span class='ocrx_word' id='word_1_184' title='bbox 1041 3590 1187 3682; x_wconf 55' lang='lat' dir='ltr'>solone</span> <span class='ocrx_word' id='word_1_185' title='bbox 1213 3586 1323 3662; x_wconf 90' lang='lat' dir='ltr'>Solon</span> <span class='ocrx_word' id='word_1_186' title='bbox 1341 3587 1409 3661; x_wconf 93' lang='lat' dir='ltr'>luit</span> <span class='ocrx_word' id='word_1_187' title='bbox 1427 3588 1507 3682; x_wconf 92' lang='lat' dir='ltr'>phi·</span> 
     </span>
     <span class='ocr_line' id='line_1_24' title="bbox 264 3701 1506 3805; baseline 0 -22"><span class='ocrx_word' id='word_1_188' title='bbox 264 3701 268 3710; x_wconf 83' lang='lat'>&#39;</span> <span class='ocrx_word' id='word_1_189' title='bbox 332 3710 504 3805; x_wconf 90' lang='lat' dir='ltr'>losopbus</span> <span class='ocrx_word' id='word_1_190' title='bbox 536 3708 767 3803; x_wconf 87' lang='lat' dir='ltr'>atheniensis,</span> <span class='ocrx_word' id='word_1_191' title='bbox 794 3729 891 3783; x_wconf 90' lang='lat' dir='ltr'>unus</span> <span class='ocrx_word' id='word_1_192' title='bbox 925 3728 972 3784; x_wconf 83' lang='lat' dir='ltr'>ex</span> <span class='ocrx_word' id='word_1_193' title='bbox 1005 3714 1144 3803; x_wconf 88' lang='lat' dir='ltr'>septem</span> <span class='ocrx_word' id='word_1_194' title='bbox 1175 3708 1409 3802; x_wconf 89' lang='lat' dir='ltr'>sapientibus,</span> <span class='ocrx_word' id='word_1_195' title='bbox 1442 3711 1506 3803; x_wconf 90' lang='lat' dir='ltr'>qui</span> 
     </span>
     <span class='ocr_line' id='line_1_25' title="bbox 331 3826 1506 3925; baseline -0.001 -22"><span class='ocrx_word' id='word_1_196' title='bbox 331 3829 428 3904; x_wconf 88' lang='lat' dir='ltr'>dedit</span> <span class='ocrx_word' id='word_1_197' title='bbox 453 3831 553 3925; x_wconf 80' lang='lat' dir='ltr'>leges</span> <span class='ocrx_word' id='word_1_198' title='bbox 578 3829 718 3904; x_wconf 87' lang='lat' dir='ltr'>civibus</span> <span class='ocrx_word' id='word_1_199' title='bbox 743 3827 830 3922; x_wconf 91' lang='lat' dir='ltr'>suis,</span> <span class='ocrx_word' id='word_1_200' title='bbox 848 3827 981 3923; x_wconf 88' lang='lat' dir='ltr'>quibus</span> <span class='ocrx_word' id='word_1_201' title='bbox 998 3827 1059 3902; x_wconf 90' lang='lat' dir='ltr'>illa</span> <span class='ocrx_word' id='word_1_202' title='bbox 1076 3826 1277 3902; x_wconf 84' lang='lat' dir='ltr'>clarissima</span> <span class='ocrx_word' id='word_1_203' title='bbox 1294 3827 1420 3902; x_wconf 88' lang='lat' dir='ltr'>civitas</span> <span class='ocrx_word' id='word_1_204' title='bbox 1441 3848 1506 3902; x_wconf 88' lang='lat' dir='ltr'>ve-</span> 
     </span>
     <span class='ocr_line' id='line_1_26' title="bbox 332 3946 1505 4041; baseline -0.001 -19"><span class='ocrx_word' id='word_1_205' title='bbox 332 3948 384 4022; x_wconf 92' lang='lat' dir='ltr'>nit</span> <span class='ocrx_word' id='word_1_206' title='bbox 412 3947 460 4024; x_wconf 90' lang='lat' dir='ltr'>ad</span> <span class='ocrx_word' id='word_1_207' title='bbox 490 3955 633 4023; x_wconf 89' lang='lat' dir='ltr'>tautum</span> <span class='ocrx_word' id='word_1_208' title='bbox 667 3947 825 4041; x_wconf 92' lang='lat' dir='ltr'>culmen,</span> <span class='ocrx_word' id='word_1_209' title='bbox 851 3953 885 4021; x_wconf 88' lang='lat' dir='ltr'>et</span> <span class='ocrx_word' id='word_1_210' title='bbox 919 3949 1012 4020; x_wconf 83' lang='lat' dir='ltr'>altro</span> <span class='ocrx_word' id='word_1_211' title='bbox 1038 3949 1149 4019; x_wconf 81' lang='lat' dir='ltr'>Xerse</span> <span class='ocrx_word' id='word_1_212' title='bbox 1156 3972 1172 4040; x_wconf 94' lang='lat'>,·</span> <span class='ocrx_word' id='word_1_213' title='bbox 1198 3946 1332 4021; x_wconf 87' lang='lat' dir='ltr'>Xerses</span> <span class='ocrx_word' id='word_1_214' title='bbox 1357 3946 1425 4020; x_wconf 89' lang='lat' dir='ltr'>luit</span> <span class='ocrx_word' id='word_1_215' title='bbox 1450 3946 1505 4021; x_wconf 94' lang='lat' dir='ltr'>di-</span> 
     </span>
     <span class='ocr_line' id='line_1_27' title="bbox 332 4056 1506 4164; baseline 0.001 -22"><span class='ocrx_word' id='word_1_216' title='bbox 332 4073 432 4144; x_wconf 90' lang='lat' dir='ltr'>recte</span> <span class='ocrx_word' id='word_1_217' title='bbox 449 4067 654 4144; x_wconf 89' lang='lat' dir='ltr'>cuntrarius</span> <span class='ocrx_word' id='word_1_218' title='bbox 675 4065 809 4160; x_wconf 90' lang='lat' dir='ltr'>Soloni,</span> <span class='ocrx_word' id='word_1_219' title='bbox 827 4065 914 4162; x_wconf 91' lang='lat' dir='ltr'>quia</span> <span class='ocrx_word' id='word_1_220' title='bbox 930 4056 979 4160; x_wconf 77' lang='lat'>(⁴),</span> <span class='ocrx_word' id='word_1_221' title='bbox 999 4072 1090 4141; x_wconf 88' lang='lat' dir='ltr'>teste</span> <span class='ocrx_word' id='word_1_222' title='bbox 1107 4065 1236 4160; x_wconf 82' lang='lat' dir='ltr'>Tullio,</span> <span class='ocrx_word' id='word_1_223' title='bbox 1258 4067 1390 4164; x_wconf 84' lang='lat' dir='ltr'>evertit</span> <span class='ocrx_word' id='word_1_224' title='bbox 1410 4074 1506 4143; x_wconf 91' lang='lat' dir='ltr'>tem-</span> 
     </span>
     <span class='ocr_line' id='line_1_28' title="bbox 331 4185 1504 4284; baseline -0.003 -21"><span class='ocrx_word' id='word_1_225' title='bbox 331 4188 390 4283; x_wconf 90' lang='lat' dir='ltr'>pla</span> <span class='ocrx_word' id='word_1_226' title='bbox 414 4194 451 4265; x_wconf 90' lang='lat' dir='ltr'>et</span> <span class='ocrx_word' id='word_1_227' title='bbox 476 4209 571 4282; x_wconf 84' lang='lat' dir='ltr'>aras,</span> <span class='ocrx_word' id='word_1_228' title='bbox 599 4187 813 4284; x_wconf 86' lang='lat' dir='ltr'>religionem</span> <span class='ocrx_word' id='word_1_229' title='bbox 838 4191 876 4262; x_wconf 93' lang='lat' dir='ltr'>et</span> <span class='ocrx_word' id='word_1_230' title='bbox 900 4187 999 4283; x_wconf 75' lang='lat' dir='ltr'>leges</span> <span class='ocrx_word' id='word_1_231' title='bbox 1025 4185 1184 4260; x_wconf 84' lang='lat' dir='ltr'>violavit.</span> <span class='ocrx_word' id='word_1_232' title='bbox 1211 4185 1293 4260; x_wconf 85' lang='lat' dir='ltr'>Fuit</span> <span class='ocrx_word' id='word_1_233' title='bbox 1317 4187 1416 4262; x_wconf 89' lang='lat' dir='ltr'>enim</span> <span class='ocrx_word' id='word_1_234' title='bbox 1438 4208 1504 4263; x_wconf 84' lang='lat' dir='ltr'>rex</span> 
     </span>
     <span class='ocr_line' id='line_1_29' title="bbox 332 4305 1504 4404; baseline 0 -22"><span class='ocrx_word' id='word_1_235' title='bbox 332 4329 525 4404; x_wconf 90' lang='lat' dir='ltr'>persarum</span> <span class='ocrx_word' id='word_1_236' title='bbox 551 4307 832 4404; x_wconf 89' lang='lat' dir='ltr'>potentissimus,</span> <span class='ocrx_word' id='word_1_237' title='bbox 859 4306 922 4402; x_wconf 93' lang='lat' dir='ltr'>qui</span> <span class='ocrx_word' id='word_1_238' title='bbox 947 4311 1076 4381; x_wconf 90' lang='lat' dir='ltr'>contra</span> <span class='ocrx_word' id='word_1_239' title='bbox 1101 4305 1280 4382; x_wconf 76' lang='lat' dir='ltr'>Graeciam</span> <span class='ocrx_word' id='word_1_240' title='bbox 1298 4306 1504 4384; x_wconf 92' lang='lat' dir='ltr'>inauditum</span> 
     </span>
     <span class='ocr_line' id='line_1_30' title="bbox 330 4426 1505 4524; baseline 0.002 -22"><span class='ocrx_word' id='word_1_241' title='bbox 330 4429 434 4504; x_wconf 84' lang='lat' dir='ltr'>duxit</span> <span class='ocrx_word' id='word_1_242' title='bbox 459 4429 685 4524; x_wconf 73' lang='lat' dir='ltr'>exercitum,</span> <span class='ocrx_word' id='word_1_243' title='bbox 711 4427 775 4504; x_wconf 88' lang='lat' dir='ltr'>sed</span> <span class='ocrx_word' id='word_1_244' title='bbox 799 4428 1002 4504; x_wconf 89' lang='lat' dir='ltr'>debellatus</span> <span class='ocrx_word' id='word_1_245' title='bbox 1022 4448 1045 4502; x_wconf 89' lang='lat' dir='ltr'>a</span> <span class='ocrx_word' id='word_1_246' title='bbox 1061 4426 1222 4502; x_wconf 92' lang='lat' dir='ltr'>Leonida</span> <span class='ocrx_word' id='word_1_247' title='bbox 1238 4427 1334 4503; x_wconf 90' lang='lat' dir='ltr'>duce</span> <span class='ocrx_word' id='word_1_248' title='bbox 1350 4428 1505 4506; x_wconf 78' lang='lat' dir='ltr'>lacede-</span> 
     </span>
     <span class='ocr_line' id='line_1_31' title="bbox 330 4547 1504 4644; baseline 0.002 -22"><span class='ocrx_word' id='word_1_249' title='bbox 330 4549 588 4644; x_wconf 87' lang='lat' dir='ltr'>moniensium,</span> <span class='ocrx_word' id='word_1_250' title='bbox 613 4548 856 4624; x_wconf 80' lang='lat' dir='ltr'>infelicissime</span> <span class='ocrx_word' id='word_1_251' title='bbox 881 4547 1011 4624; x_wconf 90' lang='lat' dir='ltr'>redivit</span> <span class='ocrx_word' id='word_1_252' title='bbox 1035 4547 1073 4622; x_wconf 94' lang='lat' dir='ltr'>in</span> <span class='ocrx_word' id='word_1_253' title='bbox 1098 4547 1284 4644; x_wconf 83' lang='lat' dir='ltr'>Persiam3</span> <span class='ocrx_word' id='word_1_254' title='bbox 1303 4550 1396 4624; x_wconf 83' lang='lat' dir='ltr'>altro</span> <span class='ocrx_word' id='word_1_255' title='bbox 1417 4552 1504 4624; x_wconf 82' lang='lat' dir='ltr'>Met-</span> 
     </span>
     <span class='ocr_line' id='line_1_32' title="bbox 329 4668 1503 4765; baseline 0.003 -23"><span class='ocrx_word' id='word_1_256' title='bbox 329 4670 515 4762; x_wconf 78' lang='lat' dir='ltr'>ela&#39;sedect,</span> <span class='ocrx_word' id='word_1_257' title='bbox 541 4669 607 4764; x_wconf 85' lang='lat' dir='ltr'>qui</span> <span class='ocrx_word' id='word_1_258' title='bbox 630 4669 773 4765; x_wconf 90' lang='lat' dir='ltr'>primus</span> <span class='ocrx_word' id='word_1_259' title='bbox 798 4668 866 4742; x_wconf 89' lang='lat' dir='ltr'>luit</span> <span class='ocrx_word' id='word_1_260' title='bbox 891 4689 958 4744; x_wconf 84' lang='lat' dir='ltr'>rex</span> <span class='ocrx_word' id='word_1_261' title='bbox 983 4675 1020 4744; x_wconf 90' lang='lat' dir='ltr'>et</span> <span class='ocrx_word' id='word_1_262' title='bbox 1045 4668 1227 4764; x_wconf 88' lang='lat' dir='ltr'>sacerdos,</span> <span class='ocrx_word' id='word_1_263' title='bbox 1253 4669 1316 4764; x_wconf 91' lang='lat' dir='ltr'>qui</span> <span class='ocrx_word' id='word_1_264' title='bbox 1341 4670 1503 4746; x_wconf 90' lang='lat' dir='ltr'>occurrit</span> 
     </span>
     <span class='ocr_line' id='line_1_33' title="bbox 329 4787 1502 4887; baseline 0.003 -24"><span class='ocrx_word' id='word_1_265' title='bbox 329 4789 460 4864; x_wconf 83' lang='lat' dir='ltr'>Abraae</span> <span class='ocrx_word' id='word_1_266' title='bbox 499 4789 667 4864; x_wconf 88' lang='lat' dir='ltr'>redeunti</span> <span class='ocrx_word' id='word_1_267' title='bbox 700 4810 723 4864; x_wconf 90' lang='lat' dir='ltr'>a</span> <span class='ocrx_word' id='word_1_268' title='bbox 759 4787 911 4864; x_wconf 84' lang='lat' dir='ltr'>victoria</span> <span class='ocrx_word' id='word_1_269' title='bbox 948 4787 1061 4863; x_wconf 88' lang='lat' dir='ltr'>trium</span> <span class='ocrx_word' id='word_1_270' title='bbox 1102 4809 1259 4887; x_wconf 79' lang='lat' dir='ltr'>regum3</span> <span class='ocrx_word' id='word_1_271' title='bbox 1293 4796 1330 4865; x_wconf 89' lang='lat' dir='ltr'>et</span> <span class='ocrx_word' id='word_1_272' title='bbox 1361 4789 1502 4886; x_wconf 89' lang='lat' dir='ltr'>primus</span> 
     </span>
    </p>
   </div>
   <div class='ocr_carea' id='block_1_6' title="bbox 392 5050 826 5118">
    <p class='ocr_par' dir='ltr' id='par_1_6' title="bbox 392 5050 826 5118">
     <span class='ocr_line' id='line_1_34' title="bbox 392 5050 826 5118; baseline 0.002 -15"><span class='ocrx_word' id='word_1_273' title='bbox 392 5053 419 5118; x_wconf 75' lang='lat'>(¹)</span> <span class='ocrx_word' id='word_1_274' title='bbox 435 5057 459 5114; x_wconf 89' lang='lat' dir='ltr'>t,</span> <span class='ocrx_word' id='word_1_275' title='bbox 475 5053 529 5117; x_wconf 81' lang='lat' dir='ltr'>qul,</span> <span class='ocrx_word' id='word_1_276' title='bbox 547 5056 612 5104; x_wconf 84' lang='lat' dir='ltr'>teste</span> <span class='ocrx_word' id='word_1_277' title='bbox 629 5050 727 5104; x_wconf 82' lang='lat' dir='ltr'>Tullio.</span> <span class='ocrx_word' id='word_1_278' title='bbox 823 5105 826 5112; x_wconf 80' lang='grc'><em>,</em></span> 
     </span>
    </p>
   </div>
   <div class='ocr_carea' id='block_1_7' title="bbox 0 0 2176 6692">
    <p class='ocr_par' dir='ltr' id='par_1_7' title="bbox 0 0 2176 6692">
     <span class='ocr_line' id='line_1_35' title="bbox 0 0 2176 6692; baseline 0 5"><span class='ocrx_word' id='word_1_279' title='bbox 0 0 2176 6692; x_wconf 95' lang='lat' dir='ltr'> </span> 
     </span>
    </p>
   </div>
  </div>
 </body>
</html>
