4342 6692
644 930 781 984 caurus
806 929 998 984 vroasruus
1022 929 1184 983 rannus.
1433 912 1479 983 63

312 1078 544 1173 praedestinat
569 1077 632 1172 eis,
658 1076 752 1150 siout
777 1073 895 1150 caedes
921 1075 1086 1149 virorum
1111 1080 1148 1148 et
1168 1072 1340 1167 liliorum,
1367 1072 1481 1147 bono·

310 1219 393 1272 rum
422 1197 653 1294 direptiones,
680 1202 716 1270 et
741 1193 906 1270 incendia
939 1195 1156 1286 domorum;
1183 1214 1266 1287 quae
1295 1191 1419 1266 omnia
1444 1191 1482 1265 in

310 1317 412 1392 brevi
430 1317 670 1392 imminebant
688 1315 736 1390 illi
756 1315 850 1409 urbi,
872 1305 933 1408 pici
947 1336 1014 1408 per
1030 1317 1147 1406 urlur,
1165 1313 1252 1408 quia
1274 1319 1362 1386 sunt
1387 1331 1482 1386 uxo·

311 1457 370 1512 res
396 1438 581 1533 luporum,
613 1439 743 1510 uotiua
776 1439 807 1509 le
838 1435 961 1509 boreae
993 1441 1134 1527 operm
1169 1431 1410 1507 vociferantes
1443 1430 1482 1504 in

310 1560 458 1633 ooelurn.
485 1559 528 1632 Et
553 1579 640 1632 ecce
664 1576 802 1651 quare:
829 1558 888 1628 cte
911 1577 949 1630 se
970 1557 1183 1629 landoeder
1207 1556 1267 1645 poi
1281 1573 1355 1626 non
1375 1554 1484 1624 m'in-

310 1699 446 1772 panna,
476 1680 578 1772 idest,
611 1679 640 1752 si
671 1675 873 1774 praevidere
900 1676 1023 1751 lutura
1055 1697 1129 1749 non
1160 1679 1216 1750 est
1247 1675 1305 1750 hic
1336 1672 1481 1766 laisum,

312 1800 410 1893 quud
437 1821 510 1874 uon
536 1799 658 1894 credo,
680 1801 801 1892 prima
823 1800 893 1890 fien
919 1800 1027 1888 triste,
1053 1799 1113 1869 olle
1141 1797 1173 1868 le
1202 1815 1337 1887 pudure
1365 1797 1483 1887 impeti

313 1923 416 2012 colui,
437 1919 583 2012 scilicet,
605 1918 732 2012 insana,
759 1919 818 1990 olle
834 1919 946 1990 mo'si
969 1917 1113 1989 consola
1129 1936 1194 1987 con
1215 1935 1352 2005 nunna,
1377 1913 1480 2007 idest,

312 2040 375 2134 qui
401 2041 502 2136 vagit
527 2039 563 2113 in
588 2039 840 2131 cunabu10,el
861 2036 1047 2131 quietatur
1065 2036 1111 2110 ad
1131 2041 1279 2110 cautum
1298 2034 1481 2128 mulieriS,

312 2181 396 2254 quae
422 2159 547 2234 dicunt
570 2181 707 2251 nunno,
732 2159 813 2232 aliae
838 2161 959 2231 niuno.
981 2157 1024 2230 Et
1044 2154 1149 2231 dicit:
1174 2159 1290 2249 impeli
1314 2160 1345 2232 le
1368 2176 1482 2248 ouon-

311 2301 361 2370 oe,
388 2279 490 2372 idest,
516 2279 642 2353 induat
668 2277 892 2374 lanuginem,
914 2276 1018 2370 quasi
1044 2275 1164 2351 dicat:¹
1184 2282 1383 2370 antequam
1410 2275 1483 2368 ille,

311 2399 375 2493 qui
402 2399 510 2473 modo
538 2407 592 2473 est
617 2418 721 2494 puer,
749 2397 812 2472 fiat
837 2397 1012 2472 barbatus
1028 2389 1076 2489 (¹).
1096 2395 1217 2471 Etlric
1240 2403 1337 2488 nota,
1355 2394 1483 2489 lector,

313 2517 412 2614 quod
438 2518 560 2594 audivi
587 2519 729 2613 aliquos
747 2526 888 2593 temere
905 2517 1075 2611 dieentes,
1095 2515 1194 2609 quod
1211 2515 1306 2590 istud
1323 2536 1485 2612 progno-

315 2639 445 2713 sticum
473 2645 527 2712 est
554 2638 776 2733 vituperium
803 2643 931 2733 poetae,
950 2636 1036 2730 quia
1056 2637 1134 2732 jam
1163 2635 1408 2711 transiverant
1430 2643 1485 2710 tot

314 2766 492 2855 tempora,
511 2758 609 2853 quod
628 2779 701 2832 non
718 2762 923 2833 evenerunt
948 2779 1005 2852 ea,
1022 2779 1107 2852 quae
1125 2757 1321 2854 presagire
1338 2757 1485 2832 videtur

314 2881 350 2953 in
378 2888 452 2953 tarn
479 2879 581 2953 brevi
609 2877 733 2972 spatio.
756 2876 809 2952 Ad
836 2878 932 2973 quod
951 2876 1164 2972 respondeo
1182 2877 1281 2970 quod
1301 2884 1411 2951 autor
1429 2875 1484 2951 lo-

315 2999 441 3092 quitur
473 2999 529 3072 hic
558 2997 604 3072 de
633 2997 825 3092 praeteritis
855 3004 891 3070 et
917 2996 994 3092 jam
1022 2996 1136 3089 laclia,
1164 3017 1235 3070 non
1267 2996 1313 3071 de
1348 2995 1481 3069 tuturis
1613 2999 1617 3004 ’

315 3119 424 3192 modo
450 3116 586 3192 fiendis.
613 3117 683 3192 Sed
713 3116 857 3192 videtur
887 3117 1118 3212 prophetare,
1144 3117 1230 3210 quia
1261 3116 1406 3211 respicit
1438 3115 1483 3190 ad

314 3244 461 3332 tempus
487 3257 563 3312 suae
589 3237 747 3331 visionis,
775 3257 858 3332 qoae
884 3237 950 3310 luit
976 3236 1013 3310 in
1038 3237 1167 3330 MCCC,
1193 3237 1288 3311 siout
1314 3237 1392 3332 jam
1426 3243 1484 3311 to-

315 3358 407 3432 tiens
432 3357 569 3431 dictum
596 3363 661 3432 est.
688 3357 817 3454 llagna
849 3357 982 3432 etenim
1015 3356 1112 3431 mala
1143 3363 1268 3431 secuta
1294 3364 1380 3430 sunt
1405 3368 1484 3453 post

314 3479 408 3552 istud
436 3485 592 3573 tempus,
619 3477 714 3553 sicut
739 3477 903 3552 intestina
932 3477 1121 3571 discordia,
1147 3477 1253 3553 civile
1284 3476 1419 3552 bellum
1448 3483 1487 3552 et

314 3597 479 3693 expulsio
505 3597 676 3692 partium,
702 3617 785 3691 quae
812 3597 962 3671 luerunt
987 3596 1148 3672 secundo
1180 3604 1217 3671 et
1250 3596 1357 3672 tertio
1388 3615 1486 3673 anuo

316 3718 501 3812 sequenti3
528 3724 564 3793 et
596 3738 693 3792 anno
724 3725 857 3811 quarto
887 3723 1069 3791 venerunt
1099 3716 1145 3790 de
1175 3737 1270 3791 novo
1302 3717 1347 3793 ad
1380 3738 1485 3792 arma

316 3837 395 3912 Albi
412 3845 450 3913 et
467 3838 578 3936 Nigri.
600 3837 642 3912 Et
660 3838 837 3935 llagranle
853 3837 981 3911 lurore
1000 3836 1097 3930 belli,
1115 3857 1292 3911 accensus
1310 3843 1365 3912 est
1382 3837 1485 3934 ignis,

316 3959 393 4034 sive
422 3961 591 4055 casualis,
614 3959 673 4034 vel
707 3957 914 4051 artificialis,
949 3964 989 4031 ut
1021 3957 1126 4030 multi
1157 3957 1340 4052 dixerunt,
1373 3977 1484 4054 opera

317 4077 506 4152 cuiusdam
533 4079 735 4175 presbyteri
762 4076 858 4153 Nerii
885 4076 931 4150 de
955 4077 1167 4170 abbatibus,
1186 4077 1247 4172 qui
1271 4077 1390 4172 ipsum
1412 4077 1485 4173 pri-

319 4219 421 4273 murn
452 4199 602 4273 immisit
631 4200 668 4272 in
702 4199 855 4272 domum
889 4218 1019 4272 suam:
1052 4208 1089 4273 et
1125 4196 1286 4272 breviter
1321 4205 1486 4272 cremata

317 4325 372 4393 est
398 4318 526 4394 melior
553 4342 637 4416 pars
654 4320 818 4414 civitatis,
845 4319 1040 4414 plusquam
1068 4318 1143 4392 duo
1169 4316 1279 4392 millia
1305 4309 1483 4411 domust')

317 4459 401 4513 oum
428 4440 563 4514 damno
590 4438 840 4514 inaestimabili.
872 4439 947 4514 Nee
978 4437 1125 4512 interim
1152 4444 1335 4512 cessmum
1361 4445 1415 4512 est
1440 4438 1486 4514 ab

316 4557 441 4652 armis,
460 4557 523 4633 sed
544 4560 717 4634 continuo
744 4560 847 4634 lactae
873 4565 958 4632 sunt
984 4579 1129 4654 magnae
1156 4558 1299 4653 praedae.
1321 4557 1365 4631 ut
1389 4578 1487 4634 anno

239 4741 245 4752 .
318 4679 591 4772 quintodecimo
619 4685 837 4775 receperunt
862 4679 960 4752 illam
981 4678 1180 4753 terribilem
1207 4685 1369 4776 stragem
1390 4677 1488 4776 apud

318 4799 475 4872 llontem
503 4797 671 4874 (latinum
698 4800 745 4874 ab
769 4797 979 4895 Uguoeione
1004 4798 1049 4872 de
1074 4797 1233 4895 Fagiola.

379 5063 410 5126 (¹)
427 5068 480 5124 lli,
497 5063 630 5115 barbulus.
830 5111 832 5116 ,
880 5060 907 5125 (’)
924 5060 954 5112 E.
971 5059 1105 5112 domuum.
