4342 6692
666 912 805 968 cunnus
831 915 1024 976 messurus
1048 914 1191 968 remus.
1488 902 1510 968 9

342 1061 527 1157 frigidum,
553 1059 616 1134 sed
645 1081 668 1134 a
698 1059 798 1136 nube
828 1060 920 1134 nivis
949 1059 1138 1158 egreditur
1172 1061 1366 1155 paulatim3
1396 1080 1513 1155 vapor

342 1181 451 1257 etiam
479 1181 582 1275 nivis,
608 1181 768 1254 multum
795 1181 908 1256 habet·
933 1181 980 1256 de
1014 1181 1181 1256 terrestri
1203 1180 1387 1274 admixto;
1415 1181 1512 1256 unde

251 1398 258 1410 .
340 1322 438 1396 aqna
464 1301 556 1374 nivis
582 1321 655 1375 non
679 1305 735 1376 est
760 1321 864 1395 pura,
891 1301 966 1375 imo
997 1301 1211 1397 perniciosa,
1243 1301 1307 1376 sed
1340 1284 1512 1375 secundat

342 1423 501 1495 multum
530 1426 657 1495 terras.
684 1420 776 1494 Dicit
801 1441 891 1517 ergo
913 1420 1068 1494 Statius:
1086 1441 1176 1496 vere
1193 1421 1250 1496 iric
1268 1421 1367 1495 nulla
1384 1426 1440 1495 est
1456 1420 1510 1495 al·

342 1540 485 1635 teratio,
499 1537 627 1632 percite*
641 1559 712 1612 ooo
725 1543 885 1633 pioppia,
901 1563 973 1614 uon
989 1543 1146 1633 orando,
1160 1562 1234 1614 aon
1248 1563 1346 1632 neue,
1360 1562 1432 1614 nou
1446 1562 1511 1614 ro·

341 1663 465 1754 pindo,
482 1679 554 1732 aon
574 1659 678 1734 buna
698 1664 783 1734 cade
802 1656 866 1753 piri
890 1684 932 1736 su
956 1664 1016 1736 cire
1041 1665 1077 1736 la
1097 1664 1240 1734 scalena
1259 1662 1375 1751 mooe,
1392 1662 1445 1734 rte'
1459 1667 1512 1734 tre

341 1783 462 1873 prodi,
488 1800 572 1875 quae
596 1779 697 1855 ducit
720 1781 772 1854 -ad
804 1789 948 1876 portam
979 1780 1193 1878 purgatorii,
1225 1786 1266 1853 ut
1295 1780 1388 1854 inira
1413 1779 1509 1854 dicit.

342 1903 386 1976 Et
409 1901 469 1976 hic
494 1907 580 1975 nota
607 1901 705 1994 quod
730 1900 824 1976 sicut
855 1902 967 1996 aliqui
999 1904 1139 1998 volunt,
1165 1922 1320 1997 vapores
1346 1901 1512 1994 qui-eie-

341 2029 477 2099 vantur
501 2043 524 2096 a
549 2023 637 2115 soie,
663 2022 869 2117 err-quibus
894 2024 1028 2118 pluvia,
1055 2024 1129 2117 nin,
1154 2023 1307 2119 grando,
1330 2029 1367 2123 et
1392 2020 1512 2096 omnis

342 2164 452 2220 aerea
483 2141 672 2236 impressio
703 2147 915 2237 generatur,
946 2143 993 2217 ad
1025 2143 1106 2238 pius
1140 2141 1293 2216 tendunt
1326 2141 1363 2215 in
1393 2142 1510 2214 altum

341 2285 407 2360 per
433 2270 516 2339 ocio
550 2257 728 2356 milliaria,
758 2269 796 2337 et
828 2263 876 2336 ab
906 2263 990 2338 iude
1022 2284 1132 2358 supra
1151 2277 1233 2337 ¹non
1256 2262 1298 2336 fit
1321 2261 1511 2358 generatio

343 2384 476 2478 aliqua.
503 2384 547 2456 Et
573 2383 687 2478 tangit
714 2383 905 2459 materiam
932 2383 1113 2458 dictarum
1139 2383 1434 2477 impressionum,
1457 2381 1513 2454 di·

341 2527 447 2580 cens:
474 2507 598 2578 novole
622 2525 736 2596 sparse
753 2523 824 2576 nou
838 2507 961 2600 puion,
979 2503 1080 2598 idest,
1099 2525 1173 2577 non
1198 2509 1375 2599 apparent
1396 2501 1511 2595 nobis,

342 2619 388 2700 oe*
407 2629 511 2716 rade,
528 2619 575 2698 uri
590 2644 811 2716 corrmcare,
833 2624 920 2718 quia
940 2625 1032 2720 ignis
1048 2617 1083 2716 (¹)
1105 2625 1259 2720 fulguris
1283 2623 1323 2698 fit
1348 2623 1510 2698 inclusus

343 2746 380 2820 in
400 2744 552 2820 humido
569 2763 700 2837 aqueo.
718 2744 762 2816 Et
779 2745 893 2841 tangit
909 2744 1076 2818 subtilius
1092 2745 1202 2818 aliam
1222 2743 1510 2838 impressionem,

342 2865 484 2940 dicens:
509 2861 556 2938 ue*
578 2867 679 2955 stolia
707 2867 745 2936 di
779 2870 979 2954 Tuumunte,
1009 2865 1111 2958 idest,
1140 2865 1219 2957 lris,
1245 2884 1329 2957 quae
1359 2869 1512 2940 rocarm

343 3007 452 3061 arcus
469 2985 645 3080 pluvialis.
664 2985 717 3058 nd
734 2986 833 3079 quod
855 2993 941 3060 nota
958 2985 1056 3078 quod
1073 2985 1139 3059 Iris
1158 2990 1213 3060 est
1229 2985 1346 3060 nubes
1362 2985 1428 3059 soii
1445 3004 1513 3078 op-

344 3107 470 3201 posita,
498 3104 606 3178 radiis
621 3096 657 3196 (²)
685 3105 769 3178 solis
795 3105 1039 3199 multipliciter
1058 3105 1269 3194 informata.
1297 3105 1419 3178 Poetae
1443 3124 1512 3178 au-

344 3234 419 3302 tem
441 3224 583 3321 fingunt
603 3224 735 3300 iridem
755 3224 865 3301 fuisse
882 3226 992 3299 filiam
1010 3225 1266 3318 Thaumantis;
1285 3245 1370 3298 nam
1388 3225 1512 3297 Thau-

344 3368 424 3420 mas
443 3365 576 3443 grece,
595 3345 705 3420 latine
731 3345 991 3439 interpretatur
1019 3345 1211 3438 mirabilis,
1235 3353 1273 3418 et
1297 3347 1375 3419 sine
1399 3344 1511 3418 dubio

344 3487 403 3544 res
428 3465 606 3548 mirabilis
627 3472 693 3557 est,
719 3469 756 3539 et
781 3463 954 3538 mirabilis
967 3454 1004 3555 (³)
1030 3469 1182 3558 apparet
1214 3463 1328 3539 oculis
1357 3463 1512 3556 nostris3

343 3594 381 3662 et
404 3586 508 3661 dicit:
527 3588 587 3659 cire
610 3588 649 3659 di
667 3574 716 3676 iri,
738 3584 840 3676 idest,
861 3604 944 3676 quae
961 3583 1026 3656 lris
1047 3584 1083 3657 in
1113 3583 1252 3656 mundo
1275 3588 1409 3675 vestro,
1427 3603 1514 3655 cun-

341 3711 404 3800 pio
432 3713 570 3780 socrate
600 3708 782 3795 contrade,
813 3703 915 3798 idest,
942 3710 1060 3778 mutat
1094 3724 1191 3798 saepe
1226 3703 1404 3799 regiones.
1437 3704 1514 3778 Hoc

343 3827 424 3902 ideo
450 3826 546 3920 dicit,
571 3825 659 3920 quia
683 3825 713 3898 si
739 3825 804 3898 lris
829 3831 981 3919 apparet
1006 3823 1042 3897 in
1065 3845 1185 3918 mane,
1206 3823 1352 3914 videtur
1377 3823 1424 3898 ab
1449 3843 1514 3898 oc-

344 3946 498 4040 cidente,
523 3947 552 4020 si
578 3946 613 4019 in
645 3945 806 4040 vesperis
840 3945 877 4018 in
907 3943 1247 4018 oriente-Semo.
1278 3942 1343 4017 Hic
1377 3941 1513 4016 Statius
1633 3958 1640 3970 ·

344 4067 458 4163 tangit
489 4067 666 4142 rationem
701 4065 907 4139 naturalem
939 4063 1036 4138 venti
1071 4069 1109 4137 et
1141 4068 1393 4141 terraemotus:
1425 4083 1511 4136 nam

344 4193 475 4260 ventus
501 4192 556 4260 est
582 4205 695 4280 vapor
721 4184 839 4258 siccus
869 4189 906 4258 et
935 4181 1073 4256 subtilis
1103 4183 1268 4258 elevatus
1295 4205 1319 4258 a
1349 4183 1446 4282 sole,
1475 4188 1514 4256 et
1604 4205 1607 4210 ·

344 4311 577 4381 terraemotus
603 4305 643 4378 iit
668 4304 815 4399 quando
842 4311 972 4378 ventus
990 4303 1100 4378 intrat
1117 4303 1258 4378 viscera
1276 4311 1385 4378 terrae
1402 4310 1440 4378 et
1456 4303 1513 4375 in·

344 4431 554 4500 carceratus
580 4444 654 4500 non
685 4430 804 4520 potest
837 4422 958 4497 exire:
985 4423 1066 4497 ideo
1094 4422 1271 4496 violenter
1302 4428 1514 4497 commovet

344 4552 482 4620 terram
509 4551 545 4619 et
558 4534 595 4638 (⁴)
622 4553 785 4620 tremere
809 4543 903 4619 iacit.
930 4544 1021 4618 Dicit
1046 4563 1155 4638 ergo:
1182 4548 1287 4618 Secco
1312 4564 1426 4636 vapor
1442 4565 1514 4616 nou

342 4685 448 4754 corpe
479 4660 542 4758 piri
579 4673 719 4756 avana,
757 4665 859 4757 idest,
900 4663 1015 4759 magis
1049 4684 1211 4756 sursum,
1243 4665 1293 4735 cir’
1306 4665 1346 4736 ul
1378 4683 1514 4736 sommo

343 4786 396 4858 de'
409 4792 462 4858 tre
476 4788 596 4877 prodi,
615 4785 709 4859 iliius
735 4785 856 4860 brevis
877 4784 994 4878 scalae,
1021 4785 1071 4855 rir'
1083 4786 1119 4855 io
1132 4785 1266 4876 perlui,
1284 4803 1396 4878 supra
1414 4783 1514 4878 capi·

405 4972 433 5034 (¹)
449 4972 480 5022 Ε.
495 4973 561 5036 ignis
577 4972 605 5022 iii
621 4973 743 5023 inclusus.
899 4968 927 5031 (¹)
943 4971 975 5020 E.
990 4977 1015 5022 et
1029 4970 1111 5021 radiis
1124 4971 1262 5022 solaribus.
1401 4981 1404 4986 ·

406 5047 433 5112 (⁸)
449 5048 480 5100 Ε.
496 5048 648 5100 mirabilior.
902 5047 928 5108 (ἢ
943 5047 974 5099 E.
989 5052 1017 5098 et
1032 5047 1095 5100 iacit
1109 5061 1168 5098 eam
1184 5052 1306 5100 inmune.
1322 5047 1398 5098 liieit.
1541 5069 1544 5075 ·
