4342 6692
654 766 726 832 258
1012 772 1216 828 eomundus
1241 771 1464 828 tennemonn

655 921 820 1016 perbiam
834 927 1023 1017 potentum
1044 919 1289 1014 superborum
1306 916 1406 1011 qnod
1423 914 1507 990 iacit
1528 921 1647 991 tantas
1663 922 1824 1013 stragem

655 1044 787 1115 com’io
812 1043 885 1115 vidi
900 1044 1002 1114 color
1024 1041 1202 1114 leocaldi
1221 1041 1339 1129 Giooe,
1357 1037 1459 1131 idest,
1473 1037 1695 1112 descendere
1719 1037 1827 1130 aqui·

656 1161 742 1254 lam,
769 1181 855 1255 quae
885 1161 1018 1236 dicitur
1041 1160 1120 1235 avis
1145 1159 1255 1253 toris,
1281 1166 1323 1232 ut
1350 1158 1487 1233 dictum
1514 1165 1570 1233 est
1594 1158 1642 1232 lx
1666 1157 1826 1252 capitulo

655 1280 766 1354 buius
783 1280 1002 1376 Purgatorii,
1019 1286 1056 1354 et
1076 1279 1219 1354 dicetur
1244 1277 1289 1352 v1
1315 1277 1487 1372 Paradisi,
1501 1299 1571 1370 per
1592 1279 1740 1371 tardor,
1765 1278 1826 1352 cui

657 1407 737 1475 erat
753 1402 922 1498 alligatus
936 1421 1080 1495 currus,
1094 1395 1167 1492 piri,
1179 1401 1373 1492 rompeodo
1386 1399 1478 1472 dello
1494 1419 1635 1493 scorza,
1649 1419 1733 1493 quae
1746 1405 1827 1474 erat

657 1520 795 1616 durior,
820 1543 893 1596 ooo
917 1524 977 1595 cltc
1000 1523 1161 1612 dc’fiori,
1186 1519 1277 1594 idest
1307 1519 1444 1593 nodum
1477 1518 1524 1592 de
1548 1517 1698 1592 floribus
1724 1518 1826 1593 novis

657 1640 720 1736 qui
746 1649 851 1716 erant
876 1642 1077 1717 teneriores
1092 1633 1143 1735 (¹),
1161 1663 1180 1714 e
1196 1643 1282 1714 delle
1295 1643 1404 1735 sopite
1420 1661 1549 1733 onooc;
1568 1640 1655 1733 quia
1673 1661 1746 1715 non
1764 1661 1826 1716 so-

656 1761 734 1834 lum
752 1761 965 1836 christianos
983 1760 1145 1836 novellos
1167 1781 1285 1856 nuper
1307 1780 1515 1854 conversos,
1534 1759 1597 1842 sed
1618 1760 1729 1835 etiam
1746 1761 1824 1856 jam

658 1879 821 1955 firmatos
846 1882 882 1954 in
908 1881 980 1956 fide
1004 1880 1201 1976 percussit:
1229 1887 1266 1956 et
1291 1881 1370 1954 baec
1396 1887 1451 1954 est
1477 1880 1636 1955 secunda
1667 1880 1825 1954 duarum

658 1999 961 2095 despoliationum
978 2001 1176 2095 dequibus
1194 2001 1337 2075 dicetur
1355 2000 1448 2076 inira
1466 2001 1624 2096 capitulo
1646 2000 1826 2095 proximo.

658 2120 795 2195 Deinde
820 2122 867 2196 ab
892 2121 1027 2195 arbore
1051 2121 1232 2196 convertit
1257 2120 1354 2196 vires
1385 2141 1471 2195 suas
1501 2126 1629 2196 contra
1655 2142 1827 2214 currum3

661 2241 758 2315 unde
792 2241 896 2316 dicit:
926 2265 945 2316 e
976 2244 1067 2336 ferio
1101 2244 1128 2314 il
1157 2261 1279 2333 carro,
1312 2241 1459 2335 scilicet,
1485 2240 1621 2338 bigam,
1646 2263 1712 2315 coo
1745 2248 1829 2315 intio

659 2382 726 2434 suo
747 2366 870 2456 sorza,
896 2369 938 2435 nt
963 2360 1228 2437 exterminaret
1254 2359 1446 2436 ecclesiam
1469 2361 1691 2455 primitivam
1724 2361 1829 2435 novi-

661 2489 718 2556 ter
743 2482 993 2578 pullulantem,
1020 2481 1082 2556 sed
1110 2482 1326 2557 subvertere
1355 2501 1428 2556 non
1458 2483 1586 2576 potuit,
1612 2473 1694 2557 ideo
1725 2481 1828 2557 dicit:

661 2604 743 2675 ond
753 2604 797 2694 ei,
814 2603 891 2697 ipse
915 2623 1060 2697 currus,
1072 2595 1178 2695 piepd
1203 2623 1299 2674 come
1315 2622 1406 2675 onoc
1422 2604 1460 2674 io
1479 2604 1640 2695 fortuna,
1664 2608 1831 2696 tempore

662 2723 902 2818 tempestatis,
933 2726 1029 2796 υἰηία
1057 2724 1142 2795 doli
1159 2724 1261 2813 node,
1296 2721 1398 2815 idest,
1436 2721 1673 2798 fluctuatione
1706 2723 1830 2816 maris,

662 2862 705 2915 or
730 2846 779 2917 dc
804 2847 938 2936 poppis
962 2865 1007 2916 or
1035 2845 1085 2916 dn
1121 2863 1225 2936 orzo,
1259 2843 1361 2936 idest,
1393 2863 1491 2918 nunc
1520 2843 1567 2916 ab
1596 2863 1672 2917 uno
1705 2843 1832 2936 latere,

662 2983 761 3037 nunc
785 2964 833 3036 ab
857 2964 947 3058 alio;
973 2970 1058 3037 sunt
1083 2962 1181 3038 enim
1213 2963 1288 3037 duo
1318 2962 1419 3038 lines.
1457 2964 1502 3037 Et
1526 2963 1585 3038 hic
1615 2969 1701 3039 nota
1732 2965 1830 3060 quod

662 3081 830 3157 navicula
856 3083 953 3158 Petri
978 3083 1175 3177 aliquando
1201 3082 1370 3176 llectitur,
1389 3083 1452 3157 sed
1480 3104 1670 3177 nunquam
1696 3084 1835 3182 mergi·

663 3209 741 3276 tur:
762 3204 861 3278 unde
874 3195 912 3296 (²)
931 3205 1029 3279 mille
1046 3203 1279 3278 crudelitates
1296 3204 1450 3279 Neronis
1471 3205 1534 3298 qui
1553 3204 1708 3280 iaciebat
1724 3228 1835 3282 omne

664 3325 765 3399 triste
789 3324 988 3398 ludibrium
1014 3324 1060 3399 de
1090 3324 1304 3418 christianis
1332 3331 1373 3397 nt
1404 3325 1518 3400 reiert
1548 3327 1737 3402 Cornelius
1766 3327 1836 3402 Ta·

663 3444 768 3538 citus,
793 3449 963 3540 poterant
988 3464 1180 3537 nunquam
1207 3443 1425 3520 convincere
1443 3445 1534 3538 illos,
1551 3446 1597 3520 de
1622 3467 1698 3541 quo
1724 3449 1835 3522 mira·

665 3564 800 3637 bantur
817 3583 956 3637 omnes.
967 3566 1161 3637 -Posn'n
1180 3563 1245 3638 llic
1262 3570 1369 3658 poeta
1386 3565 1564 3660 descripta
1582 3568 1836 3661 persecutione

666 3683 759 3757 iacta
785 3685 962 3779 pervim,
990 3705 1089 3759 nnnc
1114 3683 1284 3761 describit
1312 3684 1511 3760 secundam
1543 3689 1833 3781 persecutionem

666 3804 799 3879 iactam
825 3825 890 3900 per
917 3804 1103 3899 lrandem3
1130 3810 1167 3879 et
1184 3804 1347 3879 similiter
1366 3805 1479 3900 tangit
1497 3806 1566 3879 sub
1586 3806 1704 3904 ligura
1722 3829 1835 3904 gene-

666 3927 782 4000 ralem
801 3932 838 4000 et
855 3926 1049 4021 pessimam
1066 3926 1359 4021 persecutionem
1378 3927 1648 4001 haereticorum.
1665 3929 1835 4006 Cessante

667 4046 763 4122 enim
790 4046 1045 4142 persecutione
1070 4047 1275 4142 principum
1306 4031 1372 4141 per
1397 4048 1685 4144 Constantinum,
1711 4069 1835 4145 coepe-

668 4175 755 4241 runt
784 4168 967 4262 pullulare
997 4169 1155 4243 baereses
1182 4168 1308 4242 multae
1334 4173 1370 4242 et
1396 4167 1520 4262 variae,
1555 4161 1697 4263 quasl³l
1733 4191 1837 4248 com-

667 4289 837 4384 plectitur
861 4289 931 4361 sub
956 4309 1031 4363 una
1057 4288 1168 4383 vulpe
1193 4286 1436 4362 fraudulenta.
1458 4287 1549 4362 Dicit
1574 4309 1684 4386 ergo:
1712 4294 1838 4364 Porcio

668 4399 739 4482 oidi
762 4428 836 4482 noo
860 4412 972 4501 volpe,
998 4408 1100 4502 idest,
1127 4415 1313 4483 versutam
1341 4407 1511 4483 astutiam
1540 4411 1741 4484 multorum
1763 4412 1839 4486 bae·

670 4529 881 4623 retioorum,
900 4529 993 4602 siout
1017 4528 1162 4624 Sabelli,
1183 4527 1256 4601 Arii
1283 4533 1320 4602 et
1337 4528 1508 4624 aliorum,
1526 4533 1727 4604 ooocotorst'
1745 4534 1838 4604 nella

668 4671 772 4740 cuno,
803 4649 905 4742 idest,
936 4657 1104 4723 ventrem
1122 4641 1193 4724 ‘vel
1223 4648 1420 4745 gremium,
1447 4649 1534 4744 qnia
1569 4651 1730 4726 baeretici
1763 4673 1837 4727 non

730 4905 759 4969 (Ἰ
774 4907 805 4958 Ε.
821 4909 960 4960 tenuiores.
1021 4909 1049 4974 (¹)
1065 4910 1097 4960 E.
1113 4910 1183 4960 unde
1199 4907 1279 4960 nuile
1295 4907 1468 4960 crudelitates.
1542 4906 1569 4973 (¹)
1586 4912 1641 4971 117,
1657 4921 1721 4974 ques
1738 4922 1837 4960 omnes.
