4342 6692
681 882 757 955 &id
1042 896 1248 957 comma
1270 895 1493 956 runcanonu

678 1040 850 1118 didissent
875 1040 942 1117 sibi
967 1041 1055 1115 satis
1078 1040 1243 1117 audacire
1269 1048 1307 1117 et
1331 1042 1407 1136 spei
1432 1061 1519 1117 cum
1545 1042 1672 1119 levore
1692 1066 1773 1139 suo,
1799 1048 1854 1119 ci-

678 1163 744 1235 der
768 1164 928 1236 Beubice
951 1165 1047 1237 cotto
1070 1164 1109 1235 in
1132 1183 1174 1235 su
1198 1165 1235 1235 lu
1256 1164 1361 1254 fiere,
1386 1160 1535 1257 scilieet,
1553 1165 1751 1259 gryphum,
1768 1161 1855 1240 et'i

677 1285 756 1355 solu
779 1304 854 1357 unu
871 1303 1043 1377 pesona,
1067 1282 1214 1375 scilicet,
1241 1282 1416 1377 Christro,
1444 1286 1483 1356 iu
1507 1286 1575 1357 duc
1598 1291 1736 1375 matre,
1757 1284 1853 1359 scili-

678 1410 749 1494 cet,
765 1405 928 1479 bumana
953 1407 991 1477 et
1007 1402 1140 1488 divina
1158 1403 1203 1477 Et
1218 1402 1390 1479 describit
1406 1403 1612 1479 Beatricem
1632 1424 1743 1499 quam
1763 1411 1851 1482 tunc

679 1523 767 1597 vidit
791 1525 839 1597 ab
864 1523 1078 1599 excellentia
1111 1522 1365 1618 pulcritudinis
1395 1524 1495 1617 eius;
1521 1531 1559 1598 et
1588 1522 1851 1599 sententialiter

679 1645 762 1718 vult
783 1644 906 1720 dicere
930 1643 1030 1739 quod
1046 1643 1194 1719 Beatrix
1222 1665 1321 1718 nunc
1345 1643 1501 1719 ostendit
1526 1643 1643 1739 magis
1669 1643 1851 1719 excellere

677 1785 719 1839 se
743 1765 858 1859 ipsam
884 1764 923 1837 in
946 1763 1192 1859 pulcritudine
1216 1763 1378 1859 antiqua,
1400 1784 1514 1858 quam
1540 1763 1737 1839 excelleret
1762 1761 1853 1837 alias

678 1884 846 1959 dominas
872 1882 963 1959 dum
993 1883 1135 1959 vireret
1163 1884 1200 1957 in
1230 1884 1385 1959 mundo:
1416 1888 1554 1978 quanto
1586 1904 1676 1980 ergo
1708 1882 1743 1957 in
1778 1880 1853 1956 vin<

678 2003 880 2081 excellebat
907 2002 1191 2098 pulcritudinem
1222 2009 1455 2098 caeterarum,
1481 2008 1583 2077 tanto
1612 2022 1710 2076 nunc
1741 2020 1851 2076 exce-

678 2124 788 2199 debat
812 2123 1095 2218 pulcritudinem
1122 2124 1220 2199 illam
1246 2125 1447 2219 antiquam.
1469 2124 1649 2199 Construc
1673 2143 1763 2219 ergo
1781 2121 1849 2197 sic:

677 2244 737 2319 ilio
762 2244 922 2338 beatrix,
936 2248 1101 2337 pereunti
1116 2246 1233 2319 vincer
1250 2240 1312 2337 piri
1327 2267 1365 2319 se
1380 2253 1490 2319 sessa
1510 2247 1641 2336 muca,
1657 2265 1744 2319 cum
1762 2244 1848 2319 olim

678 2369 760 2437 erat
790 2363 828 2436 in
857 2364 1008 2458 mundo,
1033 2367 1094 2439 cic
1124 2368 1241 2439 cincer
1275 2368 1400 2439 tolbe
1430 2368 1501 2457 otti,
1527 2364 1564 2437 in
1599 2364 1737 2438 mundo
1768 2364 1849 2457 isto,

680 2487 811 2575 quoad
823 2486 892 2558 etto
915 2488 948 2557 ti
970 2506 1049 2576 eru,
1074 2485 1178 2579 idest,
1204 2492 1285 2561 erat
1310 2485 1367 2559 hic
1392 2486 1430 2559 in
1455 2484 1541 2578 vita,
1564 2492 1653 2558 sotto
1675 2505 1739 2557 suo
1756 2487 1844 2578 uelo,

678 2602 783 2697 quasi
808 2602 921 2677 dicat:
948 2604 1031 2679 licet
1055 2611 1152 2679 esset
1177 2606 1293 2681 latens
1318 2607 1387 2679 sub
1411 2604 1471 2680 illo
1491 2604 1571 2679 velo
1588 2603 1684 2697 albo,
1707 2611 1740 2677 et
1755 2607 1850 2677 oltra

677 2726 716 2797 lo
739 2726 874 2816 rivere
891 2724 993 2818 idest,
1011 2732 1050 2799 et
1068 2726 1239 2819 quamvis
1264 2732 1360 2801 esset
1384 2723 1481 2801 ultra
1506 2726 1644 2800 llumen
1671 2724 1707 2798 in
1733 2724 1850 2799 altera

656 2844 768 2939 ¹ripn.
782 2847 893 2918 -Di
910 2849 1038 2938 pentir.
1062 2846 1127 2921 llic
1153 2853 1259 2943 poeta
1277 2846 1377 2941 ponit
1400 2845 1573 2921 ellectum
1591 2844 1738 2920 visionis
1756 2846 1850 2921 Bea-

677 2963 788 3058 tdcis,
814 2986 899 3059 quae
923 2965 992 3040 luit
1016 2972 1127 3042 tantoe
1154 2966 1298 3040 virtutis
1328 2973 1365 3041 et
1395 2966 1577 3059 efficaciae,
1604 2966 1702 3060 quod
1729 2966 1850 3041 subito

676 3086 857 3161 convertit
890 3108 1058 3163 amorem
1094 3109 1205 3183 quem
1238 3088 1397 3163 habebat
1429 3088 1475 3163 ad
1505 3087 1595 3163 alins
1628 3088 1665 3161 in
1699 3087 1851 3163 crudele

676 3208 814 3283 odium
850 3207 943 3282 llicit
975 3229 1086 3305 ergo:
1114 3212 1151 3283 L'
1165 3211 1277 3283 ortica
1301 3212 1339 3283 di
1363 3212 1495 3302 pentir,
1524 3208 1625 3302 idest,
1658 3208 1849 3285 stimulum

677 3328 924 3424 poenitudinis,
950 3332 999 3403 nti
1018 3350 1131 3421 punse
1154 3322 1197 3420 si,
1215 3330 1317 3423 idest,
1338 3330 1389 3405 ita
1405 3328 1610 3425 penetravit
1626 3348 1691 3403 cor
1709 3350 1849 3422 meum,

676 3453 737 3539 ici,
762 3449 865 3542 idest,
891 3449 928 3521 in
954 3449 1014 3523 illa
1041 3449 1118 3545 ripa
1145 3470 1239 3543 mea,
1265 3451 1325 3523 etc
1349 3452 1445 3543 qual,
1474 3449 1576 3543 idest,
1601 3468 1851 3543 quecumque

678 3590 748 3663 rer,
773 3571 812 3642 di
836 3576 914 3643 tutte
938 3572 1028 3643 ultre
1046 3565 1111 3662 pici
1128 3573 1176 3645 mi
1192 3578 1297 3664 turse,
1318 3569 1418 3663 idest,
1438 3571 1559 3663 traxit,
1577 3574 1634 3644 net
1647 3590 1711 3643 suo
1728 3590 1854 3661 omor‚.

677 3695 826 3786 propter
849 3688 1147 3784 pulcritudinem,
1167 3684 1229 3783 prii
1249 3694 1297 3765 mi
1320 3693 1352 3765 si
1374 3694 1420 3785 [ε’
1436 3694 1587 3785 nimico5
1608 3699 1645 3765 et
1670 3710 1737 3785 per
1762 3710 1850 3763 con-

588 3891 593 3899 ,
677 3829 846 3904 sequens,
878 3817 977 3883 tunm
1013 3814 1288 3904 riconoscenzio,
1328 3811 1431 3905 idest,
1467 3810 1667 3908 recognitio
1697 3808 1845 3902 erroris,

677 3933 726 4004 nti
742 3950 859 4003 morse
881 3933 909 4003 tl
930 3951 1029 4023 cuer,
1056 3929 1160 4024 idest,
1179 3930 1356 4006 remordit
1369 3924 1406 4023 (¹)
1433 3930 1691 4006 conscientiam
1714 3948 1854 4020 meams

676 4052 776 4125 cb'io
799 4053 907 4125 ceddi
929 4053 1038 4145 ueto,
1064 4049 1168 4145 idest,
1194 4051 1383 4127 convictus
1408 4051 1611 4127 rationibus
1635 4050 1711 4123 suis
1736 4047 1849 4124 cecidi

676 4172 723 4247 ad
748 4177 909 4265 terram;
936 4192 1021 4245 nam
1048 4170 1125 4245 risa
1152 4177 1251 4245 tanta
1270 4172 1483 4247 excellentia
1509 4169 1761 4267 pulcritudinis
1786 4190 1851 4243 eo·

677 4292 790 4388 gnori
823 4292 923 4385 quod
951 4312 1084 4366 verum
1116 4291 1268 4367 dixerat
1300 4293 1344 4367 Et
1372 4292 1468 4385 dicit,
1495 4292 1594 4387 quod
1628 4312 1700 4367 nou
1730 4296 1853 4386 potest

677 4412 886 4487 describere
912 4418 1052 4487 tanum
1077 4412 1412 4487 consternationem
1438 4433 1557 4505 suam,
1584 4411 1671 4505 quia
1696 4410 1851 4505 perdidit

677 4552 830 4608 sensum·
853 4539 891 4607 et
915 4532 1153 4607 intellectum.
1180 4532 1272 4607 Dicit
1297 4554 1406 4629 ergo:
1433 4555 1452 4605 c
1476 4533 1561 4623 qual
1584 4535 1702 4606 ollorn
1715 4534 1848 4625 semoti,
1948 4518 1950 4525 ’

677 4651 779 4746 idest,
804 4654 920 4747 quam
944 4653 1136 4747 alienatus,
1161 4656 1368 4747 salciccle,
1397 4652 1499 4746 idest,
1525 4652 1671 4727 Beatrix
1696 4652 1762 4727 scit
1782 4651 1849 4725 sibi

676 4774 747 4847 boc
772 4794 847 4848 non
871 4794 953 4870 ego,
971 4774 1058 4869 quia
1075 4774 1152 4869 ipsa
1172 4794 1232 4848 me
1251 4762 1396 4849 videbat
1412 4794 1485 4847 non
1503 4792 1585 4869 ego,
1603 4775 1663 4845 etc
1679 4776 1728 4847 mi
1741 4792 1850 4865 porse

740 5031 768 5095 (ἢ
785 5031 815 5082 li.
830 5032 980 5085 momordit·
