<?xml version="1.0" encoding="UTF-8"?>
<!DOCTYPE html PUBLIC "-//W3C//DTD XHTML 1.0 Transitional//EN"
    "http://www.w3.org/TR/xhtml1/DTD/xhtml1-transitional.dtd">
<html xmlns="http://www.w3.org/1999/xhtml" xml:lang="en" lang="en">
 <head>
  <title>
</title>
<meta http-equiv="Content-Type" content="text/html;charset=utf-8" />
  <meta name='ocr-system' content='tesseract 3.04.00' />
  <meta name='ocr-capabilities' content='ocr_page ocr_carea ocr_par ocr_line ocrx_word'/>
</head>
<body>
  <div class='ocr_page' id='page_1' title='image "benevenutideram01lacagoog_0125.png"; bbox 0 0 4342 6692; ppageno 0'>
   <div class='ocr_carea' id='block_1_1' title="bbox 616 906 1480 990">
    <p class='ocr_par' dir='ltr' id='par_1_1' title="bbox 616 906 1480 990">
     <span class='ocr_line' id='line_1_1' title="bbox 616 906 1480 990; baseline 0 -14"><span class='ocrx_word' id='word_1_1' title='bbox 616 920 758 977; x_wconf 71' lang='lat' dir='ltr'>cunnus</span> <span class='ocrx_word' id='word_1_2' title='bbox 783 922 976 979; x_wconf 81' lang='lat' dir='ltr'>vrussruus</span> <span class='ocrx_word' id='word_1_3' title='bbox 1001 921 1166 990; x_wconf 74' lang='lat' dir='ltr'>aurnuns.</span> <span class='ocrx_word' id='word_1_4' title='bbox 1406 906 1480 979; x_wconf 79' lang='lat'>1&#39;15·</span> 
     </span>
    </p>
   </div>
   <div class='ocr_carea' id='block_1_2' title="bbox 302 1059 1477 1525">
    <p class='ocr_par' dir='ltr' id='par_1_2' title="bbox 302 1059 1477 1525">
     <span class='ocr_line' id='line_1_2' title="bbox 302 1059 1476 1162; baseline 0 -21"><span class='ocrx_word' id='word_1_5' title='bbox 302 1066 435 1141; x_wconf 86' lang='lat' dir='ltr'>ardere</span> <span class='ocrx_word' id='word_1_6' title='bbox 461 1066 599 1141; x_wconf 80' lang='lat' dir='ltr'>rubore</span> <span class='ocrx_word' id='word_1_7' title='bbox 615 1059 665 1162; x_wconf 82' lang='lat'><strong>(¹),</strong></span> <span class='ocrx_word' id='word_1_8' title='bbox 683 1067 808 1142; x_wconf 85' lang='lat' dir='ltr'>audito</span> <span class='ocrx_word' id='word_1_9' title='bbox 829 1068 947 1143; x_wconf 82' lang='lat' dir='ltr'>verbe</span> <span class='ocrx_word' id='word_1_10' title='bbox 969 1060 1101 1141; x_wconf 76' lang='lat' dir='ltr'>Mariae.</span> <span class='ocrx_word' id='word_1_11' title='bbox 1127 1065 1195 1142; x_wconf 79' lang='lat' dir='ltr'>Alii</span> <span class='ocrx_word' id='word_1_12' title='bbox 1220 1074 1345 1143; x_wconf 87' lang='lat' dir='ltr'>tamen</span> <span class='ocrx_word' id='word_1_13' title='bbox 1369 1069 1476 1143; x_wconf 84' lang='lat' dir='ltr'>aliter</span> 
     </span>
     <span class='ocr_line' id='line_1_3' title="bbox 303 1186 1476 1283; baseline -0.002 -20"><span class='ocrx_word' id='word_1_14' title='bbox 303 1192 493 1283; x_wconf 84' lang='lat' dir='ltr'>exponunt</span> <span class='ocrx_word' id='word_1_15' title='bbox 517 1186 623 1261; x_wconf 88' lang='lat' dir='ltr'>istam</span> <span class='ocrx_word' id='word_1_16' title='bbox 642 1186 798 1283; x_wconf 77' lang='lat' dir='ltr'>literam,</span> <span class='ocrx_word' id='word_1_17' title='bbox 817 1193 855 1263; x_wconf 86' lang='lat' dir='ltr'>et</span> <span class='ocrx_word' id='word_1_18' title='bbox 874 1186 1002 1262; x_wconf 88' lang='lat' dir='ltr'>dicunt·</span> <span class='ocrx_word' id='word_1_19' title='bbox 1021 1188 1121 1283; x_wconf 86' lang='lat' dir='ltr'>quud</span> <span class='ocrx_word' id='word_1_20' title='bbox 1146 1186 1199 1262; x_wconf 89' lang='lat' dir='ltr'>illi</span> <span class='ocrx_word' id='word_1_21' title='bbox 1221 1187 1368 1283; x_wconf 89' lang='lat' dir='ltr'>spiritus</span> <span class='ocrx_word' id='word_1_22' title='bbox 1387 1202 1476 1261; x_wconf 63' lang='lat' dir='ltr'>eam</span> 
     </span>
     <span class='ocr_line' id='line_1_4' title="bbox 305 1307 1477 1402; baseline -0.001 -19"><span class='ocrx_word' id='word_1_23' title='bbox 305 1308 433 1383; x_wconf 86' lang='lat' dir='ltr'>tabant</span> <span class='ocrx_word' id='word_1_24' title='bbox 454 1307 546 1383; x_wconf 90' lang='lat' dir='ltr'>alte:</span> <span class='ocrx_word' id='word_1_25' title='bbox 573 1328 645 1382; x_wconf 83' lang='lat' dir='ltr'>non</span> <span class='ocrx_word' id='word_1_26' title='bbox 670 1324 842 1401; x_wconf 72' lang='lat' dir='ltr'>coenosae</span> <span class='ocrx_word' id='word_1_27' title='bbox 867 1311 998 1400; x_wconf 66' lang='lat' dir='ltr'>aarum·</span> <span class='ocrx_word' id='word_1_28' title='bbox 1021 1308 1124 1402; x_wconf 85' lang='lat' dir='ltr'>idest,</span> <span class='ocrx_word' id='word_1_29' title='bbox 1150 1308 1262 1382; x_wconf 92' lang='lat' dir='ltr'>istum</span> <span class='ocrx_word' id='word_1_30' title='bbox 1288 1307 1477 1382; x_wconf 82' lang='lat' dir='ltr'>bominem·</span> 
     </span>
     <span class='ocr_line' id='line_1_5' title="bbox 306 1426 1477 1525; baseline -0.001 -22"><span class='ocrx_word' id='word_1_31' title='bbox 306 1426 445 1524; x_wconf 84' lang='lat' dir='ltr'>vivum,</span> <span class='ocrx_word' id='word_1_32' title='bbox 463 1428 601 1503; x_wconf 84' lang='lat' dir='ltr'>seilicet</span> <span class='ocrx_word' id='word_1_33' title='bbox 617 1428 772 1503; x_wconf 74' lang='lat' dir='ltr'>limitem</span> <span class='ocrx_word' id='word_1_34' title='bbox 789 1428 852 1523; x_wconf 90' lang='lat' dir='ltr'>qui</span> <span class='ocrx_word' id='word_1_35' title='bbox 875 1428 1008 1503; x_wconf 81' lang='lat' dir='ltr'>incedit</span> <span class='ocrx_word' id='word_1_36' title='bbox 1032 1428 1191 1503; x_wconf 82' lang='lat' dir='ltr'>intactus</span> <span class='ocrx_word' id='word_1_37' title='bbox 1215 1428 1263 1502; x_wconf 91' lang='lat' dir='ltr'>ab</span> <span class='ocrx_word' id='word_1_38' title='bbox 1288 1428 1394 1525; x_wconf 77' lang='lat' dir='ltr'>igne3</span> <span class='ocrx_word' id='word_1_39' title='bbox 1413 1426 1477 1502; x_wconf 83' lang='lat' dir='ltr'>sed</span> 
     </span>
    </p>
   </div>
   <div class='ocr_carea' id='block_1_3' title="bbox 305 1547 1483 2609">
    <p class='ocr_par' dir='ltr' id='par_1_3' title="bbox 305 1547 1483 2609">
     <span class='ocr_line' id='line_1_6' title="bbox 306 1547 1477 1646; baseline 0.001 -23"><span class='ocrx_word' id='word_1_40' title='bbox 306 1550 406 1645; x_wconf 81' lang='lat' dir='ltr'>prior</span> <span class='ocrx_word' id='word_1_41' title='bbox 431 1550 608 1646; x_wconf 81' lang='lat' dir='ltr'><strong>expositio</strong></span> <span class='ocrx_word' id='word_1_42' title='bbox 639 1550 763 1624; x_wconf 79' lang='lat' dir='ltr'>sanior</span> <span class='ocrx_word' id='word_1_43' title='bbox 789 1556 854 1625; x_wconf 80' lang='lat' dir='ltr'>est.</span> <span class='ocrx_word' id='word_1_44' title='bbox 886 1550 930 1623; x_wconf 85' lang='lat' dir='ltr'>Et</span> <span class='ocrx_word' id='word_1_45' title='bbox 958 1548 1062 1623; x_wconf 85' lang='lat' dir='ltr'>dicit:</span> <span class='ocrx_word' id='word_1_46' title='bbox 1088 1551 1176 1640; x_wconf 79' lang='lat' dir='ltr'>indi,</span> <span class='ocrx_word' id='word_1_47' title='bbox 1202 1547 1304 1642; x_wconf 81' lang='lat' dir='ltr'>idest,</span> <span class='ocrx_word' id='word_1_48' title='bbox 1334 1548 1477 1642; x_wconf 87' lang='lat' dir='ltr'>deinde,-</span> 
     </span>
     <span class='ocr_line' id='line_1_7' title="bbox 305 1670 1483 1765; baseline 0.001 -21"><span class='ocrx_word' id='word_1_49' title='bbox 305 1673 581 1744; x_wconf 84' lang='lat' dir='ltr'>ricomineiauun</span> <span class='ocrx_word' id='word_1_50' title='bbox 610 1673 747 1764; x_wconf 72' lang='lat' dir='ltr'>timae,¹</span> <span class='ocrx_word' id='word_1_51' title='bbox 781 1670 927 1765; x_wconf 74' lang='lat' dir='ltr'>seilicet,</span> <span class='ocrx_word' id='word_1_52' title='bbox 953 1684 1099 1743; x_wconf 72' lang='lat' dir='ltr'>summa</span> <span class='ocrx_word' id='word_1_53' title='bbox 1136 1674 1230 1743; x_wconf 77' lang='lat' dir='ltr'>neus</span> <span class='ocrx_word' id='word_1_54' title='bbox 1267 1673 1483 1765; x_wconf 75' lang='lat' dir='ltr'>clematitioe&#39;3&#39;</span> 
     </span>
     <span class='ocr_line' id='line_1_8' title="bbox 306 1780 1477 1889; baseline 0.002 -26"><span class='ocrx_word' id='word_1_55' title='bbox 306 1791 412 1884; x_wconf 79' lang='lat' dir='ltr'>bussi,</span> <span class='ocrx_word' id='word_1_56' title='bbox 440 1790 529 1865; x_wconf 85' lang='lat' dir='ltr'>idest</span> <span class='ocrx_word' id='word_1_57' title='bbox 562 1791 873 1886; x_wconf 68' lang='lat' dir='ltr'>meselemia</span> <span class='ocrx_word' id='word_1_58' title='bbox 902 1790 1001 1885; x_wconf 84' lang='lat' dir='ltr'>qued</span> <span class='ocrx_word' id='word_1_59' title='bbox 1031 1791 1228 1864; x_wconf 72' lang='lat' dir='ltr'>cantabant</span> <span class='ocrx_word' id='word_1_60' title='bbox 1253 1790 1377 1885; x_wconf 56' lang='lat' dir='ltr'>prime*</span> <span class='ocrx_word' id='word_1_61' title='bbox 1408 1780 1477 1889; x_wconf 54' lang='lat' dir='ltr'>by*</span> 
     </span>
     <span class='ocr_line' id='line_1_9' title="bbox 307 1903 1476 2008; baseline 0.001 -24"><span class='ocrx_word' id='word_1_62' title='bbox 307 1921 436 1985; x_wconf 76' lang='lat' dir='ltr'>mltum</span> <span class='ocrx_word' id='word_1_63' title='bbox 450 1912 566 2005; x_wconf 86' lang='lat' dir='ltr'>basse,</span> <span class='ocrx_word' id='word_1_64' title='bbox 580 1911 711 1987; x_wconf 88' lang='lat' dir='ltr'>deinde</span> <span class='ocrx_word' id='word_1_65' title='bbox 728 1930 941 2008; x_wconf 87' lang='lat' dir='ltr'>responsum</span> <span class='ocrx_word' id='word_1_66' title='bbox 951 1903 988 2005; x_wconf 62' lang='grc' dir='ltr'>(ἢ</span> <span class='ocrx_word' id='word_1_67' title='bbox 1004 1912 1127 1985; x_wconf 73' lang='lat' dir='ltr'>illaria</span> <span class='ocrx_word' id='word_1_68' title='bbox 1143 1910 1189 1985; x_wconf 91' lang='lat' dir='ltr'>ad</span> <span class='ocrx_word' id='word_1_69' title='bbox 1206 1912 1379 2008; x_wconf 83' lang='lat' dir='ltr'>angelum</span> <span class='ocrx_word' id='word_1_70' title='bbox 1393 1913 1476 1987; x_wconf 82' lang='lat' dir='ltr'>alte.</span> 
     </span>
     <span class='ocr_line' id='line_1_10' title="bbox 306 2031 1479 2128; baseline -0.002 -21"><span class='ocrx_word' id='word_1_71' title='bbox 306 2034 526 2107; x_wconf 46' lang='lat' dir='ltr'>amiota.</span> <span class='ocrx_word' id='word_1_72' title='bbox 553 2032 619 2107; x_wconf 84' lang='lat' dir='ltr'>Hie</span> <span class='ocrx_word' id='word_1_73' title='bbox 644 2037 750 2127; x_wconf 87' lang='lat' dir='ltr'>poeta</span> <span class='ocrx_word' id='word_1_74' title='bbox 776 2032 877 2128; x_wconf 89' lang='lat' dir='ltr'>ponit</span> <span class='ocrx_word' id='word_1_75' title='bbox 902 2031 1000 2105; x_wconf 93' lang='lat' dir='ltr'>aliud</span> <span class='ocrx_word' id='word_1_76' title='bbox 1026 2031 1165 2105; x_wconf 86' lang='lat' dir='ltr'>dictum</span> <span class='ocrx_word' id='word_1_77' title='bbox 1197 2031 1343 2105; x_wconf 86' lang='lat' dir='ltr'>illerum</span> <span class='ocrx_word' id='word_1_78' title='bbox 1374 2032 1479 2127; x_wconf 65' lang='lat' dir='ltr'>spiri·&#39;</span> 
     </span>
     <span class='ocr_line' id='line_1_11' title="bbox 308 2144 1478 2247; baseline -0.001 -21"><span class='ocrx_word' id='word_1_79' title='bbox 308 2158 417 2227; x_wconf 78' lang='lat' dir='ltr'>tuum</span> <span class='ocrx_word' id='word_1_80' title='bbox 440 2151 477 2227; x_wconf 84' lang='lat' dir='ltr'>in</span> <span class='ocrx_word' id='word_1_81' title='bbox 504 2152 809 2247; x_wconf 79' lang='lat' dir='ltr'><strong>vituperationem</strong></span> <span class='ocrx_word' id='word_1_82' title='bbox 835 2144 995 2225; x_wconf 74' lang='lat' dir='ltr'>luxurie</span> <span class='ocrx_word' id='word_1_83' title='bbox 1012 2156 1261 2247; x_wconf 76' lang='lat' dir='ltr'>quae‘separat</span> <span class='ocrx_word' id='word_1_84' title='bbox 1283 2150 1478 2227; x_wconf 90' lang='lat' dir='ltr'>mulierem</span> 
     </span>
     <span class='ocr_line' id='line_1_12' title="bbox 306 2270 1479 2368; baseline 0 -21"><span class='ocrx_word' id='word_1_85' title='bbox 306 2294 329 2347; x_wconf 89' lang='lat' dir='ltr'>a</span> <span class='ocrx_word' id='word_1_86' title='bbox 354 2272 541 2347; x_wconf 78' lang='lat' dir='ltr'>consortie</span> <span class='ocrx_word' id='word_1_87' title='bbox 563 2272 720 2347; x_wconf 91' lang='lat' dir='ltr'>aliarum</span> <span class='ocrx_word' id='word_1_88' title='bbox 746 2272 976 2368; x_wconf 82' lang='lat' dir='ltr'>pudicarum.</span> <span class='ocrx_word' id='word_1_89' title='bbox 994 2270 1048 2344; x_wconf 80' lang='lat' dir='ltr'>nd</span> <span class='ocrx_word' id='word_1_90' title='bbox 1068 2271 1350 2345; x_wconf 80' lang='lat' dir='ltr'>declarationem</span> <span class='ocrx_word' id='word_1_91' title='bbox 1369 2272 1479 2347; x_wconf 87' lang='lat' dir='ltr'>buius</span> 
     </span>
     <span class='ocr_line' id='line_1_13' title="bbox 308 2390 1480 2486; baseline 0 -21"><span class='ocrx_word' id='word_1_92' title='bbox 308 2391 422 2467; x_wconf 78' lang='lat' dir='ltr'>literae</span> <span class='ocrx_word' id='word_1_93' title='bbox 448 2397 503 2467; x_wconf 86' lang='lat' dir='ltr'>est</span> <span class='ocrx_word' id='word_1_94' title='bbox 527 2392 741 2468; x_wconf 88' lang='lat' dir='ltr'>brevissime</span> <span class='ocrx_word' id='word_1_95' title='bbox 767 2390 968 2486; x_wconf 85' lang='lat' dir='ltr'>sciendum,</span> <span class='ocrx_word' id='word_1_96' title='bbox 995 2391 1095 2486; x_wconf 88' lang='lat' dir='ltr'>quud</span> <span class='ocrx_word' id='word_1_97' title='bbox 1125 2391 1219 2466; x_wconf 86' lang='lat' dir='ltr'>sicut</span> <span class='ocrx_word' id='word_1_98' title='bbox 1246 2391 1370 2466; x_wconf 77' lang='lat' dir='ltr'>scribit</span> <span class='ocrx_word' id='word_1_99' title='bbox 1394 2390 1480 2465; x_wconf 87' lang='lat' dir='ltr'>Ovi-</span> 
     </span>
     <span class='ocr_line' id='line_1_14' title="bbox 309 2510 1481 2609; baseline 0 -24"><span class='ocrx_word' id='word_1_100' title='bbox 309 2510 389 2586; x_wconf 87' lang='lat' dir='ltr'>dius</span> <span class='ocrx_word' id='word_1_101' title='bbox 414 2512 445 2586; x_wconf 94' lang='lat' dir='ltr'>ll</span> <span class='ocrx_word' id='word_1_102' title='bbox 469 2511 626 2607; x_wconf 82' lang='lat' dir='ltr'>Maioris,</span> <span class='ocrx_word' id='word_1_103' title='bbox 656 2511 797 2609; x_wconf 89' lang='lat' dir='ltr'>Jupiter</span> <span class='ocrx_word' id='word_1_104' title='bbox 828 2531 894 2607; x_wconf 91' lang='lat' dir='ltr'>per</span> <span class='ocrx_word' id='word_1_105' title='bbox 927 2510 1095 2586; x_wconf 80' lang='lat' dir='ltr'>fraudem</span> <span class='ocrx_word' id='word_1_106' title='bbox 1129 2517 1166 2585; x_wconf 89' lang='lat' dir='ltr'>et</span> <span class='ocrx_word' id='word_1_107' title='bbox 1195 2510 1268 2583; x_wconf 93' lang='lat' dir='ltr'>vim</span> <span class='ocrx_word' id='word_1_108' title='bbox 1301 2513 1481 2607; x_wconf 84' lang='lat' dir='ltr'>stupravit</span> 
     </span>
    </p>
   </div>
   <div class='ocr_carea' id='block_1_4' title="bbox 309 2628 1608 2730">
    <p class='ocr_par' dir='ltr' id='par_1_4' title="bbox 309 2628 1608 2730">
     <span class='ocr_line' id='line_1_15' title="bbox 309 2628 1608 2730; baseline -0.008 -18"><span class='ocrx_word' id='word_1_109' title='bbox 309 2631 527 2711; x_wconf 80' lang='lat' dir='ltr'>Calistonem</span> <span class='ocrx_word' id='word_1_110' title='bbox 554 2632 734 2730; x_wconf 84' lang='lat' dir='ltr'>virginem</span> <span class='ocrx_word' id='word_1_111' title='bbox 760 2631 806 2707; x_wconf 90' lang='lat' dir='ltr'>de</span> <span class='ocrx_word' id='word_1_112' title='bbox 825 2630 977 2707; x_wconf 79' lang='lat' dir='ltr'>Arcadia</span> <span class='ocrx_word' id='word_1_113' title='bbox 1003 2630 1145 2705; x_wconf 88' lang='lat' dir='ltr'>solitam</span> <span class='ocrx_word' id='word_1_114' title='bbox 1172 2631 1228 2705; x_wconf 90' lang='lat' dir='ltr'>ire</span> <span class='ocrx_word' id='word_1_115' title='bbox 1253 2630 1290 2704; x_wconf 93' lang='lat' dir='ltr'>in</span> <span class='ocrx_word' id='word_1_116' title='bbox 1316 2634 1481 2708; x_wconf 69' lang='lat' dir='ltr'>venaliu-⁴</span> <span class='ocrx_word' id='word_1_117' title='bbox 1605 2628 1608 2633; x_wconf 81' lang='grc'><strong>’</strong></span> 
     </span>
    </p>
   </div>
   <div class='ocr_carea' id='block_1_5' title="bbox 309 2738 1489 4649">
    <p class='ocr_par' dir='ltr' id='par_1_5' title="bbox 309 2738 1489 4649">
     <span class='ocr_line' id='line_1_16' title="bbox 312 2738 1483 2849; baseline 0 -22"><span class='ocrx_word' id='word_1_118' title='bbox 312 2771 396 2829; x_wconf 89' lang='lat' dir='ltr'>nem</span> <span class='ocrx_word' id='word_1_119' title='bbox 410 2774 496 2830; x_wconf 91' lang='lat' dir='ltr'>cum</span> <span class='ocrx_word' id='word_1_120' title='bbox 512 2754 591 2829; x_wconf 88' lang='lat' dir='ltr'>aliis</span> <span class='ocrx_word' id='word_1_121' title='bbox 608 2753 810 2849; x_wconf 82' lang='lat' dir='ltr'>virginibus</span> <span class='ocrx_word' id='word_1_122' title='bbox 827 2738 971 2846; x_wconf 53' lang='lat' dir='ltr'>Dianam</span> <span class='ocrx_word' id='word_1_123' title='bbox 989 2772 1086 2847; x_wconf 76' lang='lat' dir='ltr'>qua,</span> <span class='ocrx_word' id='word_1_124' title='bbox 1103 2752 1243 2847; x_wconf 90' lang='lat' dir='ltr'>perdita</span> <span class='ocrx_word' id='word_1_125' title='bbox 1260 2752 1483 2849; x_wconf 81' lang='lat' dir='ltr'>virginitate,-</span> 
     </span>
     <span class='ocr_line' id='line_1_17' title="bbox 310 2872 1480 2970; baseline -0.001 -23"><span class='ocrx_word' id='word_1_126' title='bbox 310 2894 383 2947; x_wconf 88' lang='lat' dir='ltr'>non</span> <span class='ocrx_word' id='word_1_127' title='bbox 408 2874 568 2949; x_wconf 89' lang='lat' dir='ltr'>audebat</span> <span class='ocrx_word' id='word_1_128' title='bbox 590 2873 885 2970; x_wconf 86' lang='lat' dir='ltr'>appropinquare</span> <span class='ocrx_word' id='word_1_129' title='bbox 918 2872 1052 2965; x_wconf 77' lang='lat' dir='ltr'>blane,</span> <span class='ocrx_word' id='word_1_130' title='bbox 1085 2892 1158 2946; x_wconf 89' lang='lat' dir='ltr'>nen</span> <span class='ocrx_word' id='word_1_131' title='bbox 1183 2872 1309 2946; x_wconf 89' lang='lat' dir='ltr'>levare</span> <span class='ocrx_word' id='word_1_132' title='bbox 1341 2874 1480 2967; x_wconf 81' lang='lat' dir='ltr'>ocules,</span> 
     </span>
     <span class='ocr_line' id='line_1_18' title="bbox 311 2992 1481 3087; baseline 0 -20"><span class='ocrx_word' id='word_1_133' title='bbox 311 3012 382 3067; x_wconf 90' lang='lat' dir='ltr'>non</span> <span class='ocrx_word' id='word_1_134' title='bbox 400 2994 511 3087; x_wconf 86' lang='lat' dir='ltr'>loqui.</span> <span class='ocrx_word' id='word_1_135' title='bbox 531 2994 624 3067; x_wconf 89' lang='lat' dir='ltr'>Cum</span> <span class='ocrx_word' id='word_1_136' title='bbox 642 3000 768 3069; x_wconf 86' lang='lat' dir='ltr'>autem</span> <span class='ocrx_word' id='word_1_137' title='bbox 795 2992 909 3067; x_wconf 89' lang='lat' dir='ltr'>semel</span> <span class='ocrx_word' id='word_1_138' title='bbox 934 2994 1010 3081; x_wconf 86' lang='lat' dir='ltr'>bea</span> <span class='ocrx_word' id='word_1_139' title='bbox 1027 2992 1121 3066; x_wconf 86' lang='lat' dir='ltr'>lesse</span> <span class='ocrx_word' id='word_1_140' title='bbox 1141 2992 1334 3067; x_wconf 88' lang='lat' dir='ltr'>venatione</span> <span class='ocrx_word' id='word_1_141' title='bbox 1351 2999 1389 3067; x_wconf 89' lang='lat' dir='ltr'>et</span> <span class='ocrx_word' id='word_1_142' title='bbox 1408 3012 1481 3067; x_wconf 85' lang='lat' dir='ltr'>cae-</span> 
     </span>
     <span class='ocr_line' id='line_1_19' title="bbox 310 3110 1482 3209; baseline 0.001 -23"><span class='ocrx_word' id='word_1_143' title='bbox 310 3118 400 3186; x_wconf 80' lang='lat' dir='ltr'>terae</span> <span class='ocrx_word' id='word_1_144' title='bbox 430 3112 589 3209; x_wconf 82' lang='lat' dir='ltr'>virgines</span> <span class='ocrx_word' id='word_1_145' title='bbox 620 3110 657 3186; x_wconf 94' lang='lat' dir='ltr'>in</span> <span class='ocrx_word' id='word_1_146' title='bbox 689 3112 793 3187; x_wconf 90' lang='lat' dir='ltr'>viridi</span> <span class='ocrx_word' id='word_1_147' title='bbox 826 3122 979 3187; x_wconf 88' lang='lat' dir='ltr'>nemore</span> <span class='ocrx_word' id='word_1_148' title='bbox 1014 3111 1161 3185; x_wconf 84' lang='lat' dir='ltr'>nudatae</span> <span class='ocrx_word' id='word_1_149' title='bbox 1192 3112 1404 3186; x_wconf 90' lang='lat' dir='ltr'>lavarentur</span> <span class='ocrx_word' id='word_1_150' title='bbox 1434 3113 1482 3187; x_wconf 92' lang='lat' dir='ltr'>ad</span> 
     </span>
     <span class='ocr_line' id='line_1_20' title="bbox 310 3229 1483 3328; baseline 0.002 -23"><span class='ocrx_word' id='word_1_151' title='bbox 310 3231 446 3307; x_wconf 85' lang='lat' dir='ltr'>lentem</span> <span class='ocrx_word' id='word_1_152' title='bbox 478 3230 525 3307; x_wconf 94' lang='lat' dir='ltr'>ad</span> <span class='ocrx_word' id='word_1_153' title='bbox 558 3230 850 3328; x_wconf 78' lang='lat' dir='ltr'>refrigerandum</span> <span class='ocrx_word' id='word_1_154' title='bbox 882 3232 1056 3325; x_wconf 84' lang='lat' dir='ltr'>calorem,</span> <span class='ocrx_word' id='word_1_155' title='bbox 1087 3229 1220 3305; x_wconf 75' lang='lat' dir='ltr'>caliste</span> <span class='ocrx_word' id='word_1_156' title='bbox 1249 3230 1395 3327; x_wconf 82' lang='lat' dir='ltr'>cognita</span> <span class='ocrx_word' id='word_1_157' title='bbox 1427 3238 1483 3307; x_wconf 82' lang='lat' dir='ltr'>est</span> 
     </span>
     <span class='ocr_line' id='line_1_21' title="bbox 309 3348 1486 3447; baseline -0.001 -21"><span class='ocrx_word' id='word_1_158' title='bbox 309 3370 389 3426; x_wconf 91' lang='lat' dir='ltr'>esse</span> <span class='ocrx_word' id='word_1_159' title='bbox 414 3356 589 3447; x_wconf 84' lang='lat' dir='ltr'>corrupta</span> <span class='ocrx_word' id='word_1_160' title='bbox 614 3352 652 3425; x_wconf 95' lang='lat' dir='ltr'>in</span> <span class='ocrx_word' id='word_1_161' title='bbox 678 3358 787 3425; x_wconf 88' lang='lat' dir='ltr'>utere</span> <span class='ocrx_word' id='word_1_162' title='bbox 812 3350 946 3425; x_wconf 86' lang='lat' dir='ltr'>inllate.</span> <span class='ocrx_word' id='word_1_163' title='bbox 974 3350 1025 3423; x_wconf 79' lang='lat' dir='ltr'>lix</span> <span class='ocrx_word' id='word_1_164' title='bbox 1057 3368 1134 3445; x_wconf 85' lang='lat' dir='ltr'>que</span> <span class='ocrx_word' id='word_1_165' title='bbox 1158 3348 1272 3424; x_wconf 83' lang='lat' dir='ltr'>Diana</span> <span class='ocrx_word' id='word_1_166' title='bbox 1298 3350 1486 3446; x_wconf 82' lang='lat' dir='ltr'>indignata</span> 
     </span>
     <span class='ocr_line' id='line_1_22' title="bbox 310 3470 1480 3569; baseline 0 -23"><span class='ocrx_word' id='word_1_167' title='bbox 310 3472 464 3569; x_wconf 88' lang='lat' dir='ltr'>turpiter</span> <span class='ocrx_word' id='word_1_168' title='bbox 490 3473 628 3567; x_wconf 86' lang='lat' dir='ltr'>expulit</span> <span class='ocrx_word' id='word_1_169' title='bbox 652 3472 756 3546; x_wconf 90' lang='lat' dir='ltr'>illam</span> <span class='ocrx_word' id='word_1_170' title='bbox 770 3492 817 3546; x_wconf 93' lang='lat' dir='ltr'>ne</span> <span class='ocrx_word' id='word_1_171' title='bbox 838 3472 983 3546; x_wconf 86' lang='lat' dir='ltr'>vitiaret</span> <span class='ocrx_word' id='word_1_172' title='bbox 1008 3485 1145 3566; x_wconf 92' lang='lat' dir='ltr'>purum</span> <span class='ocrx_word' id='word_1_173' title='bbox 1173 3470 1323 3565; x_wconf 87' lang='lat' dir='ltr'>lentem,</span> <span class='ocrx_word' id='word_1_174' title='bbox 1342 3477 1379 3546; x_wconf 90' lang='lat' dir='ltr'>et</span> <span class='ocrx_word' id='word_1_175' title='bbox 1399 3492 1480 3547; x_wconf 93' lang='lat' dir='ltr'>ma·</span> 
     </span>
     <span class='ocr_line' id='line_1_23' title="bbox 312 3590 1489 3688; baseline -0.003 -20"><span class='ocrx_word' id='word_1_176' title='bbox 312 3594 453 3668; x_wconf 82' lang='lat' dir='ltr'>cularel</span> <span class='ocrx_word' id='word_1_177' title='bbox 478 3595 634 3670; x_wconf 86' lang='lat' dir='ltr'>cherum</span> <span class='ocrx_word' id='word_1_178' title='bbox 662 3608 854 3667; x_wconf 79' lang='lat' dir='ltr'>sacrarum</span> <span class='ocrx_word' id='word_1_179' title='bbox 874 3590 1079 3688; x_wconf 81' lang='lat' dir='ltr'>virginum:</span> <span class='ocrx_word' id='word_1_180' title='bbox 1102 3611 1186 3685; x_wconf 86' lang='lat' dir='ltr'>quae</span> <span class='ocrx_word' id='word_1_181' title='bbox 1207 3597 1332 3686; x_wconf 85' lang='lat' dir='ltr'>pastea</span> <span class='ocrx_word' id='word_1_182' title='bbox 1350 3590 1489 3665; x_wconf 83' lang='lat' dir='ltr'>dieitur</span> 
     </span>
     <span class='ocr_line' id='line_1_24' title="bbox 313 3700 1485 3806; baseline -0.001 -19"><span class='ocrx_word' id='word_1_183' title='bbox 313 3720 454 3788; x_wconf 83' lang='lat' dir='ltr'>mutata</span> <span class='ocrx_word' id='word_1_184' title='bbox 480 3714 516 3788; x_wconf 95' lang='lat' dir='ltr'>in</span> <span class='ocrx_word' id='word_1_185' title='bbox 543 3734 670 3788; x_wconf 86' lang='lat' dir='ltr'>ursam</span> <span class='ocrx_word' id='word_1_186' title='bbox 697 3712 751 3787; x_wconf 91' lang='lat' dir='ltr'>ira</span> <span class='ocrx_word' id='word_1_187' title='bbox 777 3710 928 3786; x_wconf 83' lang='lat' dir='ltr'>lunonis</span> <span class='ocrx_word' id='word_1_188' title='bbox 942 3700 991 3804; x_wconf 84' lang='lat'>(³),</span> <span class='ocrx_word' id='word_1_189' title='bbox 1010 3730 1095 3805; x_wconf 72' lang='lat' dir='ltr'>quae</span> <span class='ocrx_word' id='word_1_190' title='bbox 1113 3730 1209 3785; x_wconf 82' lang='lat' dir='ltr'>uxur</span> <span class='ocrx_word' id='word_1_191' title='bbox 1235 3710 1333 3784; x_wconf 83' lang='lat' dir='ltr'>levis</span> <span class='ocrx_word' id='word_1_192' title='bbox 1358 3727 1485 3806; x_wconf 85' lang='lat' dir='ltr'>perse·</span> 
     </span>
     <span class='ocr_line' id='line_1_25' title="bbox 313 3826 1484 3930; baseline -0.003 -21"><span class='ocrx_word' id='word_1_193' title='bbox 313 3835 497 3929; x_wconf 87' lang='lat' dir='ltr'>quebatur</span> <span class='ocrx_word' id='word_1_194' title='bbox 528 3831 693 3930; x_wconf 84' lang='lat' dir='ltr'>pellicem</span> <span class='ocrx_word' id='word_1_195' title='bbox 727 3826 857 3906; x_wconf 88' lang='lat' dir='ltr'>mariti.</span> <span class='ocrx_word' id='word_1_196' title='bbox 891 3830 962 3905; x_wconf 86' lang='lat' dir='ltr'>Sed</span> <span class='ocrx_word' id='word_1_197' title='bbox 991 3830 1141 3905; x_wconf 91' lang='lat' dir='ltr'>brevius</span> <span class='ocrx_word' id='word_1_198' title='bbox 1174 3829 1364 3905; x_wconf 86' lang='lat' dir='ltr'>videamus</span> <span class='ocrx_word' id='word_1_199' title='bbox 1396 3831 1484 3925; x_wconf 90' lang='lat' dir='ltr'>quid</span> 
     </span>
     <span class='ocr_line' id='line_1_26' title="bbox 314 3949 1485 4047; baseline -0.003 -20"><span class='ocrx_word' id='word_1_200' title='bbox 314 3953 424 4028; x_wconf 87' lang='lat' dir='ltr'>lateat</span> <span class='ocrx_word' id='word_1_201' title='bbox 449 3954 519 4028; x_wconf 92' lang='lat' dir='ltr'>sub</span> <span class='ocrx_word' id='word_1_202' title='bbox 543 3952 680 4029; x_wconf 86' lang='lat' dir='ltr'>eertiee</span> <span class='ocrx_word' id='word_1_203' title='bbox 704 3951 856 4026; x_wconf 80' lang='lat' dir='ltr'>labulaez</span> <span class='ocrx_word' id='word_1_204' title='bbox 878 3950 1019 4046; x_wconf 89' lang='lat' dir='ltr'>Jupiter</span> <span class='ocrx_word' id='word_1_205' title='bbox 1040 3949 1235 4046; x_wconf 84' lang='lat' dir='ltr'>figurative</span> <span class='ocrx_word' id='word_1_206' title='bbox 1255 3957 1310 4025; x_wconf 90' lang='lat' dir='ltr'>est</span> <span class='ocrx_word' id='word_1_207' title='bbox 1327 3969 1485 4047; x_wconf 79' lang='lat' dir='ltr'>magnus</span> 
     </span>
     <span class='ocr_line' id='line_1_27' title="bbox 313 4070 1486 4167; baseline -0.002 -20"><span class='ocrx_word' id='word_1_208' title='bbox 313 4072 468 4167; x_wconf 85' lang='lat' dir='ltr'>adulter,</span> <span class='ocrx_word' id='word_1_209' title='bbox 495 4073 589 4149; x_wconf 89' lang='lat' dir='ltr'>sicut</span> <span class='ocrx_word' id='word_1_210' title='bbox 618 4070 688 4146; x_wconf 85' lang='lat' dir='ltr'>luit</span> <span class='ocrx_word' id='word_1_211' title='bbox 710 4070 757 4145; x_wconf 90' lang='lat' dir='ltr'>de</span> <span class='ocrx_word' id='word_1_212' title='bbox 782 4070 839 4145; x_wconf 90' lang='lat' dir='ltr'>rei</span> <span class='ocrx_word' id='word_1_213' title='bbox 862 4070 1028 4164; x_wconf 83' lang='lat' dir='ltr'>veritate,</span> <span class='ocrx_word' id='word_1_214' title='bbox 1055 4070 1119 4163; x_wconf 89' lang='lat' dir='ltr'>qui</span> <span class='ocrx_word' id='word_1_215' title='bbox 1144 4070 1180 4144; x_wconf 92' lang='lat' dir='ltr'>vi</span> <span class='ocrx_word' id='word_1_216' title='bbox 1205 4076 1241 4144; x_wconf 91' lang='lat' dir='ltr'>et</span> <span class='ocrx_word' id='word_1_217' title='bbox 1267 4070 1396 4145; x_wconf 79' lang='lat' dir='ltr'>fraude</span> <span class='ocrx_word' id='word_1_218' title='bbox 1419 4070 1486 4145; x_wconf 94' lang='lat' dir='ltr'>de·</span> 
     </span>
     <span class='ocr_line' id='line_1_28' title="bbox 314 4177 1486 4291; baseline -0.001 -24"><span class='ocrx_word' id='word_1_219' title='bbox 314 4192 420 4267; x_wconf 83' lang='lat' dir='ltr'>llorai</span> <span class='ocrx_word' id='word_1_220' title='bbox 444 4194 636 4291; x_wconf 83' lang='lat' dir='ltr'>virginem,</span> <span class='ocrx_word' id='word_1_221' title='bbox 669 4196 706 4267; x_wconf 86' lang='lat' dir='ltr'>et</span> <span class='ocrx_word' id='word_1_222' title='bbox 737 4190 826 4265; x_wconf 83' lang='lat' dir='ltr'>lallit</span> <span class='ocrx_word' id='word_1_223' title='bbox 857 4190 955 4264; x_wconf 90' lang='lat' dir='ltr'>illam</span> <span class='ocrx_word' id='word_1_224' title='bbox 986 4210 1119 4285; x_wconf 90' lang='lat' dir='ltr'>puram</span> <span class='ocrx_word' id='word_1_225' title='bbox 1137 4177 1187 4283; x_wconf 73' lang='lat'>(⁴),</span> <span class='ocrx_word' id='word_1_226' title='bbox 1220 4189 1421 4285; x_wconf 85' lang='lat' dir='ltr'>simplicem</span> <span class='ocrx_word' id='word_1_227' title='bbox 1448 4197 1486 4266; x_wconf 88' lang='lat' dir='ltr'>et</span> 
     </span>
     <span class='ocr_line' id='line_1_29' title="bbox 315 4310 1484 4408; baseline -0.001 -23"><span class='ocrx_word' id='word_1_228' title='bbox 315 4311 493 4408; x_wconf 76' lang='lat' dir='ltr'>fragilem.</span> <span class='ocrx_word' id='word_1_229' title='bbox 514 4313 627 4387; x_wconf 86' lang='lat' dir='ltr'>Diana</span> <span class='ocrx_word' id='word_1_230' title='bbox 652 4322 743 4386; x_wconf 85' lang='lat' dir='ltr'>vero</span> <span class='ocrx_word' id='word_1_231' title='bbox 769 4330 854 4405; x_wconf 81' lang='lat' dir='ltr'>quae</span> <span class='ocrx_word' id='word_1_232' title='bbox 878 4310 1010 4385; x_wconf 81' lang='lat' dir='ltr'>dieiurr</span> <span class='ocrx_word' id='word_1_233' title='bbox 1027 4310 1096 4384; x_wconf 90' lang='lat' dir='ltr'>dea</span> <span class='ocrx_word' id='word_1_234' title='bbox 1116 4310 1289 4385; x_wconf 83' lang='lat' dir='ltr'>castitatis</span> <span class='ocrx_word' id='word_1_235' title='bbox 1311 4316 1367 4384; x_wconf 91' lang='lat' dir='ltr'>est</span> <span class='ocrx_word' id='word_1_236' title='bbox 1386 4311 1484 4404; x_wconf 86' lang='lat' dir='ltr'>luna,</span> 
     </span>
     <span class='ocr_line' id='line_1_30' title="bbox 315 4427 1485 4526; baseline 0 -20"><span class='ocrx_word' id='word_1_237' title='bbox 315 4448 400 4526; x_wconf 81' lang='lat' dir='ltr'>quae</span> <span class='ocrx_word' id='word_1_238' title='bbox 417 4429 605 4507; x_wconf 89' lang='lat' dir='ltr'>inlluentia</span> <span class='ocrx_word' id='word_1_239' title='bbox 622 4449 688 4506; x_wconf 90' lang='lat' dir='ltr'>sua</span> <span class='ocrx_word' id='word_1_240' title='bbox 707 4430 790 4506; x_wconf 85' lang='lat' dir='ltr'>lacit</span> <span class='ocrx_word' id='word_1_241' title='bbox 807 4429 978 4526; x_wconf 83' lang='lat' dir='ltr'>virgines,</span> <span class='ocrx_word' id='word_1_242' title='bbox 993 4427 1086 4503; x_wconf 86' lang='lat' dir='ltr'>sieut</span> <span class='ocrx_word' id='word_1_243' title='bbox 1104 4430 1203 4504; x_wconf 87' lang='lat' dir='ltr'>clare</span> <span class='ocrx_word' id='word_1_244' title='bbox 1215 4430 1353 4525; x_wconf 87' lang='lat' dir='ltr'>patebit</span> <span class='ocrx_word' id='word_1_245' title='bbox 1365 4430 1410 4503; x_wconf 92' lang='lat' dir='ltr'>lll</span> <span class='ocrx_word' id='word_1_246' title='bbox 1422 4449 1485 4506; x_wconf 85' lang='lat' dir='ltr'>ea·</span> 
     </span>
     <span class='ocr_line' id='line_1_31' title="bbox 316 4550 1484 4649; baseline -0.001 -24"><span class='ocrx_word' id='word_1_247' title='bbox 316 4552 430 4649; x_wconf 90' lang='lat' dir='ltr'>pitulo</span> <span class='ocrx_word' id='word_1_248' title='bbox 456 4552 636 4647; x_wconf 89' lang='lat' dir='ltr'>Paradisi;</span> <span class='ocrx_word' id='word_1_249' title='bbox 662 4570 746 4647; x_wconf 84' lang='lat' dir='ltr'>quae</span> <span class='ocrx_word' id='word_1_250' title='bbox 773 4550 921 4647; x_wconf 80' lang='lat' dir='ltr'>fingitur</span> <span class='ocrx_word' id='word_1_251' title='bbox 947 4570 1033 4625; x_wconf 91' lang='lat' dir='ltr'>cum</span> <span class='ocrx_word' id='word_1_252' title='bbox 1060 4550 1135 4624; x_wconf 92' lang='lat' dir='ltr'>suis</span> <span class='ocrx_word' id='word_1_253' title='bbox 1153 4550 1354 4646; x_wconf 81' lang='lat' dir='ltr'>virginibus</span> <span class='ocrx_word' id='word_1_254' title='bbox 1376 4551 1433 4627; x_wconf 91' lang='lat' dir='ltr'>ire</span> <span class='ocrx_word' id='word_1_255' title='bbox 1447 4550 1484 4624; x_wconf 94' lang='lat' dir='ltr'>in</span> 
     </span>
    </p>
   </div>
   <div class='ocr_carea' id='block_1_6' title="bbox 376 4810 1190 5112">
    <p class='ocr_par' dir='ltr' id='par_1_6' title="bbox 376 4810 1190 4956">
     <span class='ocr_line' id='line_1_32' title="bbox 376 4810 1190 4879; baseline 0 -13"><span class='ocrx_word' id='word_1_256' title='bbox 376 4812 404 4879; x_wconf 61' lang='grc' dir='ltr'>θ)</span> <span class='ocrx_word' id='word_1_257' title='bbox 420 4811 451 4865; x_wconf 81' lang='lat' dir='ltr'>ll.</span> <span class='ocrx_word' id='word_1_258' title='bbox 467 4816 575 4879; x_wconf 72' lang='lat' dir='ltr'>pudore,</span> <span class='ocrx_word' id='word_1_259' title='bbox 593 4814 679 4866; x_wconf 81' lang='lat' dir='ltr'>audito</span> <span class='ocrx_word' id='word_1_260' title='bbox 695 4814 775 4865; x_wconf 78' lang='lat' dir='ltr'>verbo</span> <span class='ocrx_word' id='word_1_261' title='bbox 793 4811 944 4864; x_wconf 66' lang='lat' dir='ltr'>beatissimo</span> <span class='ocrx_word' id='word_1_262' title='bbox 961 4810 1074 4879; x_wconf 70' lang='lat' dir='ltr'>Virginis</span> <span class='ocrx_word' id='word_1_263' title='bbox 1090 4814 1190 4867; x_wconf 71' lang='lat' dir='ltr'>biario.</span> 
     </span>
     <span class='ocr_line' id='line_1_33' title="bbox 376 4890 1070 4956; baseline 0.003 -14"><span class='ocrx_word' id='word_1_264' title='bbox 376 4891 405 4956; x_wconf 62' lang='grc' dir='ltr'>(Ἴ</span> <span class='ocrx_word' id='word_1_265' title='bbox 420 4892 452 4942; x_wconf 85' lang='grc' dir='ltr'>Β.</span> <span class='ocrx_word' id='word_1_266' title='bbox 468 4906 621 4955; x_wconf 81' lang='lat' dir='ltr'>responsum</span> <span class='ocrx_word' id='word_1_267' title='bbox 637 4891 825 4956; x_wconf 74' lang='lat' dir='ltr'>prosternamur</span> <span class='ocrx_word' id='word_1_268' title='bbox 841 4890 954 4955; x_wconf 65' lang='lat' dir='ltr'>Virginis</span> <span class='ocrx_word' id='word_1_269' title='bbox 969 4892 1070 4945; x_wconf 73' lang='lat' dir='ltr'>Marias.</span> 
     </span>
    </p>

    <p class='ocr_par' dir='ltr' id='par_1_7' title="bbox 376 4968 1076 5034">
     <span class='ocr_line' id='line_1_34' title="bbox 376 4968 1076 5034; baseline 0 -14"><span class='ocrx_word' id='word_1_270' title='bbox 376 4968 403 5033; x_wconf 68' lang='grc' dir='ltr'>ζ’)</span> <span class='ocrx_word' id='word_1_271' title='bbox 420 4970 451 5021; x_wconf 85' lang='grc' dir='ltr'>Β.</span> <span class='ocrx_word' id='word_1_272' title='bbox 467 4970 577 5021; x_wconf 76' lang='lat' dir='ltr'>iunonis</span> <span class='ocrx_word' id='word_1_273' title='bbox 592 4970 681 5020; x_wconf 81' lang='lat' dir='ltr'>uxoris</span> <span class='ocrx_word' id='word_1_274' title='bbox 695 4969 775 5030; x_wconf 77' lang='lat' dir='ltr'>lovis,</span> <span class='ocrx_word' id='word_1_275' title='bbox 791 4982 849 5033; x_wconf 71' lang='lat' dir='ltr'>qun</span> <span class='ocrx_word' id='word_1_276' title='bbox 866 4969 1076 5034; x_wconf 74' lang='lat' dir='ltr'>persequebatur.</span> 
     </span>
    </p>

    <p class='ocr_par' dir='ltr' id='par_1_8' title="bbox 378 5044 891 5112">
     <span class='ocr_line' id='line_1_35' title="bbox 378 5044 891 5112; baseline 0 -15"><span class='ocrx_word' id='word_1_277' title='bbox 378 5050 407 5110; x_wconf 79' lang='lat'>(⁸)</span> <span class='ocrx_word' id='word_1_278' title='bbox 420 5046 453 5097; x_wconf 81' lang='lat' dir='ltr'>B.</span> <span class='ocrx_word' id='word_1_279' title='bbox 469 5058 561 5110; x_wconf 80' lang='lat' dir='ltr'>purum</span> <span class='ocrx_word' id='word_1_280' title='bbox 579 5046 704 5112; x_wconf 75' lang='lat' dir='ltr'>virginem</span> <span class='ocrx_word' id='word_1_281' title='bbox 720 5050 747 5097; x_wconf 85' lang='lat' dir='ltr'>et</span> <span class='ocrx_word' id='word_1_282' title='bbox 763 5044 891 5111; x_wconf 65' lang='lat' dir='ltr'>mullum.</span> 
     </span>
    </p>
   </div>
   <div class='ocr_carea' id='block_1_7' title="bbox 0 0 2197 6692">
    <p class='ocr_par' dir='ltr' id='par_1_9' title="bbox 0 0 2197 6692">
     <span class='ocr_line' id='line_1_36' title="bbox 0 0 2197 6692; baseline 0 0"><span class='ocrx_word' id='word_1_283' title='bbox 0 0 2197 6692; x_wconf 95' lang='lat' dir='ltr'> </span> 
     </span>
    </p>
   </div>
  </div>
 </body>
</html>
