4342 6692
671 889 740 958 132
1027 901 1233 959 consurnu
1258 904 1476 959 runonmmr

667 1068 761 1143 rem,
775 1054 1070 1144 recognoverunt
1082 1047 1313 1144 llypsypilem
1327 1046 1517 1123 audientes
1534 1048 1717 1123 nominari
1729 1048 1838 1121 Lem-

667 1191 741 1245 non
766 1169 934 1265 patriam,
960 1175 998 1243 et
1023 1167 1224 1243 Thoantem
1255 1189 1383 1263 avum,
1408 1174 1448 1243 et
1476 1188 1544 1263 per
1578 1168 1698 1245 media
1731 1188 1837 1243 arma

667 1296 818 1366 ruentes
850 1289 961 1364 ambo
994 1295 1154 1363 matrem
1186 1288 1344 1363 vicissim
1374 1287 1605 1383 amplexibus
1637 1295 1675 1363 et
1703 1286 1838 1362 osculis

666 1408 876 1507 fatigabant.
904 1408 967 1483 llla
986 1427 1075 1482 vero
1095 1408 1216 1503 primo
1229 1399 1268 1499 (¹)
1293 1409 1411 1482 stabat
1428 1407 1465 1481 in
1482 1428 1626 1501 saxum,
1644 1406 1731 1501 quia
1749 1405 1836 1481 nihil

666 1530 820 1605 credere
844 1533 1006 1624 poterat,
1025 1527 1089 1603 sed
1115 1527 1261 1603 tandem
1280 1548 1546 1625 recognoscens
1564 1548 1630 1624 por
1646 1526 1770 1602 omnia
1786 1526 1836 1600 si-

665 1669 739 1747 gna
764 1649 859 1745 ipsos
876 1647 1011 1722 similes
1031 1646 1151 1721 Iasoni
1169 1668 1250 1723 esse
1267 1646 1359 1722 lilios
1375 1668 1462 1722 suos
1479 1668 1556 1743 pre
1571 1646 1707 1745 gaudio
1727 1645 1836 1742 ooepit

666 1770 764 1845 llere.
791 1768 896 1841 Nunc
911 1767 958 1841 ad
976 1766 1138 1861 literam3
1155 1767 1242 1842 dicit
1260 1774 1384 1865 poeta:
1408 1771 1475 1843 Tul
1489 1772 1538 1843 mi
1550 1772 1615 1863 fed
1623 1771 1672 1860 to,
1689 1766 1834 1860 scilicet,

664 1886 990 1984 gratulabundum,
1012 1890 1109 1979 puali
1131 1890 1164 1960 si
1183 1892 1242 1981 ser
1261 1890 1346 1962 duni
1357 1890 1447 1981 finti,
1464 1888 1610 1982 scilicet,
1628 1887 1776 1961 OEneus
1798 1892 1835 1960 et

664 2008 794 2101 Thoas,
811 2027 836 2079 o
852 2008 992 2080 riueder
1009 2008 1046 2079 la
1063 2010 1200 2097 madre,
1218 2006 1364 2102 scilicet,
1380 2008 1626 2105 Hypsypilem,
1651 2010 1745 2080 nella
1769 2007 1835 2078 tn·-

663 2131 766 2203 sttzta
790 2128 828 2201 dt
853 2131 1002 2217 11111190
1009 2153 1024 2219 ,·
1055 2134 1205 2223 propter
1234 2133 1395 2203 mortem
1429 2128 1492 2203 lilii
1520 2128 1578 2203 sui
1608 2125 1833 2202 Archemori.

664 2250 709 2321 Et
734 2254 819 2321 nota
840 2246 934 2321 bene
955 2250 1136 2341 quantum
1152 2249 1233 2321 haec
1250 2246 1379 2322 nobilis
1395 2249 1620 2344 comparatio
1640 2246 1836 2323 benefacit

664 2367 711 2443 ad
728 2367 965 2465 propositum.
984 2367 1085 2442 Sicut
1109 2367 1209 2443 enim
1234 2368 1296 2443 lilii
1324 2369 1535 2466 llypsypiles
1559 2369 1686 2464 repleti
1702 2367 1835 2465 gaudio

665 2508 801 2583 magno
828 2485 990 2561 videntes
1016 2493 1173 2561 matrem
1200 2488 1327 2563 vivere
1352 2494 1390 2563 et
1413 2488 1573 2563 evasisse
1595 2509 1619 2563 a
1644 2494 1744 2563 tanto
1770 2506 1834 2583 pe-

665 2607 792 2701 riculo,
806 2626 919 2701 quam
934 2626 1008 2680 non
1021 2606 1122 2701 prius
1139 2600 1463 2704 cognoscebantl‘),
1479 2613 1638 2683 ruerunt
1654 2608 1692 2681 in
1707 2607 1833 2682 oscula

580 2798 582 2803 .
663 2732 702 2801 et
717 2728 909 2822 amplexus
926 2725 1017 2819 eius,
1035 2726 1084 2800 ita
1102 2746 1200 2801 nunc
1218 2733 1324 2821 poeta
1343 2726 1469 2802 videns
1484 2727 1701 2820 Gnidonem,
1719 2744 1831 2820 quem

663 2853 771 2922 vocat
800 2853 943 2942 patrem
973 2868 1083 2920 suum
1115 2846 1274 2922 erasisse
1302 2868 1325 2922 a
1356 2847 1520 2943 periculo
1550 2848 1694 2941 inferni,
1720 2866 1831 2941 quem

662 2966 834 3043 credebat
862 2965 1090 3061 damnatum,
1122 2966 1284 3062 repletus
1311 2966 1447 3063 gaudio
1478 2967 1624 3042 volebat
1657 2986 1769 3041 ruere
1794 2963 1832 3038 in

661 3085 853 3182 amplexus
881 3091 919 3161 et
949 3086 1086 3180 oscula,
1114 3086 1179 3161 nisi
1210 3086 1302 3183 ignis
1332 3088 1517 3163 vetuisset.
1549 3087 1652 3163 Unde
1682 3086 1833 3163 restrin-

661 3227 752 3302 gens
764 3206 1087 3302 comparationem,
1103 3205 1206 3281 dicit:
1221 3229 1281 3281 naa
1296 3230 1370 3282 noo
1385 3229 1411 3281 n
1427 3214 1523 3283 tanto
1538 3209 1699 3299 trasmae,
1712 3228 1832 3302 quan·

662 3334 742 3402 tum
768 3327 829 3421 illi,
857 3326 944 3420 quia
969 3348 1043 3401 non
1068 3327 1137 3401 luit
1161 3330 1348 3403 osculatus
1372 3328 1432 3404 vel
1456 3330 1648 3424 amplexus
1676 3327 1832 3403 111111111-

662 3466 768 3521 more
799 3446 911 3542 ignis3
941 3447 999 3521 vel
1029 3447 1110 3521 vult
1138 3447 1280 3523 dicere:
1312 3467 1386 3523 non
1419 3455 1544 3524 tamen
1575 3448 1704 3523 credas
1732 3447 1831 3541 quod

662 3586 735 3640 non
759 3565 870 3639 luerit
891 3564 1009 3639 maior
1027 3565 1149 3641 laetitia
1169 3571 1208 3641 et
1224 3566 1398 3643 festivitas
1417 3566 1498 3642 liliis
1514 3567 1640 3643 videre
1659 3573 1826 3641 matrem.

661 3687 705 3760 Et
720 3684 880 3781 assignat
897 3706 1047 3760 causam
1068 3681 1179 3760 tantia
1195 3687 1460 3784 gratulationis,
1477 3688 1621 3762 dicens:
1640 3688 1750 3761 talem
1769 3706 1830 3761 me

659 3807 740 3901 leci,
766 3808 908 3897 quoodo
931 3808 953 3879 t’
966 3808 1037 3879 adt
1050 3825 1182 3879 aomar
1204 3829 1243 3880 se
1265 3814 1374 3882 stesso
1397 3810 1561 3901 ilpndre
1584 3811 1667 3899 orio,
1683 3807 1828 3899 scilicet,

659 3927 863 4003 Gnidonem
889 3946 1001 4021 quem
1028 3932 1135 4001 vocat
1155 3932 1299 4023 patrem
1319 3948 1430 4003 sunm
1448 3929 1591 4004 ratione
1606 3928 1735 4022 atatis,
1753 3927 1828 4003 vir-

660 4047 746 4123 tutis
771 4054 808 4122 et
834 4046 1013 4141 scientiae3
1033 4068 1053 4119 e
1077 4049 1170 4138 deptt
1185 4050 1271 4121 111111
1289 4050 1369 4121 mcci
1387 4050 1554 4139 migdori,
1577 4047 1739 4142 loquitur
1755 4047 1827 4119 hu-

659 4169 803 4263 militer,
835 4170 907 4260 clte,
934 4166 1036 4261 idest,
1059 4167 1127 4261 'qui
1152 4168 1313 4243 maiores
1338 4167 1423 4263 mei,
1447 4190 1557 4243 suero
1577 4171 1666 4242 rime
1684 4170 1827 4241 d’omor

658 4288 1009 4380 contempnere,
1035 4286 1140 4381 quasi
1165 4287 1263 4362 dicat
1287 4294 1415 4383 poeta:
1441 4309 1516 4362 non
1545 4288 1683 4362 mirum
1707 4286 1737 4360 si
1763 4284 1826 4359 111-

658 4414 756 4485 tatus
781 4430 864 4483 sum
890 4407 936 4482 de
960 4408 1079 4483 salute
1095 4407 1282 4503 Gnidonis,
1299 4409 1362 4502 qui
1382 4407 1451 4483 luit
1467 4408 1574 4503 quasi
1595 4406 1744 4501 quidam
1761 4426 1827 4501 pa·

657 4536 715 4605 ter
740 4529 813 4604 mei
838 4535 875 4602 et
900 4528 1059 4603 aliorum
1085 4528 1279 4603 dicitomm
1300 4527 1495 4603 meliorum
1513 4548 1585 4603 me.
1604 4528 1647 4600 Et
1662 4526 1714 4601 sic
1730 4526 1826 4599 mul·

658 4657 738 4724 tum
756 4651 913 4724 honorat
930 4648 1039 4724 istum
1057 4649 1262 4725 Gnidonem
1278 4649 1348 4742 hic,
1361 4669 1446 4724 cum
1463 4646 1549 4724 alibi
1564 4669 1678 4744 supra
1693 4647 1826 4723 dixerit

657 4769 756 4864 quod
782 4769 920 4864 expulit
943 4770 989 4845 de
1010 4770 1095 4844 nido
1116 4777 1320 4864 utrumque
1336 4768 1551 4845 Gnidonem.
1570 4770 1614 4843 lit
1629 4766 1823 4862 concludit,

719 5029 746 5089 (¹)
762 5025 793 5076 11.
808 5038 824 5075 e
842 5028 896 5089 lll,
912 5026 984 5090 prlur
999 5026 1082 5077 1111111
1096 5030 1127 5076 nt
1141 5038 1241 5077 mum.
1388 5023 1417 5088 (¹)
1432 5025 1464 5077 ll.
1480 5024 1706 5090 reconsutam
