4342 6692
690 906 761 975 ato
1080 915 1285 972 muuuruu
1309 918 1477 971 ranaorsr

689 1082 756 1158 per
780 1082 821 1138 se
844 1062 940 1138 bene
964 1068 1060 1137 notae
1077 1062 1156 1137 sine
1171 1062 1294 1156 aliqua
1313 1052 1654 1137 demonstratione*
1667 1056 1707 1155 (¹)
1727 1084 1862 1139 sccun-

689 1182 780 1255 dum
793 1181 1024 1257 Aristotelem
1042 1181 1135 1256 libro
1152 1182 1410 1276 posteriorum,
1423 1182 1517 1256 sicut
1533 1182 1621 1257 ista:
1642 1202 1744 1256 omne
1755 1192 1862 1258 mmm

687 1309 740 1377 est
760 1305 875 1376 maius
898 1323 964 1375 suo
983 1310 1111 1396 porte,·
1131 1324 1191 1375 mo
1204 1306 1256 1395 pto
1270 1324 1336 1396 per
1355 1310 1504 1396 senoco,
1522 1303 1616 1378 sicut
1633 1304 1755 1398 aliqua
1773 1321 1860 1399 pro·

687 1424 817 1519 positio
830 1413 869 1515 (¹)
884 1422 1190 1516 manifestissima3
1204 1422 1285 1498 ideo
1301 1422 1402 1498 dicit:
1420 1444 1445 1497 a
1460 1427 1563 1515 podo
1579 1427 1638 1498 det
1652 1446 1714 1499 ver
1727 1428 1860 1517 primo,

687 1544 791 1637 idest,
813 1542 859 1617 ad
884 1542 1037 1617 modum
1054 1542 1209 1617 alicuius
1226 1543 1479 1638 propositionis
1493 1535 1536 1637 (⁸)
1552 1544 1861 1640 principalissime

688 1661 950 1757 otverissimae,
963 1682 1048 1756 quae
1060 1662 1266 1757 appellatur
1280 1663 1442 1738 maxima
1455 1664 1492 1737 in
1504 1664 1627 1757 aliqua
1641 1664 1809 1758 scientia,
1823 1670 1862 1738 et

687 1783 790 1859 dicit:
815 1785 876 1857 cite
895 1785 1012 1856 tuom
1027 1786 1142 1875 crede,
1161 1783 1307 1877 scilicet,
1325 1783 1403 1859 sine
1422 1783 1493 1858 alia
1510 1784 1737 1879 probatione,
1754 1784 1859 1878 quasi

687 1904 801 1980 dicat:
830 1902 925 1978 sicut
957 1903 1132 1999 principia
1161 1903 1397 1979 scientiarum
1428 1904 1681 1979 conceduntur
1712 1912 1750 1981 et
1778 1926 1862 1980 cre·

686 2022 827 2098 duntur
843 2022 880 2097 iu
897 2022 1036 2096 mundo
1052 2029 1178 2097 nostro
1192 2029 1380 2119 tamquam
1396 2044 1462 2118 per
1480 2044 1521 2099 se
1538 2030 1625 2099 nota
1642 2024 1720 2099 sine
1735 2023 1860 2120 dispu-

687 2143 826 2218 tatione
851 2143 910 2217 vel
934 2141 1179 2237 dubitatione;
1205 2143 1255 2217 ita
1281 2142 1404 2219 omnia
1429 2163 1515 2238 quae
1542 2150 1629 2218 sunt
1654 2143 1749 2239 tidei,
1775 2164 1860 2239 quae

687 2264 824 2338 mimus
849 2262 907 2337 bic
931 2282 998 2357 per
1029 2262 1143 2336 solam
1173 2262 1426 2338 credulitatem
1459 2269 1568 2338 eruut
1599 2264 1702 2338 nobis
1730 2264 1861 2338 certis·

687 2382 780 2457 sima
805 2388 843 2457 et
867 2382 1159 2458 manifestissima
1185 2384 1222 2458 in
1248 2383 1309 2457 illo
1334 2403 1451 2479 regno
1476 2384 1682 2461 beatorum.
1705 2386 1749 2459 ttt
1771 2406 1861 2459 oon·

687 2502 801 2579 cludit
824 2510 931 2598 poeta
948 2504 1106 2596 qualiter
1118 2504 1226 2600 juxta
1247 2509 1471 2599 preceptum
1490 2503 1663 2579 Beatricis
1680 2504 1756 2601 egit
1771 2526 1859 2601 gra-

688 2622 757 2697 tias
781 2622 858 2697 lieo
882 2623 929 2699 de
953 2622 1071 2719 gratia
1097 2623 1162 2698 sibi
1189 2624 1320 2699 collata
1344 2625 1392 2699 ab
1417 2644 1474 2719 eo,
1491 2624 1631 2699 dicens:
1657 2628 1692 2698 io
1716 2629 1857 2718 risport,

687 2742 737 2817 illi
762 2742 928 2838 beatrici,
946 2746 1140 2835 modoetia,
1161 2764 1246 2839 quae
1270 2764 1311 2819 es
1335 2744 1483 2819 domina
1508 2745 1665 2819 aliarum
1691 2745 1860 2821 scientia-

688 2886 787 2959 rum,
811 2856 842 2938 si
865 2867 996 2957 dicoto,
1017 2864 1120 2959 idest,
1138 2884 1208 2962 ego
1224 2866 1359 2942 Dantes
1381 2872 1525 2940 tautum
1546 2866 1701 2941 devotos
1717 2872 1755 2941 et
1771 2888 1859 2963 sup·

687 2985 784 3079 pler,
809 2990 940 3075 quanto
960 2968 1068 3077 posso
1088 2979 1152 3077 piri
1176 3006 1300 3078 essere,
1325 3006 1398 3060 non
1416 2991 1597 3079 quantum
1614 2986 1699 3061 volo
1715 2988 1775 3062 rel
1792 2987 1858 3062 de-

688 3106 771 3200 beo,
795 3108 983 3197 memorio
999 3108 1076 3195 Lai,
1093 3105 1241 3199 scilicet,
1257 3106 1346 3200 Deo,
1364 3108 1399 3179 to
1416 3108 1518 3198 quale
1534 3109 1579 3180 m’
1591 3108 1639 3179 lto
1654 3109 1781 3181 timeto
1797 3108 1862 3181 dcl

688 3228 820 3299 mortui
842 3228 984 3317 mondo,
1010 3227 1149 3321 supple,
1167 3232 1204 3300 et
1231 3225 1341 3299 traxit
1366 3246 1428 3301 mo
1452 3226 1499 3301 ad
1524 3226 1771 3301 immortalem
1792 3247 1858 3322 per

686 3346 835 3443 longam
863 3347 999 3421 scalam
1024 3345 1351 3442 contemplationis.

762 3470 825 3539 llo
850 3468 975 3539 direnti
1002 3466 1073 3541 lsta
1099 3472 1153 3541 est
1182 3464 1289 3540 tertia
1318 3484 1404 3561 pars
1433 3464 1579 3558 capituli
1594 3454 1631 3558 (ἢ
1663 3465 1856 3561 generalis,

687 3586 724 3661 in
749 3606 824 3680 qua
849 3592 958 3681 poeta
980 3586 1117 3661 Dantes
1143 3591 1267 3660 movet
1292 3585 1531 3679 questionem
1554 3584 1600 3661 de
1616 3586 1728 3682 signis
1746 3606 1859 3682 appa-

689 3707 853 3781 rentibus
878 3706 916 3779 in
935 3726 1092 3802 corpore
1109 3706 1217 3780 lunae.
1235 3703 1337 3779 Unde
1358 3705 1465 3800 petit:
1484 3710 1547 3779 lto
1566 3708 1695 3798 ditemi,
1716 3726 1763 3781 er
1782 3726 1858 3799 quo

687 3826 786 3901 Deus
809 3827 927 3923 gratia
953 3847 1021 3901 sua
1047 3824 1217 3921 perduxit
1242 3844 1303 3899 me
1326 3824 1372 3898 ad
1389 3826 1529 3919 lunam,
1550 3826 1656 3901 dicite
1673 3825 1781 3899 mibi:
1799 3828 1859 3900 cde

686 3967 753 4019 son
776 3948 803 4020 li
824 3950 924 4039 seprti
947 3948 1017 4038 bui,
1043 3947 1145 4041 idest,
1165 3945 1340 4021 nebulosa
1358 3946 1415 4019 vel
1435 3945 1556 4020 minus
1573 3946 1704 4040 lucida,
1721 3950 1760 4019 di
1775 3966 1858 4038 poa-

686 4073 740 4140 sto
764 4086 886 4159 corpo,
909 4066 1055 4160 scilicet,
1073 4066 1183 4160 lunae,
1201 4067 1260 4138 otte
1272 4067 1504 4159 sann'oitrot
1521 4064 1667 4160 scilicet,
1685 4066 1858 4163 vulgares

687 4187 847 4283 ignaros,
863 4190 1087 4281 socoleppior
1109 4188 1269 4278 toppioso
1285 4188 1323 4257 in
1339 4191 1451 4277 terro,
1468 4185 1505 4259 iu
1523 4186 1584 4261 illo
1600 4184 1740 4260 mundo
1757 4206 1857 4260 mor-

663 4308 761 4414 ¹tali,
779 4310 817 4381 di
843 4310 958 4382 daim
982 4307 1069 4402 quia
1093 4307 1230 4381 scilicet
1254 4306 1389 4402 rutgm
1405 4305 1560 4381 interra
1584 4304 1670 4381 dicit
1694 4305 1859 4381 fabulose

685 4428 787 4523 quod
811 4430 901 4503 Cain
933 4436 989 4503 est
1021 4428 1160 4524 positus
1190 4428 1227 4500 in
1257 4426 1357 4519 luna,
1390 4426 1454 4520 qui
1487 4426 1586 4502 radit
1615 4426 1856 4501 sacrificatum

686 4568 773 4623 cum
799 4548 919 4644 spinis.
939 4550 982 4622 ut
998 4548 1121 4622 subdit
1139 4545 1411 4642 responsionem
1429 4545 1613 4640 beatricis,
1631 4566 1716 4641 quae
1739 4545 1858 4639 primo

686 4667 809 4764 arguit
840 4688 1007 4743 errorem
1032 4666 1248 4761 bominum;
1278 4673 1315 4741 et
1339 4664 1425 4741 dicit
1455 4666 1626 4761 breviter,
1652 4666 1751 4762 quod
1784 4686 1857 4741 non

688 4786 795 4862 debet
819 4787 900 4882 plus
925 4786 1052 4863 mirari
1077 4788 1108 4861 si
1127 4785 1308 4882 judicium
1339 4785 1528 4860 bominum
1555 4793 1611 4861 ost
1634 4784 1858 4861 insufficiens

749 4976 776 5038 (¹)
791 4976 828 5026 Le
845 4976 933 5039 parole
949 4976 989 5026 ira
1005 4978 1013 5027 l
1030 4977 1080 5027 duc
1096 4975 1230 5027 asteriscbl
1245 4988 1292 5025 scu
1308 4975 1421 5039 ruppllta
1436 4976 1504 5041 dagli
1521 4976 1580 5026 altri
1597 4982 1638 5027 tro
1651 4975 1748 5028 (lodici.

749 5050 776 5113 (ἦ
792 5052 824 5103 lt
839 5052 981 5115 proportio.
1106 5050 1134 5117 Ρ)
1150 5052 1181 5103 Ε.
1198 5050 1379 5115 proportionis.
1495 5050 1523 5117 (⁸)
1539 5052 1568 5103 E.
1585 5052 1663 5104 buius
1678 5051 1793 5117 capituli.
