4342 6692
736 908 875 968 esurus
898 909 1092 968 succubus.
1428 899 1501 972 339

325 1058 435 1152 luitis,
462 1062 500 1132 et
524 1056 577 1150 sic
600 1055 748 1132 ridetur
761 1051 800 1149 (¹)
825 1057 910 1134 lelix
937 1079 1068 1136 errore
1093 1079 1179 1153 sno,
1205 1065 1272 1133 aut
1300 1059 1338 1133 in
1364 1058 1502 1136 virtute

323 1177 449 1271 animi,
474 1198 544 1252 nec
568 1176 636 1252 ista
661 1182 717 1252 est
741 1178 904 1272 perlecta
928 1177 1091 1274 felicitas,
1112 1179 1175 1254 ssd
1193 1185 1248 1256 est
1268 1179 1328 1254 vla
1349 1178 1395 1254 ad
1422 1177 1501 1254 leli·

324 1299 483 1374 citatem.
509 1297 610 1374 Licet
633 1297 732 1374 enim
758 1298 910 1376 felicitas
934 1299 1140 1374 secundum
1173 1299 1429 1396 philosophum
1455 1299 1502 1374 sit

325 1420 489 1515 operatio
514 1418 671 1493 bominis
703 1418 906 1494 secundum
938 1421 1115 1496 virtutem
1146 1420 1323 1514 optimam
1357 1421 1394 1494 in
1425 1419 1501 1496 rita

326 1539 498 1635 perlecta,
527 1545 653 1614 umen
684 1537 748 1632 qui
779 1539 983 1614 soeundum
1015 1539 1191 1615 virtutem
1223 1539 1335 1616 vitam
1371 1547 1499 1637 agunt,

327 1659 391 1753 qui
415 1659 538 1734 lelioes
562 1657 803 1753 appellantur,
821 1678 895 1732 non
915 1658 1049 1753 felices,
1067 1659 1132 1734 sed
1157 1659 1315 1754 proximi
1340 1660 1501 1736 lelioitntl

327 1778 469 1856 dicendi
493 1785 590 1854 sunt
609 1778 762 1873 Semper
778 1778 877 1854 enim
895 1786 981 1853 sunt
1001 1779 1155 1875 expositi
1173 1781 1343 1875 periculis
1361 1788 1398 1856 et
1418 1788 1501 1859 ten-

327 1899 525 1974 tationibus
549 1898 708 1992 infinitis,
734 1917 925 1993 nunqnam
959 1900 1079 1974 securi
1114 1917 1236 1993 usque
1269 1899 1498 1976 aderitum.

326 2019 372 2094 m
394 2018 482 2093 dicit
514 2024 703 2094 notanter:
724 2039 792 2112 per
818 2026 931 2112 tempo
937 2046 953 2113 ,·
974 2039 1041 2114 per
1061 2020 1130 2094 hoo
1152 2019 1249 2093 enim
1277 2020 1395 2094 innuit
1417 2020 1501 2116 diu·

326 2140 542 2215 turnitatem
560 2140 735 2234 temporis
751 2161 836 2234 quae
853 2141 1066 2234 requeritur
1078 2140 1124 2214 ad
1139 2140 1337 2235 perlectam
1356 2143 1501 2239 sapien-

327 2260 428 2336 tiam.
454 2260 525 2336 Sed
549 2281 574 2334 o
599 2259 711 2354 nelos,
737 2282 761 2335 o
787 2260 922 2355 pudori
949 2259 1057 2334 bodie
1081 2259 1175 2333 liunt
1205 2260 1311 2354 pueri
1336 2261 1501 2356 magistri

328 2379 366 2452 in
383 2378 577 2476 theologia,
595 2379 661 2473 qui
678 2379 766 2454 nibil
792 2385 976 2454 noverunt
993 2378 1060 2452 nisi
1078 2378 1272 2474 sophistice
1296 2381 1500 2476 garrulari3

174 2483 198 2509 ”’
322 2506 436 2592 potete
459 2500 525 2572 ben
552 2507 691 2574 mettere
721 2507 842 2572 vmtro
868 2501 1026 2590 motam,
1061 2498 1164 2592 idest,
1199 2499 1400 2594 ingenium,
1433 2521 1499 2594 per

328 2621 436 2693 t'ulto
459 2622 546 2711 sote,
563 2617 669 2711 idest,
685 2639 792 2696 mare
816 2639 994 2716 magnum
1020 2620 1158 2694 salsum
1177 2624 1214 2694 et
1230 2605 1409 2714 sapidum,
1431 2641 1498 2716 per

328 2740 427 2836 quod
452 2739 645 2834 pervenire
670 2739 812 2834 possitis
836 2739 883 2812 ad
909 2744 1056 2835 portum
1087 2739 1325 2834 tranquillum
1352 2744 1500 2815 aeternae

328 2860 506 2938 felicitatis
531 2864 568 2937 et
591 2858 729 2957 gloriae,
746 2861 924 2933 servando
943 2862 1014 2933 mio
1030 2862 1125 2934 soleo
1142 2863 1302 2951 dinanzi,
1321 2859 1422 2954 idest,
1441 2880 1501 2935 se-

328 2980 476 3076 quendo
500 2999 624 3055 meam
645 2978 755 3074 riam,
773 3000 887 3073 quam
913 2978 1006 3055 lucio
1030 2986 1129 3072 ante,
1155 2983 1215 3054 arr
1228 3001 1342 3072 coquo
1365 2983 1425 3056 cbo
1449 2985 1501 3056 n·-

329 3109 435 3176 torrto
459 3102 590 3192 eptae.
615 3099 656 3173 ln
682 3099 752 3174 boc
777 3099 892 3196 tangit
915 3106 1041 3174 actum
1067 3099 1170 3174 navis
1192 3101 1413 3176 transeuntis
1434 3123 1502 3197 per

329 3242 445 3315 mare,
471 3241 556 3314 quae
580 3219 709 3294 scindit
732 3239 882 3314 uquam,
909 3224 1095 3294 ettamen
1121 3239 1218 3314 aqua
1245 3221 1420 3296 continuo
1437 3243 1499 3298 re·

327 3343 484 3417 vertitur
508 3339 556 3416 ad
580 3341 742 3436 primum
768 3347 904 3415 statum
930 3344 968 3414 et
992 3338 1253 3435 equalitatem,
1280 3341 1367 3435 quia
1399 3342 1502 3417 navis

326 3482 401 3536 non
427 3460 598 3555 relinquit
623 3460 818 3558 vestigium
850 3461 910 3534 vel
939 3459 1137 3534 scissuram
1170 3459 1208 3533 in
1240 3481 1350 3555 aqua,
1377 3467 1418 3536 ut
1451 3461 1503 3536 ait

326 3581 511 3658 Salomon.
538 3581 604 3656 llel
628 3581 686 3656 dic
710 3579 810 3674 quod
826 3584 936 3653 autor
957 3579 1086 3653 babuit
1107 3587 1314 3675 respectum
1333 3581 1379 3656 ad
1397 3601 1503 3658 mare

259 3753 261 3760 ·
327 3703 426 3796 quod
451 3702 583 3777 crescit
607 3708 645 3776 et
669 3699 846 3778 decrescit
862 3699 964 3774 omni
979 3698 1049 3794 die,
1068 3705 1105 3774 et
1122 3699 1205 3774 lacit
1225 3700 1368 3775 lluxum
1387 3707 1424 3776 et
1442 3721 1503 3776 re·

327 3823 485 3918 lluxum,
509 3827 547 3898 et
570 3841 718 3917 semper
743 3825 912 3896 remanet
936 3819 1087 3913 equalis
1118 3841 1217 3914 aqua
1241 3820 1331 3916 eius,
1358 3827 1396 3896 et
1422 3820 1503 3896 talis

328 3948 429 4018 recte
454 3948 509 4017 ost
533 3944 602 4022 ista
625 3940 747 4015 divina
778 3939 937 4016 seientia.
965 3939 1009 4012 Et
1038 3938 1096 4013 bic
1129 3946 1217 4014 nota
1249 3942 1348 4034 qnod
1380 3941 1503 4016 audivi

328 4081 508 4157 magnum
521 4062 735 4156 theologum
749 4058 998 4155 indignantem
1013 4059 1159 4153 publice
1171 4059 1217 4134 de
1234 4079 1279 4134 eo
1292 4060 1392 4154 quod
1405 4061 1504 4137 Dan-

329 4187 384 4256 tes
410 4182 468 4256 bic
492 4181 586 4257 dicit.
613 4180 764 4256 Dicebat
788 4179 907 4254 enim:
924 4178 972 4252 ad
989 4178 1077 4272 quid
1095 4177 1223 4254 debeo
1237 4180 1341 4274 sequi
1367 4180 1504 4256 doctri-

328 4322 415 4376 nam
441 4301 544 4378 istius
568 4301 664 4396 libri,
681 4301 718 4374 in
737 4320 814 4395 quo
838 4306 894 4374 est
919 4297 1062 4374 modica
1089 4299 1298 4396 theologia?
1322 4301 1366 4374 Et
1390 4321 1504 4397 expo·

328 4421 439 4496 nebat
463 4422 562 4516 quod
587 4421 655 4497 ista
671 4421 777 4498 litera
794 4419 903 4496 'debet
919 4419 1069 4516 intelligi
1087 4420 1125 4493 in
1142 4441 1299 4516 persona
1316 4421 1503 4522 beatricis,

326 4540 374 4616 de
398 4562 473 4636 quo
498 4542 658 4616 multum
684 4540 758 4614 risi.
785 4539 873 4614 Dico
898 4559 989 4637 ergo
1008 4539 1109 4633 quod
1131 4547 1239 4635 poeta
1255 4531 1291 4633 (²)
1314 4541 1409 4616 bene
1433 4563 1501 4638 po·

328 4661 397 4736 tuit
421 4661 576 4736 inritare
600 4667 638 4736 et
663 4660 828 4736 inritavit
853 4659 952 4734 viros
976 4660 1214 4755 peritissimos
1237 4662 1430 4760 theologie
1454 4663 1502 4740 ad

327 4782 543 4858 imitandum
569 4801 623 4876 se,
648 4782 735 4876 quia
759 4781 844 4856 licet
860 4800 934 4856 non
951 4780 997 4856 sit
1017 4801 1152 4877 magna
1170 4782 1353 4879 theologia
1378 4783 1415 4856 in
1432 4784 1503 4860 boo

392 5039 732 5105 (¹)ltrltstnrriltl0llx.
887 5038 1254 5105 plumescentem.
