4342 6692
676 905 722 970 28
1034 914 1238 971 munuruu
1262 914 1482 970 ruuunuunu

674 1063 786 1152 toro,
804 1059 905 1154 idest,
922 1079 946 1134 o
964 1060 1179 1134 execrabilis
1195 1059 1370 1154 cupiditas
1394 1059 1488 1152 auri,
1512 1055 1639 1150 percle
1652 1080 1725 1134 oon
1740 1060 1843 1149 reggi

674 1188 710 1253 tu
727 1183 748 1254 1³
762 1183 910 1273 appetito
926 1182 979 1252 de’
992 1182 1161 1253 mmtoli?
1172 1171 1209 1272 (¹)
1228 1178 1315 1272 quia
1330 1178 1389 1252 alii
1408 1184 1583 1273 appetunt
1600 1177 1842 1252 immoderate

673 1306 823 1395 propter
839 1300 939 1394 dare,
953 1298 1012 1372 alii
1030 1305 1178 1394 propter
1195 1299 1364 1374 retinere.
1383 1298 1427 1373 Et
1443 1297 1564 1372 subdit
1575 1297 1840 1374 correctionem

674 1441 794 1516 suam,
810 1420 952 1495 dicens:
979 1423 1072 1494 ultor
1098 1424 1143 1493 m'
1156 1423 1304 1512 accersi,
1324 1421 1384 1491 cde
1400 1422 1549 1526 legmuui
1561 1426 1690 1511 poteon
1715 1426 1840 1512 troppo

673 1545 777 1635 oprir
802 1544 825 1614 ἴ
837 1544 899 1632 uli,
926 1540 1031 1614 nimis
1049 1540 1282 1636 prodigaliter
1307 1537 1527 1613 effundendo
1552 1546 1590 1614 et
1614 1540 1770 1615 volando
1794 1538 1842 1614 ad

674 1683 889 1758 expensam:
908 1655 1088 1753 epentdmi
1102 1653 1174 1734 cosl
1189 1663 1228 1734 di
1242 1663 1332 1751 quel,
1349 1659 1495 1754 scilicet,
1513 1662 1622 1754 malo,
1639 1661 1730 1736 idest
1755 1681 1842 1755 pro·

672 1782 865 1878 digalitate,
883 1776 981 1854 come
1003 1782 1095 1872 degli
1118 1783 1203 1852 ottra'
1218 1782 1513 1867 moli-Quanti.
1532 1779 1597 1853 llic
1613 1779 1749 1853 Statius
1773 1779 1841 1854 da-

673 1908 775 1974 rnnat
794 1901 1081 1997 prodigalitatem
1105 1900 1140 1971 in
1160 1899 1378 1992 homiuibus,
1395 1898 1457 1992 qui
1471 1899 1642 1994 ignorant
1661 1899 1837 1975 malitiam

671 2022 774 2095 istius
799 2021 886 2114 vitii,
913 2019 1004 2097 sicut
1029 2019 1106 2115 ipse
1131 2019 1214 2093 lecit
1238 2018 1291 2093 ad·
1311 2026 1465 2113 tempus.
1488 2017 1591 2092 Unde
1615 2018 1700 2091 dicit
1725 2018 1840 2092 inter·
1946 2003 1950 2009 ’

671 2141 855 2238 rogative:
883 2143 1014 2233 quanti,
1040 2139 1186 2232 scilicet,
1212 2138 1363 2234 prodigi,
1388 2159 1653 2228 resorgcronuo
1677 2142 1732 2210 coi
1762 2140 1841 2210 crin

670 2265 786 2350 scemi,
812 2260 913 2353 idest,
939 2281 1025 2335 eum
1052 2259 1188 2355 capillis
1213 2257 1344 2351 incisis,
1369 2257 1466 2351 quia,
1493 2263 1535 2330 ut
1557 2257 1695 2331 dictum
1721 2264 1777 2332 est
1803 2256 1840 2330 iu

671 2380 824 2474 inferno,
850 2379 952 2454 avari
981 2385 1175 2475 resurgent
1199 2377 1238 2450 in
1261 2377 1321 2451 die
1347 2376 1542 2451 novissima
1563 2396 1651 2450 cum
1669 2375 1839 2450 manibus

672 2499 816 2592 clausis,
830 2505 867 2572 et
885 2498 1022 2594 prodigi
1041 2518 1127 2572 cum
1145 2497 1306 2571 crinibus
1321 2496 1519 2590 diminutis,
1529 2517 1596 2588 per
1611 2498 1841 2586 lignorunzu

671 2615 755 2692 clt’e'
778 2623 815 2693 di
839 2627 957 2711 questu
977 2639 1107 2712 pecco;
1126 2615 1229 2711 quasi
1246 2616 1360 2690 dicat:
1380 2615 1486 2688 multi
1503 2615 1567 2709 qui
1588 2635 1661 2689 nun
1686 2616 1841 2690 creduut

673 2759 838 2835 peecare,
864 2737 938 2812 imo
967 2759 1062 2812 vane
1085 2736 1291 2835 gloriantur
1308 2729 1471 2829 'quando
1500 2733 1581 2829 plus
1610 2733 1839 2829 expendunt,

672 2860 754 2935 ideo
783 2860 886 2934 dicit:
925 2862 976 2931 tol
1005 2854 1073 2932 eu
1094 2861 1222 2951 pentir,
1248 2857 1349 2950 idest,
1377 2855 1457 2928 talis
1481 2861 1536 2929 est
1559 2855 1781 2950 poeuitentia,
1802 2860 1841 2928 et

672 3000 780 3075 poena
798 2978 955 3052 habetur
972 2978 1040 3071 hic,
1055 2979 1214 3066 vitretdo,
1227 2977 1264 3049 in
1279 2974 1427 3067 mundo,
1437 2996 1456 3047 e
1467 2977 1561 3065 negti
1572 2978 1721 3065 esuum,
1734 2959 1838 3067 idest,

672 3099 707 3174 iu
735 3099 828 3173 vitiis
855 3119 938 3192 quae
968 3105 1053 3171 sunt
1085 3104 1252 3172 extrema
1283 3096 1473 3190 virtutum,
1499 3095 1594 3170 sicut
1622 3095 1777 3169 avaritia
1801 3101 1840 3169 et

669 3220 912 3317 prodigalitas.
939 3219 983 3293 Et
1017 3218 1145 3292 ultimo
1174 3216 1309 3291 Statius
1341 3216 1403 3290 dat
1433 3237 1549 3290 unum
1577 3216 1746 3309 notabile,
1772 3236 1839 3312 per

670 3340 768 3436 quud
787 3339 980 3435 respondet
997 3337 1189 3431 quaestioui
1206 3337 1336 3442 tacitae,
1352 3335 1439 3429 quia
1457 3342 1600 3430 poterat
1617 3335 1739 3411 dicere
1756 3336 1840 3408 Vir·-

669 3461 796 3557 gilius:
823 3479 939 3553 quare
965 3478 1055 3556 ergo
1081 3465 1122 3530 tu
1154 3456 1281 3531 stetisti
1311 3456 1474 3532 tamdiu
1501 3456 1713 3552 purgandus
1744 3457 1839 3532 inter

669 3585 827 3657 avaros?
853 3579 1047 3675 respondet
1072 3577 1219 3670 Statius,
1237 3576 1335 3670 quud
1356 3576 1429 3651 duo
1448 3576 1534 3651 vitia
1550 3585 1651 3651 recte
1675 3576 1839 3672 opposita

668 3701 872 3797 puniuntur
892 3700 992 3794 juste
1017 3698 1053 3770 iu
1079 3697 1210 3803 eudem
1226 3687 1279 3790 (²),
1298 3702 1336 3770 et
1360 3695 1438 3790 pari
1464 3716 1583 3790 poena.
1610 3695 1702 3769 Dicit
1726 3715 1835 3793 ergo:

668 3843 688 3894 e
710 3823 812 3913 sappi
839 3823 897 3892 clu
927 3823 964 3893 lu
993 3822 1096 3910 colpe
1123 3819 1198 3889 cic.
1212 3817 1397 3907 mmdecca,
1423 3815 1525 3910 idest,
1550 3816 1769 3890 adversatur
1801 3823 1839 3891 et

669 3927 874 4030 occurritl³l
896 3959 917 4010 a
936 3938 1048 4011 becco
1065 3957 1087 4010 a
1104 3936 1227 4029 becco,
1246 3936 1350 4007 olma
1360 3940 1505 4025 peccato
1519 3955 1585 4027 per
1601 3937 1710 4008 dritta
1726 3956 1838 4028 oppo-

667 4063 793 4151 siziuu,
819 4057 941 4152 qualia
966 4063 1051 4130 sunt
1075 4055 1142 4130 ista
1172 4055 1258 4148 duo,
1283 4057 1343 4145 qui
1370 4075 1469 4126 scccu
1496 4076 1560 4127 suo
1591 4058 1709 4145 uode,
1733 4054 1838 4148 idest,

669 4181 737 4255 luit
762 4199 907 4275 poeuam
934 4178 1127 4272 aeipualem,
1152 4197 1219 4249 coo
1243 4196 1318 4247 esso
1333 4177 1485 4267 insicum,
1503 4175 1650 4269 scilicet,
1668 4197 1753 4250 curn
1777 4176 1838 4250 illu

669 4307 818 4396 peccato
844 4299 909 4372 sibi
935 4298 1130 4372 contrario.
1157 4297 1200 4368 lit
1226 4294 1284 4369 hic
1310 4302 1406 4388 nota,
1432 4296 1560 4390 lectur,
1580 4295 1679 4389 quod
1703 4296 1836 4371 merito

667 4426 776 4516 poeta
802 4425 924 4494 noster
950 4418 1011 4492 dat
1036 4415 1203 4492 eamdem
1231 4435 1378 4508 poenam
1409 4415 1591 4489 ambobus
1621 4414 1698 4488 istis
1730 4415 1836 4509 vitiis,

667 4539 751 4614 licet
777 4559 921 4633 semper
948 4539 1028 4634 plus
1052 4535 1255 4610 detestetur
1274 4533 1480 4629 avaritiam,
1498 4533 1592 4607 sicut
1616 4541 1654 4607 et
1678 4533 1837 4628 philoso-

664 4659 758 4754 phus
789 4658 883 4752 lacit,
911 4658 997 4752 quia
1033 4657 1069 4730 in
1105 4655 1159 4730 rei
1193 4654 1348 4728 veritate
1376 4654 1609 4750 prodigalitas
1642 4661 1698 4727 est
1729 4654 1836 4728 nimis

664 4777 841 4852 damnosa
868 4777 976 4872 pestis
994 4783 1030 4850 et
1048 4774 1194 4848 inimica
1219 4773 1437 4868 reipublicae.
1455 4773 1633 4870 Prodigus
1653 4773 1752 4848 euim
1770 4775 1832 4868 qui

727 4965 754 5026 (¹)
770 4963 801 5013 E.
817 4965 928 5021 mortali.
946 4964 1009 5014 idest
1025 4963 1169 5020 hominurn,
1186 4962 1255 5025 quia.
1399 4959 1428 5022 (¹)
1444 4961 1475 5011 li.
1491 4962 1519 5011 ln
1532 4959 1633 5010 udum.

729 5039 756 5106 (⁸)
772 5041 804 5092 ll.
820 5041 936 5092 occurrit
951 5054 967 5090 a
983 5041 1080 5091 becclm
1096 5039 1187 5099 altero,
1204 5039 1290 5089 dcco.
