4342 6692
693 844 766 927 ιιι
1084 852 1289 923 oonnnrux
1313 852 1478 919 rumnrsr

692 999 795 1095 idest,
822 1004 1028 1095 transparet
1055 997 1272 1078 umbraliter
1287 988 1323 1090 ι’)
1352 996 1400 1074 ibi
1432 996 1469 1071 iu
1494 996 1645 1091 mundo,
1668 998 1758 1092 quta
1780 996 1871 1079 nibil

693 1126 813 1217 potest
839 1119 959 1196 amari
985 1118 1052 1193 nisi
1077 1118 1218 1203 bonum
1246 1118 1304 1195 vel
1330 1136 1511 1213 apperens
1535 1116 1688 1211 bonurn,
1710 1123 1752 1199 ιιι
1774 1137 1871 1213 sepe

691 1238 830 1313 dictum
864 1246 920 1314 est
953 1245 991 1314 et
1024 1238 1178 1313 dicetur.
1198 1278 1248 1293 —
1272 1242 1331 1311 lix..
1365 1238 1471 1312 Nune
1502 1237 1647 1314 Beutrix
1681 1238 1869 1333 prrem'nso

694 1359 845 1433 exordio
871 1358 1057 1435 descendit
1080 1359 1129 1434 ad
1154 1358 1329 1453 dubium;
1351 1365 1390 1433 et
1406 1358 1526 1453 primo
1546 1358 1714 1454 proponit
1738 1359 1869 1455 ipsum,

695 1478 840 1555 dicens:
863 1485 913 1553 To
930 1482 1012 1553 oooi
1025 1501 1146 1573 sopor,
1163 1500 1201 1553 se
1222 1500 1288 1553 con
1304 1482 1399 1552 altro
1415 1481 1580 1573 reroipr'o,
1598 1479 1743 1573 seilicet,
1761 1480 1869 1574 bono,

695 1603 729 1676 si
748 1594 821 1693 pud
843 1603 976 1675 render
999 1608 1111 1693 moto,
1132 1599 1279 1694 scilicet,
1305 1598 1394 1694 Deo,
1413 1621 1482 1693 per
1507 1620 1634 1675 mortoo
1658 1607 1750 1692 uolo,
1767 1600 1870 1695 idest,

696 1719 930 1815 defectivum,
956 1720 1068 1815 quale
1093 1720 1161 1795 luit
1187 1728 1314 1795 votum
1332 1720 1519 1797 Piohardae
1536 1727 1573 1796 et
1590 1720 1818 1816 Constantine,
1836 1715 1871 1801 ri

697 1842 756 1915 cte
779 1843 888 1917 ebori
911 1843 1081 1932 lanima,
1102 1841 1204 1935 idest,
1225 1848 1383 1934 securet,
1402 1841 1460 1916 rel
1478 1861 1648 1917 securam
1667 1842 1773 1920 lueint
1787 1843 1869 1919 ani-

697 1981 811 2055 mam,
838 1963 875 2034 dt
899 1963 1020 2053 litiplo,
1046 1960 1096 2035 itu
1125 1959 1223 2054 quod
1250 1980 1322 2036 non
1343 1960 1535 2035 obiiciatur
1560 1961 1627 2039 sibi
1651 1962 1698 2036 ud
1723 1962 1868 2057 culpam

699 2081 736 2155 in
765 2081 903 2177 judicio
936 2082 1064 2157 aeterni
1086 2081 1230 2177 iudicis.
1264 2082 1307 2155 Et
1340 2080 1460 2155 subdit
1489 2102 1700 2177 processum
1731 2084 1871 2163 Beutri-

697 2201 749 2275 ois
773 2202 819 2276 od
844 2202 1059 2277 solvendum
1080 2201 1250 2294 dubium,
1268 2200 1413 2277 dicens:
1430 2204 1589 2275 Beotrtce
1604 2196 1785 2294 commod,
1803 2202 1872 2285 soi-

699 2321 794 2417 licet‚
818 2344 842 2397 a
869 2322 1084 2417 repetitione
1109 2322 1192 2396 dioti
1219 2321 1331 2417 dubii,
1357 2328 1475 2414 questo
1509 2330 1624 2415 conto,
1650 2322 1753 2415 idest,
1779 2343 1873 2419 prte-

700 2462 784 2520 sens
808 2442 1022 2539 capitulum,
1043 2464 1063 2515 e
1087 2434 1249 2517 oontrrud
1273 2434 1344 2516 cosi
1360 2444 1388 2515 it
1397 2462 1565 2535 processo
1582 2450 1696 2535 santo,
1714 2466 1736 2517 a
1754 2443 1872 2537 simili,

699 2556 841 2636 sicom’
854 2584 936 2636 nom
959 2565 1020 2635 olto
1046 2584 1111 2637 sno
1139 2564 1270 2655 portur
1299 2582 1371 2636 non
1402 2582 1542 2656 sperno,
1572 2562 1674 2657 idest,
1702 2563 1767 2658 qui
1799 2584 1873 2637 nou
1965 2612 1968 2619 .

701 2683 907 2760 intermittit
920 2674 957 2775 (²)
986 2683 1233 2758 narrationem
1261 2702 1367 2757 suum
1395 2682 1658 2777 interponendo
1682 2682 1794 2777 aliud,
1815 2683 1873 2762 rel

700 2802 814 2877 alium
842 2807 1189 2878 sermonem—to
1214 2801 1637 2895 inopportunarum
1658 2804 1782 2879 rolens
1799 2804 1874 2880 sol·

702 2944 792 2999 rere
815 2924 983 3018 dubium,
1009 2923 1197 3019 praemittit
1223 2922 1391 3017 quaedam
1419 2923 1622 2999 necessaria
1648 2922 1694 2999 ad
1718 2923 1875 2998 solutio-

702 3065 787 3120 nem
813 3044 908 3138 voti3
934 3052 973 3118 et
997 3045 1116 3139 primo
1141 3044 1346 3119 libertatem
1373 3044 1527 3138 arbitrii,
1545 3045 1581 3117 in
1599 3062 1674 3139 quo
1695 3050 1769 3119 tota
1791 3044 1875 3126 luu—
1941 3111 1946 3121 .

703 3164 811 3239 datur
836 3170 987 3240 votum:
1014 3164 1113 3237 unde
1137 3163 1184 3239 de
1208 3164 1296 3259 jure
1318 3161 1413 3237 civili
1439 3183 1569 3238 servus
1595 3183 1667 3237 non
1693 3170 1809 3258 potest
1833 3186 1875 3241 se

701 3284 876 3382 obligare,
909 3285 997 3379 quia
1031 3306 1104 3358 non
1136 3284 1246 3359 habet
1278 3283 1518 3378 voluntatem,
1552 3284 1649 3359 unde
1684 3292 1875 3379 reputetur

702 3410 872 3479 mortuus
906 3404 1070 3479 civiliter.
1109 3404 1255 3477 Extollit
1285 3423 1377 3500 ergo
1407 3403 1599 3500 magnifice
1632 3404 1726 3481 istud
1756 3406 1875 3484 nobile

704 3524 935 3621 principium,
948 3524 1091 3599 dicens:
1108 3528 1157 3597 Lo
1170 3526 1335 3617 mappior
1347 3526 1443 3599 dono
1458 3528 1519 3598 cte
1535 3527 1604 3598 Dio
1618 3530 1707 3621 fesso
1723 3528 1875 3606 meando

700 3665 767 3737 por
790 3664 857 3717 eoo
882 3646 1090 3736 torpbezzo,
1116 3643 1217 3737 idest,
1244 3652 1378 3740 magno
1409 3644 1635 3739 liberalitate,
1662 3668 1680 3718 e
1706 3642 1767 3739 piri
1791 3668 1875 3721 oon·

701 3769 859 3860 formato
884 3768 959 3838 otto
981 3786 1048 3837 sno
1076 3766 1226 3857 bontute,
1256 3764 1344 3859 quia
1375 3765 1473 3839 Deus
1504 3770 1560 3839 est
1592 3765 1812 3861 liberrimus,
1837 3774 1877 3843 et

705 3883 820 3959 libere
844 3885 976 3982 agite
1009 3889 1088 3977 quet
1110 3888 1207 3959 olr'oi
1224 3880 1288 3979 piri
1320 3906 1516 3977 upprezzo,
1542 3884 1628 3978 quin
1659 3906 1725 3981 per
1755 3886 1873 3982 ipsum

705 4006 817 4080 homo
843 4004 882 4078 lit
906 4004 1112 4080 simillimus
1137 4006 1225 4098 beo,
1248 4008 1289 4097 [ιι
1315 4008 1351 4077 la
1377 4006 1530 4079 libertate
1551 4008 1643 4079 detto
1664 4000 1815 4081 votorud.
1833 4008 1876 4083 tn

706 4124 765 4200 hio
783 4131 868 4198 note
886 4125 981 4199 bene
997 4124 1097 4219 quod
1114 4124 1247 4199 Sextus
1264 4124 1538 4221 Pythagoricus,
1560 4132 1599 4201 ut
1618 4126 1730 4203 relert
1748 4128 1876 4223 Augu-

707 4244 834 4338 stinus,
852 4244 959 4318 dixit:
977 4243 1184 4319 libertatem
1201 4243 1340 4319 arbitrii
1362 4245 1461 4319 dedit
1478 4246 1575 4319 Deus
1594 4246 1814 4342 bominibus
1835 4254 1877 4322 ut

705 4384 800 4459 pure
824 4369 862 4437 et
885 4364 964 4438 sine
988 4370 1139 4459 peccato
1156 4364 1321 4439 viventes
1337 4364 1474 4441 similes
1493 4365 1583 4440 liant
1600 4367 1688 4441 beo.
1709 4368 1814 4462 Nam,
1836 4375 1877 4449 ιιι

708 4483 804 4558 idern
830 4483 927 4579 dicit,
946 4485 1002 4558 vir
1021 4492 1143 4560 costus
1168 4494 1206 4561 et
1230 4484 1308 4559 sine
1327 4491 1477 4581 peccato
1494 4487 1672 4583 accepite
1690 4488 1765 4565 Deo
1781 4488 1877 4573 ellici

708 4604 802 4679 lilius
827 4606 913 4701 llei5
940 4608 1118 4703 templum
1145 4605 1243 4681 enim
1271 4607 1414 4681 Domini
1433 4614 1487 4681 est
1506 4628 1609 4683 mens
1630 4629 1735 4705 pura,
1762 4616 1800 4685 et
1824 4610 1878 4685 nl-

709 4731 788 4801 tore
812 4726 992 4821 optimum
1019 4733 1075 4801 est
1089 4717 1125 4819 (³)
1154 4726 1185 4801 ei
1213 4746 1278 4801 cor
1305 4726 1496 4801 mundum.
1520 4728 1629 4825 Ergo,
1647 4728 1693 4801 od
1710 4729 1804 4808 bene
1823 4730 1878 4805 ri-

768 4914 794 4975 (Ἲ
812 4914 843 4963 Β.
859 4914 1041 4965 umbratiliter.
1167 4914 1194 4977 (¹)
1212 4914 1242 4965 Ε.
1259 4915 1415 4975 intermittit,
1431 4915 1506 4966 oliter
1522 4916 1646 4967 interimit
1663 4917 1845 4969 nurrntlonem·

770 4986 798 5052 ι’)
813 4994 837 5050 t,
852 4996 891 5039 est
906 4990 977 5040 enim
992 5005 1039 5042 cor
1054 4990 1190 5043 mundum.
