4342 6692
686 885 758 952 298
1077 900 1280 956 coueuruu
1306 901 1473 955 nunnnrsr

684 1043 783 1118 cioso
811 1042 926 1138 valde,
952 1064 1048 1117 come
1072 1045 1245 1136 dimondi,
1272 1045 1374 1138 idest,
1400 1043 1494 1120 sicut
1512 1043 1626 1141 exigis
1643 1049 1680 1120 et
1698 1046 1854 1140 requiris

685 1161 872 1237 hominem
899 1163 1154 1258 sufficientem,
1181 1185 1206 1238 o
1229 1166 1301 1237 dor
1326 1166 1481 1238 ramam
1501 1168 1632 1256 altero,
1657 1165 1761 1260 idest,
1778 1166 1860 1241 lau·

684 1303 770 1356 rum
796 1283 967 1358 arborem
989 1283 1158 1359 dilectam
1178 1285 1339 1379 Apollini.
1360 1285 1411 1359 hd
1431 1285 1530 1379 quod
1550 1285 1737 1361 sciendum
1760 1286 1857 1381 qnod

684 1403 813 1477 laurus
837 1402 932 1478 dicta
958 1411 1013 1478 est
1038 1425 1062 1479 a
1086 1404 1195 1479 laude
1213 1425 1410 1500 perquam
1429 1405 1588 1502 intellige
1606 1405 1771 1480 lauream
1794 1425 1858 1480 co·

687 1545 828 1618 ronam,
863 1546 938 1619 qua
967 1525 1196 1598 ornabantur
1221 1531 1351 1620 poetae,
1389 1531 1430 1598 ut
1449 1523 1599 1619 'patebit
1624 1526 1734 1621 paulo
1760 1531 1858 1620 post;

686 1665 799 1739 quam
826 1651 933 1719 vocat
956 1653 1131 1738 amatam,
1159 1646 1244 1740 quia
1280 1645 1425 1741 respicit
1454 1647 1502 1720 ad
1528 1645 1710 1721 fictionem
1746 1665 1857 1740 quam

686 1763 801 1861 tangit
823 1765 933 1860 paulo
948 1772 1039 1860 post.
1058 1766 1150 1839 Nam
1170 1766 1297 1862 hpollo
1314 1765 1446 1840 dicitur
1463 1766 1653 1842 adamasse
1670 1767 1857 1861 Daphnem

687 1884 797 1960 liliam
826 1884 935 1960 Penei
960 1885 1133 1979 llnminis,
1159 1907 1244 1981 quae
1269 1907 1446 1961 conversa
1472 1885 1611 1961 dicitur·
1635 1887 1672 1960 in
1697 1887 1858 1981 laurum,

686 2007 792 2080 cuins
817 2005 1005 2080 frondibus
1030 2007 1223 2082 adornavit
1242 2005 1420 2080 citharam
1447 2011 1485 2081 et
1509 2007 1719 2101 pharetram
1739 2027 1856 2082 suam.

685 2126 808 2200 Poetae
833 2125 932 2200 enim
956 2125 1164 2200 attribuunt
1195 2126 1348 2221 Apollini
1381 2125 1499 2223 lyram
1531 2131 1671 2221 septem
1705 2125 1861 2200 chorda-

686 2268 784 2340 rum,
811 2247 898 2340 quia
928 2248 982 2320 sol
1009 2253 1062 2322 tot
1086 2268 1282 2342 sperarum
1308 2247 1514 2322 coelestium
1541 2254 1665 2322 motus
1690 2247 1859 2323 modera-

685 2373 759 2440 tnr.
786 2367 963 2443 Pharetra
989 2389 1079 2442 vero
1105 2374 1160 2443 est
1177 2369 1230 2442 vis
1247 2374 1285 2443 et
1306 2368 1421 2442 virtus
1440 2367 1626 2444 radiorum
1651 2367 1747 2463 solis,
1765 2389 1858 2464 qnos

686 2496 862 2584 tanquam
884 2489 1010 2584 jacula
1043 2489 1151 2563 mittit
1183 2496 1220 2564 et
1234 2481 1270 2582 (⁴)
1307 2489 1430 2564 omnia
1459 2495 1650 2584 penetrat3
1683 2488 1782 2564 unde
1814 2488 1859 2562 ad

685 2608 892 2684 habendam
926 2609 1141 2704 sapientiam
1173 2629 1239 2684 rex
1275 2609 1448 2706 Pyrrhus,
1483 2615 1524 2683 ut
1554 2609 1676 2684 scribit
1712 2608 1858 2702 Plinius,
1946 2691 1951 2699 ,

685 2730 851 2826 gestabat
875 2729 912 2802 in
941 2727 1054 2825 digito
1077 2730 1247 2804 achatem
1280 2729 1436 2824 lapidem
1467 2729 1504 2803 in
1538 2749 1613 2824 quo
1646 2727 1860 2803 mirabiliter

686 2854 792 2924 erant
816 2849 966 2943 sculptae
992 2869 1127 2922 norem
1153 2869 1269 2923 musae
1295 2855 1332 2922 et
1356 2849 1482 2945 hpnllo
1508 2849 1600 2924 dees
1621 2849 1806 2944 sapientiae
1824 2847 1859 2921 in

681 2978 800 3043 'manu
826 2974 955 3043 tenens
980 2967 1171 3042 citharam.
1185 2973 1368 3043 -lnsirrn
1394 2991 1418 3042 a
1443 2973 1510 3062 qui.
1542 2970 1607 3045 llic
1637 2975 1745 3065 poeta
1769 2968 1861 3045 assi-

685 3095 774 3185 gnat
798 3109 947 3162 causam
975 3087 1155 3181 petitionis
1180 3088 1284 3164 iactae
1309 3107 1375 3184 per
1405 3109 1505 3184 eum,
1539 3096 1576 3164 et
1606 3089 1685 3164 rult
1715 3095 1861 3164 senten·

684 3208 817 3284 tialiter
841 3208 976 3303 dicere,
1002 3209 1101 3304 quod
1127 3229 1174 3285 ex
1199 3210 1345 3285 duobus
1370 3209 1437 3284 diis
1458 3215 1651 3306 poetarum
1670 3232 1767 3286 unus
1784 3211 1860 3285 sul-

685 3331 769 3406 lecit
805 3331 872 3405 sibi
910 3331 947 3404 in
984 3329 1130 3405 duobus
1168 3331 1294 3425 primis
1329 3332 1578 3406 voluminibus
1617 3331 1858 3426 facilioribus,

687 3472 785 3527 nunc
811 3471 901 3526 vero
926 3450 963 3523 in
991 3449 1058 3524 isto
1077 3450 1185 3525 tertio
1201 3449 1412 3526 difficillimo
1428 3443 1466 3544 (²)
1485 3452 1619 3548 indiget
1637 3453 1763 3527 lavore
1779 3471 1861 3526 arn-

686 3571 831 3645 borum.
858 3570 912 3644 hd
938 3569 1044 3644 cuius
1069 3570 1184 3645 literae
1211 3569 1483 3667 intelligentiam
1508 3577 1653 3668 oportet
1677 3571 1858 3667 prescire,

686 3691 786 3786 quod
810 3690 993 3765 Parnasus
1013 3698 1069 3764 est
1086 3711 1192 3764 mons
1213 3689 1362 3766 Graeciae
1380 3691 1416 3765 in
1437 3691 1587 3789 regione
1603 3691 1751 3785 Beotiae,
1773 3689 1857 3764 olim

687 3810 962 3905 famosissimus,
997 3817 1074 3885 toto
1108 3812 1199 3886 orbe
1229 3819 1415 3887 terrarum
1448 3813 1654 3888 celebratus
1687 3811 1860 3888 carmini-

687 3934 756 4007 bus
773 3932 940 4007 omnium
959 3939 1166 4028 poetarum,
1188 3933 1297 4008 etiam
1313 3923 1351 4026 (³)
1372 3933 1631 4008 historicorum
1653 3931 1858 4009 testimonio

688 4053 914 4147 notissimus,
932 4051 995 4146 qui
1014 4053 1210 4127 altissimus
1236 4052 1281 4126 ad
1307 4053 1444 4128 coelum
1470 4054 1581 4129 habet
1605 4054 1681 4129 duo
1706 4073 1857 4148 cornua,

687 4173 725 4248 in
749 4175 867 4249 altero
893 4153 1054 4267 quorum
1081 4175 1272 4249 colebatur
1298 4174 1436 4270 hpollo,
1463 4174 1500 4247 in
1531 4175 1648 4250 altero
1682 4175 1857 4251 Bacchus.

685 4293 789 4370 Unde
814 4295 979 4369 tustinus
1011 4295 1197 4370 breviator
1229 4295 1337 4392 Trogi
1369 4295 1538 4392 religiose
1568 4294 1736 4371 describit
1764 4303 1859 4371 tern-

685 4413 788 4510 plum
815 4415 999 4511 Apollinis,
1024 4416 1148 4491 dicens
1174 4415 1273 4509 quod
1299 4422 1353 4490 est
1379 4416 1538 4512 positum
1565 4416 1602 4490 in
1628 4422 1752 4492 monte
1768 4418 1858 4492 Par-

687 4557 777 4610 naso
803 4535 839 4610 in
866 4556 968 4630 saxo,
987 4535 1084 4630 quod
1104 4537 1288 4631 templum·
1302 4543 1339 4611 et
1356 4535 1539 4610 civitatem
1558 4535 1759 4631 delphicam
1786 4557 1857 4611 non

686 4656 786 4730 muri
811 4655 874 4730 sed
901 4655 1110 4751 praecipitia,
1138 4677 1205 4732 nec
1231 4657 1396 4752 praesidia
1429 4655 1636 4732 manufacta
1662 4657 1725 4732 sed
1752 4665 1859 4732 natu-

689 4777 779 4852 ralia
803 4777 1014 4871 delendunt,
1036 4777 1086 4852 ita
1112 4785 1153 4851 ut
1178 4777 1361 4853 incertum
1380 4777 1425 4851 sit
1443 4784 1568 4852 utrum
1587 4779 1855 4855 munimentum

750 5034 779 5100 (Ἴ
796 5035 826 5086 Ε.
842 5042 869 5087 ot
885 5037 910 5086 in
925 5039 1022 5088 omnis.
1148 5038 1176 5102 (¹)
1190 5043 1214 5099 t,
1231 5037 1378 5090 dilllciliori.
1508 5035 1536 5100 (⁸)
1552 5041 1576 5097 t,
1592 5043 1619 5087 et
1634 5037 1825 5090 historicorum.
