4342 6692
663 905 800 961 caurus
826 907 1017 962 vronsuaus
1042 907 1236 964 secuunus.
1485 897 1532 962 lb

360 1049 526 1125 ctrinam.
562 1050 701 1126 Danieli
733 1059 859 1126 autem
898 1053 1081 1148 praecipue
1113 1052 1210 1127 dedit
1246 1048 1458 1148 sapientiam
1496 1058 1534 1128 et

359 1169 633 1268 intelligentiam
659 1173 826 1247 omnium
858 1173 1039 1248 visionum
1067 1181 1105 1248 et
1129 1174 1370 1268 somniorum,
1397 1180 1440 1249 ut
1464 1175 1532 1247 ba·

358 1289 460 1365 bebis
469 1285 505 1384 (¹)
526 1293 631 1387 plene
643 1292 803 1367 Paradisi
821 1291 882 1365 llll
895 1293 1064 1388 capitulo.
1080 1293 1171 1368 uicit
1187 1314 1279 1390 ergo
1295 1295 1408 1368 bene:
1422 1315 1441 1365 e
1453 1299 1532 1367 Da·

358 1413 473 1502 nielto,
500 1413 675 1507 propbeta
702 1432 869 1508 magnus,
897 1407 1073 1506 cop-epto
1098 1415 1186 1503 ubo,
1217 1413 1350 1509 regalis
1375 1433 1529 1507 mensae3

359 1538 392 1605 et
415 1525 569 1624 acquistd
594 1553 729 1625 scum,
760 1533 862 1627 idest,
888 1532 1102 1629 sapientiam
1135 1555 1308 1630 magnam
1340 1555 1415 1627 qua
1445 1533 1531 1607 vicit

359 1672 489 1727 omnes
514 1653 693 1748 sapientes
710 1659 748 1727 et
764 1675 892 1750 magos
918 1655 1077 1729 orientis.
1092 1695 1142 1709 -
1154 1659 1204 1726 Lo
1220 1658 1320 1727 scoot.
1339 1655 1405 1729 Hic
1422 1662 1530 1749 poeta

359 1773 507 1848 adducit
538 1773 635 1849 aliud
665 1775 876 1869 exemplum
906 1776 1080 1872 generale
1110 1775 1228 1872 gentis
1262 1775 1371 1849 unius
1400 1775 1530 1869 aetatis,

359 1917 471 1989 quam
498 1895 623 1970 dicunt
648 1895 758 1969 luisse
783 1901 961 1992 regnante
982 1897 1141 1970 Saturno
1166 1917 1256 1991 rege
1280 1896 1463 1989 Cretensi,
1490 1896 1527 1969 in

359 2036 433 2109 qua
448 2007 485 2106 (²)
513 2015 678 2089 homines
699 2015 871 2089 vixerunt
888 2016 1101 2090 innocenter
1118 2023 1155 2089 et
1170 2015 1302 2109 sobrie,
1321 2017 1399 2090 sine
1420 2016 1528 2108 bello,

359 2136 437 2210 sine
462 2135 555 2229 cibo,
576 2141 612 2209 et
638 2142 726 2230 potu
752 2135 987 2210 artificialiter
1004 2142 1219 2232 praeparato.
1238 2135 1330 2210 Dicit
1350 2156 1458 2232 ergo:
1478 2140 1528 2207 Lo

357 2259 451 2330 secel
470 2259 588 2348 primo
613 2263 743 2355 quanto
768 2277 834 2328 oro
855 2260 896 2351 su
922 2257 1032 2349 bello;
1057 2262 1226 2350 ternpore
1254 2255 1412 2353 Saturni,
1440 2277 1525 2330 nam

357 2376 417 2450 illa
443 2383 531 2449 aetas
546 2366 583 2468 (³)
610 2382 739 2451 vocata
765 2383 819 2451 est
844 2397 958 2450 aurea
984 2381 1134 2471 propter
1159 2376 1355 2471 puritatem
1381 2384 1419 2451 et
1444 2396 1529 2471 per-

357 2496 563 2589 lectionem,
591 2504 627 2570 et
655 2497 726 2571 tale
752 2497 917 2572 seculum
945 2497 1012 2569 luit
1037 2497 1114 2571 sine
1139 2497 1226 2593 gula
1247 2497 1307 2571 vel
1332 2495 1528 2587 ebrietate3
1554 2578 1557 2582 A

358 2617 456 2690 unde
481 2616 586 2690 dicit:
607 2621 643 2709 se
667 2639 836 2690 sovorosc
861 2638 924 2689 con
948 2621 1044 2711 some
1070 2621 1101 2690 le
1123 2620 1287 2708 qnando,
1310 2617 1396 2710 quia
1413 2616 1528 2690 sames

357 2736 466 2813 debet
500 2737 662 2812 excitare
687 2745 837 2834 gustum
870 2758 943 2812 non
974 2759 1142 2833 sapores,
1169 2745 1207 2812 et
1235 2737 1400 2810 similiter
1431 2735 1526 2830 lecit,

357 2860 443 2948 ogni
466 2859 626 2949 ruscello,
653 2857 754 2952 idest,
782 2859 941 2932 rivolum
970 2879 1077 2952 aquae
1102 2877 1217 2953 purae,
1252 2851 1396 2948 tractore,
1423 2856 1526 2951 idest,

357 2976 472 3051 videri
495 2976 640 3051 dulcem
667 2983 703 3052 et
728 2978 893 3072 sapidum
912 2998 1016 3053 more
1035 2979 1200 3052 nectaris.
1219 2979 1351 3051 Nectar
1368 2965 1526 3070 eninrl⁸),

356 3096 459 3189 idest,
487 3097 659 3191 mulsum,
686 3098 831 3193 scilicet,
849 3100 1020 3194 poculum
1050 3099 1185 3172 lactum
1204 3119 1250 3173 er
1271 3100 1354 3173 vino
1380 3104 1417 3172 et
1440 3118 1528 3171 aro-

358 3217 527 3309 matibus,
561 3225 731 3312 console,
766 3218 852 3311 quia
878 3239 950 3292 non
976 3219 1229 3312 comedebant,
1256 3238 1329 3292 non
1354 3218 1527 3292 bibebant

356 3335 424 3409 nisi
450 3335 689 3410 tumescentes
713 3343 751 3411 et
774 3336 936 3411 sitientes
962 3338 1052 3411 bora
1079 3338 1203 3430 tarda3
1230 3336 1310 3411 ideo
1328 3337 1422 3411 bene
1442 3335 1528 3410 dicit

356 3456 495 3532 Seneca
521 3457 619 3550 quod
645 3463 733 3530 aetas
758 3478 872 3532 aurea
891 3457 960 3530 sub
978 3456 1137 3531 Saturno
1161 3458 1229 3531 luit
1249 3463 1419 3531 contenta
1445 3475 1528 3529 mo·

354 3578 436 3652 dico
461 3584 497 3652 et
522 3559 673 3673 simplici
704 3578 803 3652 victu
837 3599 909 3652 non
943 3578 1051 3674 longo
1085 3578 1211 3651 labore
1243 3577 1407 3671 quaesito,
1433 3575 1528 3648 sicut

354 3697 546 3794 glandibus
571 3704 609 3772 et
633 3719 742 3791 aqua.
760 3699 803 3770 Et
824 3698 882 3772 bic
901 3703 985 3773 nota
1004 3698 1102 3792 quod
1120 3696 1361 3792 appellatione
1384 3693 1527 3791 glandis

214 3814 217 3820 ’
355 3839 484 3893 omnes
511 3819 652 3892 tructus
678 3819 920 3913 continentur,
952 3825 993 3892 ut
1023 3819 1108 3892 dicit
1137 3821 1194 3892 lex
1226 3817 1349 3891 civilis.
1375 3817 1429 3889 lle
1459 3813 1527 3886 ista

355 3946 463 4014 aetate
489 3939 629 4014 dicetur
655 3939 796 4033 plenius
821 3940 915 4014 intra
940 3941 1099 4034 capitulo
1115 3934 1442 4012 Uilli-Mete.
1462 3935 1526 4009 llic

356 4061 485 4135 ultimo
512 4067 618 4155 poeta
643 4061 789 4134 adducit
814 4059 913 4135 aliud
933 4060 1144 4155 exemplum
1171 4058 1295 4154 rigidae
1320 4056 1526 4132 sobrietatis

355 4181 401 4256 de
427 4201 467 4256 se
492 4182 645 4255 clarum.
672 4181 763 4254 Nam
797 4180 1077 4277 gloriosissimus
1093 4171 1129 4271 (⁵)
1162 4179 1319 4251 loannes
1352 4176 1460 4250 melle
1489 4182 1527 4248 et

356 4302 496 4376 locusta
523 4302 657 4397 legitur
677 4301 855 4374 educatos
875 4301 912 4374 in
929 4301 1049 4396 sylvis.
1067 4298 1160 4373 llicit
1177 4318 1268 4395 ergo
1292 4297 1404 4370 bene:
1423 4288 1525 4386 Mdle,

354 4421 477 4515 liquor
503 4421 617 4495 dulcis
644 4421 783 4496 fructus
813 4443 924 4516 apum
957 4420 1186 4512 sobriarum;
1217 4417 1287 4510 vel,
1320 4415 1523 4490 secundom

354 4542 466 4616 alios:
494 4546 590 4630 mete,
609 4542 710 4636 idest,
730 4543 826 4616 mala
852 4542 1052 4638 sylvestria,
1075 4563 1095 4614 e
1119 4545 1267 4633 toene,
1284 4540 1446 4631 locustae,
1467 4557 1525 4611 se·

353 4663 517 4737 cundum
539 4662 841 4758 chrysostomum
868 4663 1017 4758 fugaces
1043 4661 1203 4758 figurant
1229 4681 1306 4753 nos,
1332 4659 1395 4753 qui
1421 4659 1526 4753 quasi
1573 4667 1576 4670 ’

415 4886 443 4948 (¹)
461 4887 492 4936 E.
510 4886 628 4936 babetur.
888 4884 915 4948 (¹)
933 4885 963 4935 E.
980 4885 1005 4934 io
1021 4899 1072 4948 qua
1089 4889 1164 4934 aetate
1180 4884 1307 4934 homiues.

415 4963 443 5024 Ρ)
460 4967 513 5022 11⁷,
532 4962 614 5024 prima
631 4967 700 5012 ειυς.
887 4961 914 5024 (·)
934 4961 961 5010 li.
978 4961 1047 5011 enirn
1065 4961 1133 5010 idem
1150 4960 1274 5023 estquod
1290 4958 1415 5009 mulsum.

417 5039 445 5102 (¹)
461 5039 492 5090 E.
509 5039 636 5103 gloriosus
651 5039 762 5089 loannes
778 5039 889 5103 baptista
905 5038 1024 5088 melleet
1042 5038 1148 5088 locustis
1163 5038 1257 5088 dlcltnr
1272 5037 1405 5086 educatus.
