4342 6692
668 885 742 960 lab
1064 904 1268 963 commi
1293 894 1459 962 Ptltbbtsl

669 1051 767 1145 ullu,
800 1050 903 1146 idest,
936 1051 1111 1147 splendet,
1146 1052 1249 1128 velut
1278 1051 1359 1126 lons
1390 1051 1494 1145 lucis,
1519 1044 1562 1142 sl,
1587 1051 1649 1124 cte
1668 1053 1844 1149 dbptepo,

668 1168 770 1265 idest,
792 1171 948 1267 explicat
973 1171 1009 1246 in
1034 1171 1494 1266 obcaecationem,
1515 1189 1600 1264 que
1624 1173 1711 1246 sunt
1734 1173 1772 1247 in
1795 1193 1844 1250 ea

668 1301 752 1383 quae
771 1291 1012 1367 manifestavit
1033 1291 1070 1366 in
1094 1291 1349 1390 intelligentiis,
1362 1290 1475 1368 stellis
1496 1296 1534 1366 et
1550 1287 1846 1368 cauas-uto.

667 1411 732 1486 llic
758 1411 916 1507 Beatrix,
935 1418 1032 1488 tacta
1053 1414 1240 1489 creatione
1261 1433 1390 1489 rerum
1415 1414 1452 1487 in
1477 1411 1654 1510 generali,
1675 1414 1792 1510 tangit
1808 1413 1845 1488 in

666 1531 813 1627 speciali
846 1531 1071 1608 creationem
1105 1533 1290 1608 rationalis
1323 1539 1518 1626 creaturae,
1544 1533 1605 1607 cui
1631 1534 1713 1628 plus
1747 1529 1847 1609 Deus

667 1653 764 1728 dedit
789 1653 836 1728 de
861 1653 1023 1728 bonitate
1048 1674 1136 1749 sua3
1163 1659 1200 1728 et
1217 1655 1297 1728 vult
1312 1652 1576 1728 sententialiter
1592 1653 1727 1748 dicere,
1745 1649 1847 1747 quod

667 1793 779 1848 omne
808 1780 975 1850 creatum
1002 1795 1024 1848 a
1051 1774 1127 1849 Deo
1158 1774 1237 1850 sine
1265 1794 1408 1870 organo
1439 1773 1497 1848 vel
1525 1772 1648 1848 medio
1677 1773 1762 1848 cen
1788 1777 1844 1848 est

668 1900 861 1990 eternum,
893 1901 948 1970 est
981 1895 1152 1970 liberum.
1179 1895 1271 1969 Dicit
1303 1914 1419 1991 ergo:
1454 1888 1515 1968 did
1539 1892 1599 1967 clu
1630 1897 1759 1968 dalida
1792 1897 1843 1969 dc

667 2017 724 2107 lei,
742 2014 844 2109 idest,
863 2014 1049 2090 emanavit
1073 2016 1122 2089 ab
1147 2015 1208 2090 illa
1234 2014 1356 2089 divina
1381 2013 1555 2108 bonitate,
1576 2033 1685 2088 senno
1706 2035 1842 2105 mezzo,

667 2135 769 2228 idest,
803 2136 1049 2211 instrumento
1081 2136 1176 2230 coeli,
1202 2135 1297 2211 sicut
1327 2135 1451 2210 anima
1482 2134 1681 2230 rationalis,
1713 2134 1847 2210 intelli·
1935 2119 1940 2128 ’

666 2255 800 2354 gentiae
834 2263 1024 2332 moventes
1058 2259 1172 2332 coelos
1202 2265 1240 2332 et
1268 2256 1334 2352 ipsi
1366 2256 1558 2352 coeliaco
1591 2257 1639 2330 ltu
1669 2260 1733 2350 pol
1759 2259 1843 2351 poe,

668 2383 706 2450 et
731 2395 818 2452 ecce
852 2377 1052 2452 rationem:
1079 2372 1210 2470 percle*
1238 2381 1275 2452 lu
1311 2397 1377 2450 sua
1409 2379 1595 2470 impreutu,
1626 2377 1736 2472 idest,
1773 2378 1846 2451 im-

668 2497 807 2593 pressio
833 2497 974 2592 iurmae,
995 2519 1068 2572 nou
1092 2501 1125 2571 n·
1149 2519 1283 2590 mucce,
1301 2498 1405 2592 idest,
1426 2515 1500 2571 nou
1524 2497 1690 2572 subiacet
1715 2499 1845 2592 motui,

668 2621 799 2708 puuud'
812 2621 893 2712 ello,
922 2619 1069 2713 scilicet,
1094 2619 1215 2694 diviua
1251 2619 1405 2714 bonitas,
1436 2621 1566 2711 alpium
1597 2617 1701 2712 idest,
1732 2617 1845 2694 lnior·

672 2744 758 2812 mat.
786 2739 829 2812 Et
853 2737 952 2812 addit
977 2739 1085 2812 aliam
1106 2738 1400 2836 prerogativam,
1418 2737 1554 2814 scilicet
1579 2738 1768 2832 libertatis,
1790 2739 1846 2813 di-

668 2873 766 2952 ceus,
794 2860 993 2953 repetendo
1011 2859 1139 2934 eadem
1159 2860 1285 2954 verba,
1301 2852 1355 2933 eid
1371 2861 1431 2933 clle
1443 2863 1548 2952 prboc
1563 2863 1612 2934 da
1629 2881 1719 2952 essu,
1738 2858 1843 2954 idest,

667 2977 830 3072 procedit
855 2979 902 3052 ab
928 2979 1056 3054 eadem
1084 2978 1259 3074 bonitate,
1283 3001 1393 3052 scazo
1417 3001 1551 3074 mezzo,
1581 2978 1683 3074 idest,
1701 2998 1845 3077 organo

667 3098 761 3193 coeli,
788 3095 809 3173 e*
832 3105 914 3172 tutb
940 3101 1062 3192 libero,
1086 3101 1135 3174 ab
1161 3099 1261 3174 omni
1288 3101 1536 3195 corruptione,
1561 3101 1609 3174 ab
1634 3101 1736 3174 omni
1758 3119 1846 3176 coa·

667 3219 807 3313 ctione;
834 3225 871 3294 et
897 3239 983 3294 ecce
1010 3220 1211 3296 rationem:
1234 3217 1365 3314 percle
1386 3241 1458 3294 non
1482 3224 1647 3313 soppmcc
1671 3223 1746 3294 atla
1771 3224 1845 3294 olr-

667 3341 758 3430 lude,
785 3339 921 3414 scilicet
947 3340 1201 3434 informativae,
1226 3342 1314 3413 delle
1342 3361 1421 3414 cose
1445 3361 1571 3434 auom,
1599 3340 1738 3415 scilicet
1767 3341 1845 3436 pla·

667 3464 839 3532 netarum
865 3465 902 3533 ct
928 3461 1130 3554 stellarum,
1158 3479 1242 3553 quae
1267 3460 1314 3535 de
1340 3481 1436 3536 novo
1461 3467 1597 3536 create
1614 3466 1700 3534 suut
1716 3467 1753 3534 et
1770 3479 1842 3534 non

666 3584 752 3652 sunt
778 3577 826 3652 ab
851 3585 1000 3653 eterno.
1029 3579 1071 3652 Et
1099 3579 1156 3653 bic
1178 3586 1264 3654 nota
1289 3580 1389 3673 quod
1413 3599 1571 3675 corpora
1595 3579 1757 3656 coelestia
1784 3579 1844 3653 in·

666 3697 786 3773 luunt
811 3699 847 3773 in
874 3699 1063 3775 terrestria
1095 3706 1133 3775 et
1161 3699 1400 3776 elementaria
1433 3708 1613 3796 quantum
1643 3701 1690 3776 ad
1714 3693 1844 3775 distin·
1914 3679 1920 3693 ’

665 3819 824 3894 ctionem
860 3827 1071 3915 temporum
1108 3828 1146 3895 et
1182 3821 1463 3916 productionem
1501 3821 1770 3918 generabilium
1805 3827 1843 3897 et

665 3941 979 4036 corruptibilium3
999 3961 1072 4015 non
1093 3947 1216 4017 tamen
1242 3942 1401 4016 induunt
1427 3962 1538 4036 super
1563 3941 1723 4016 liberum
1743 3940 1844 4016 arbi·
1934 4011 1943 4024 ,

664 4059 778 4134 trium
805 4081 871 4156 per
890 4062 965 4135 vim
987 4061 1317 4157 constellationum,
1338 4081 1451 4156 quam
1471 4061 1620 4156 quidam
1642 4061 1842 4158 philosophi

663 4181 838 4255 dixerunt
865 4180 1015 4275 lactum,
1034 4203 1102 4256 nec
1123 4189 1209 4256 sunt
1226 4190 1327 4257 certa
1348 4182 1452 4279 signa
1469 4181 1683 4256 futurorum
1702 4181 1844 4257 coutin-

664 4301 845 4398 gentium,
861 4308 989 4376 contra
1004 4323 1089 4396 quae
1106 4303 1219 4377 bomo
1236 4309 1354 4397 potest
1370 4323 1438 4398 per
1456 4302 1614 4376 liberum
1627 4301 1841 4376 arbitrium:

663 4423 763 4498 obde
788 4423 948 4517 optimus
973 4424 1182 4520 astrologus
1199 4423 1228 4498 si
1246 4421 1455 4518 praeviderit
1475 4423 1535 4497 illa
1552 4429 1672 4519 potest
1691 4421 1844 4497 obviare

664 4544 728 4639 eb,
754 4548 796 4618 ut
821 4544 906 4619 dicit
930 4545 1032 4641 Haly.
1048 4539 1187 4618 -Ρίὺ,
1207 4543 1272 4618 llic
1295 4543 1442 4618 Beatrix
1469 4543 1612 4618 reducit
1636 4543 1683 4618 ad
1709 4561 1844 4637 propo·

663 4666 774 4739 situm
801 4666 836 4738 id
862 4665 960 4760 quod
987 4665 1077 4739 dixit
1102 4664 1150 4740 de
1183 4663 1350 4738 rationali
1382 4670 1567 4758 creatura,
1600 4668 1642 4737 ut
1675 4681 1743 4758 per
1773 4657 1844 4736 boc

664 4786 831 4862 ostendat
856 4787 956 4880 quod
982 4788 1094 4861 bomo
1120 4785 1283 4859 maxime
1307 4785 1446 4881 gaudet
1473 4784 1533 4859 tali
1560 4782 1762 4880 privilegio,
1788 4771 1880 4856 dt·

664 4927 771 4982 cens:
794 4903 855 5000 pil
880 4911 930 5000 pli
954 4903 975 4981 c*
998 4912 1190 5002 conforme,
1218 4905 1321 4998 idest,
1348 4925 1459 4980 omne
1484 4903 1557 4978 talc
1582 4923 1649 4978 ens
1673 4908 1841 4976 creatum

663 5046 686 5100 a
713 5027 789 5100 Deo
815 5027 1027 5103 immediate
1048 5026 1165 5123 magis
1185 5024 1441 5100 conformatur
1465 5024 1545 5120 sibi,
1567 5043 1680 5118 quam
1706 5028 1840 5099 wtera
