4342 6692
704 874 776 948 ³⁸2
1098 888 1302 943 counuruu
1327 889 1493 943 rnnnnrsr

704 1032 796 1127 eius,
822 1036 918 1107 dun
943 1035 1048 1107 modo
1073 1035 1200 1123 epuuti
1227 1032 1270 1105 Et
1294 1032 1416 1107 subdit
1445 1032 1534 1106 alias
1565 1032 1658 1107 duas
1685 1054 1877 1130 compara-

704 1150 832 1247 tiones,
858 1173 1020 1247 quarum
1047 1173 1123 1227 una
1147 1172 1188 1227 se
1214 1153 1323 1227 babet
1344 1151 1472 1227 ordine
1492 1172 1672 1228 converso
1688 1154 1736 1229 ad
1755 1155 1876 1252 aliam,

704 1272 845 1348 dicem:
872 1294 920 1347 aa
944 1293 1054 1372 apae,
1080 1272 1217 1347 animal
1244 1272 1424 1366 timidum,
1449 1267 1480 1346 si
1504 1277 1536 1345 si
1559 1275 1727 1369 slorebbe,
1747 1274 1875 1351 eodem

701 1393 824 1488 modo,
849 1397 946 1467 intro
969 1394 1038 1467 due
1060 1393 1195 1485 brume,
1224 1392 1326 1487 idest,
1354 1392 1544 1488 famescit
1568 1398 1649 1487 fieri
1677 1399 1760 1490 tupi,
1789 1416 1874 1471 cum

700 1519 827 1587 tamen
851 1513 960 1610 lupus
985 1514 1030 1587 sil
1054 1512 1191 1587 animal
1217 1514 1321 1588 ieron
1346 1512 1534 1588 inimicum
1562 1514 1627 1611 ipsi
1652 1537 1750 1613 agno
1772 1538 1876 1593 man-

702 1640 821 1727 sueto,
838 1637 1045 1724 ipuolmenle
1069 1637 1240 1723 amardo,
1258 1633 1344 1729 quia
1370 1633 1505 1709 scilicet
1531 1655 1605 1710 non
1630 1636 1747 1732 magis
1773 1638 1876 1735 luge-

703 1759 760 1827 ret
783 1753 832 1826 ab
858 1772 933 1827 uno
957 1754 1045 1848 lupo
1071 1773 1184 1847 quam
1217 1754 1264 1828 ab
1292 1753 1376 1848 alio,
1403 1761 1440 1829 et
1469 1755 1519 1829 sic
1549 1760 1663 1831 staret
1685 1758 1876 1851 aqualiter

702 1871 852 1946 timidus
876 1872 913 1945 in
940 1872 1060 1948 medio
1085 1872 1302 1947 amborum:
1326 1879 1363 1947 et
1379 1872 1544 1949 similiter
1563 1895 1610 1947 un
1632 1896 1730 1969 caue,
1747 1878 1876 1953 aridus

702 1992 847 2087 praedm,
867 1986 898 2066 st
917 1993 1121 2067 dalcrcbbc
1143 1997 1241 2067 iutra
1261 1996 1331 2067 duo
1347 1994 1463 2087 dame,
1482 1993 1673 2088 equaliter
1689 2004 1873 2094 appetens

702 2111 802 2205 quod
835 2132 907 2187 non
939 2113 1046 2187 citius
1077 2112 1266 2189 invaderet
1298 2132 1411 2187 unam
1446 2132 1558 2207 quam
1593 2115 1785 2209 reliquam.
1817 2119 1876 2193 liat

702 2232 801 2306 onim
819 2232 929 2307 dama
948 2232 1085 2308 animal
1112 2233 1321 2327 paruulum,
1339 2232 1520 2324 timidum,
1541 2235 1648 2330 agile,
1670 2242 1707 2311 et
1731 2246 1789 2312 est
1810 2260 1877 2336 ge»

701 2374 774 2426 nus
797 2354 968 2448 capreoli.
996 2353 1081 2427 Vult
1106 2374 1198 2449 ergo
1221 2352 1346 2429 dicere
1370 2353 1468 2447 quud
1494 2354 1593 2429 canis
1622 2363 1736 2431 staret
1761 2359 1877 2435 lamo·

702 2471 795 2546 licus
819 2472 856 2545 in
883 2472 1003 2547 medio
1029 2472 1190 2549 duorum
1217 2471 1426 2567 dumorum,
1453 2473 1551 2568 quod
1573 2483 1749 2551 neutrum
1769 2478 1878 2553 attin-

701 2599 808 2688 geret
825 2592 855 2665 si
873 2599 1033 2686 uterque
1047 2592 1129 2687 pari
1149 2592 1258 2667 modo
1277 2600 1454 2669 moveret
1473 2594 1543 2669 Sed
1561 2595 1619 2669 bic
1636 2604 1733 2691 nuta,
1751 2600 1875 2695 lector,

703 2716 803 2810 quod
822 2713 949 2789 mullae
973 2716 1199 2810 scrupulosae
1225 2715 1441 2791 subtilitates
1457 2724 1542 2791 sunt
1559 2718 1595 2790 in
1614 2718 1681 2793 isto
1701 2719 1876 2815 capitulo3

705 2856 793 2912 nam
826 2835 947 2932 primo
974 2836 1077 2909 multi
1106 2837 1289 2910 mirantur
1313 2835 1361 2911 de
1391 2837 1561 2932 eoquod
1590 2845 1700 2913 autor
1728 2838 1816 2915 dicit

701 2954 821 3051 prima
846 2956 1122 3049 comparatione
1139 2955 1185 3031 de
1206 2956 1321 3030 libero
1337 2955 1500 3049 arbitrio,
1522 2956 1608 3051 quia
1633 2978 1706 3032 non
1731 2958 1876 3035 videtum

701 3099 847 3154 rerum.
874 3077 945 3153 Sed
970 3084 1073 3152 certe
1090 3076 1301 3152 Aristoteles
1319 3077 1462 3151 ridetur
1484 3079 1553 3151 boc
1572 3078 1696 3153 dicere
1716 3081 1876 3155 secundo

700 3199 783 3273 coeli
809 3206 848 3273 et
873 3197 999 3272 mundi
1026 3197 1130 3291 quasi
1157 3198 1256 3273 circa
1281 3197 1391 3273 linem
1411 3198 1477 3271 ibi:
1496 3198 1660 3274 similiter
1685 3208 1810 3275 autem
1828 3200 1876 3275 ab

700 3317 857 3393 exilibus
882 3325 920 3393 et
949 3316 1168 3413 potabilibus
1202 3317 1392 3411 equaliter
1424 3317 1579 3393 distante
1612 3320 1746 3395 etenim
1778 3321 1876 3395 bunc

702 3436 896 3531 quiescere
920 3437 1169 3511 necessarium
1196 3444 1251 3511 est
1277 3444 1344 3511 etc.
1372 3438 1416 3510 Et
1440 3437 1589 3512 Ovidius
1615 3438 1740 3513 scribit
1755 3458 1795 3515 se
1811 3460 1876 3535 pu·

646 3599 648 3604 ·
703 3556 792 3632 riter
816 3576 946 3631 amare
974 3556 1067 3631 duas
1101 3578 1186 3651 quae
1215 3562 1321 3633 erant
1355 3558 1491 3654 pariter
1526 3558 1708 3654 lormosae,
1741 3560 1876 3655 pariter

701 3678 823 3771 cultae,
848 3676 986 3771 pariter
1010 3676 1077 3751 sibi
1102 3677 1297 3773 placentes,
1325 3679 1373 3753 ita
1399 3679 1498 3774 quod
1526 3678 1709 3754 nesciebat
1733 3699 1876 3775 prepo—

701 3818 793 3875 nere
820 3800 975 3873 aiteram
1005 3798 1121 3872 alteri.
1154 3798 1225 3875 Sed
1260 3804 1302 3873 ui
1335 3799 1501 3873 omittam
1537 3808 1692 3894 veteres,
1724 3800 1875 3875 Carolus

703 3925 811 3993 retus
836 3918 977 4014 primus
1000 3939 1065 3993 rex
1085 3918 1214 3993 Siciliae
1231 3926 1361 4014 captus
1377 3927 1432 3994 est
1448 3940 1578 3995 amore
1594 3920 1753 3995 duarum
1772 3920 1875 4015 puel·

664 4087 667 4092 <
703 4040 825 4115 larum
844 4039 943 4133 apud
959 4039 1161 4134 Neapolim,
1179 4060 1262 4133 quae
1281 4037 1362 4113 filiu·
1379 4038 1559 4115 llorenlini
1580 4039 1689 4113 simul
1707 4047 1744 4115 et
1761 4040 1873 4115 semet

702 4160 791 4235 visae
820 4166 927 4234 erant
955 4159 1050 4235 inter
1083 4180 1124 4235 se
1152 4159 1344 4235 simillimae
1379 4161 1415 4233 in
1450 4160 1579 4253 torma,
1609 4167 1728 4255 aetate,
1760 4161 1875 4254 cultu,

704 4280 842 4374 babitu,
868 4280 919 4357 ita
943 4280 1043 4376 quod
1068 4279 1253 4355 nesciebat
1285 4281 1406 4356 lacere
1439 4280 1653 4356 electionem
1684 4280 1731 4355 de
1759 4282 1874 4356 altera

702 4418 849 4494 earum,
867 4400 956 4496 quia
981 4401 1176 4475 ridebatur
1202 4400 1327 4476 videre
1352 4422 1464 4475 unam
1491 4400 1528 4474 in
1553 4400 1698 4475 duabus
1722 4408 1759 4476 et
1783 4401 1875 4476 duas

702 4520 741 4595 in
766 4540 864 4595 uua:
899 4521 998 4595 unde
1027 4522 1175 4596 tandem
1211 4520 1248 4595 in
1283 4542 1417 4617 magna
1448 4520 1545 4595 lucta
1577 4521 1708 4596 mentis
1738 4520 1876 4597 delibe-

703 4648 852 4716 raverat
878 4662 1010 4737 rapere
1043 4647 1266 4736 utramque;
1292 4640 1355 4715 scd
1382 4640 1574 4739 magnifice
1608 4641 1818 4737 increpatus
1855 4664 1877 4717 a

702 4759 869 4835 Gnidone
893 4760 941 4835 de
964 4760 1132 4835 lloniorti
1159 4760 1388 4836 laudabiliter
1413 4768 1556 4835 mutato
1587 4760 1770 4857 proposito
1798 4782 1877 4837 ma-

704 4880 880 4955 ritavitet
898 4880 1038 4955 dotavit
1064 4887 1262 4975 utramque
1287 4882 1447 4977 egregie.
1466 4881 1535 4957 Sed
1563 4881 1736 4976 quicquid
1761 4882 1807 4956 sit
1829 4883 1876 4958 de

705 4999 773 5075 ista
798 5000 1073 5095 comparatione
1098 5020 1247 5095 possum
1272 5000 1405 5096 dicere,
1423 5002 1471 5077 ad
1494 5000 1705 5077 salvandam
1730 5020 1875 5098 semper
