4342 6692
671 921 810 978 currus
834 889 1026 978 uouemus
1049 923 1192 978 ramos.
1466 912 1512 980 19

344 1069 575 1162 intellectivo,
593 1066 680 1160 quia
701 1075 789 1141 lunc
809 1069 890 1162 plus
913 1075 1091 1162 operatur
1107 1068 1143 1141 in
1161 1069 1213 1143 eis
1230 1068 1347 1142 virtus
1366 1086 1510 1144 eorum.

343 1191 448 1265 Nunc
477 1190 524 1263 ad
554 1187 723 1280 literam3
749 1187 834 1261 dicit
860 1193 987 1283 poeta:
1018 1193 1138 1276 (laerte
1162 1191 1301 1280 parole,
1326 1189 1425 1263 diota·
1446 1209 1512 1285 per

345 1309 514 1403 Statium,
535 1312 650 1382 vulsor
672 1311 813 1399 Virpitro
834 1329 859 1380 a
879 1329 1016 1381 arecon
1034 1312 1107 1382 oiso
1132 1310 1192 1381 clu
1217 1312 1375 1400 mendo,
1399 1311 1514 1384 amit·

345 1422 522 1522 cando(⁴l,
539 1433 656 1503 dura:
676 1431 757 1518 tort,
774 1429 920 1521 scilicet,
937 1449 1022 1503 cum
1046 1436 1137 1502 nutu
1157 1425 1271 1504 faciei.
1298 1430 1342 1502 Et
1366 1431 1452 1504 dicit
1467 1431 1515 1506 ad

346 1551 619 1626 excusationem
647 1569 775 1643 suam;
794 1570 854 1622 ma
879 1555 915 1623 lu
938 1545 1036 1624 oerttl
1055 1552 1115 1622 cle
1131 1552 1241 1642 duob,
1263 1550 1367 1645 idest,
1382 1553 1516 1626 volun-

348 1679 403 1754 tas
428 1673 487 1747 vel
511 1673 690 1767 appetitus
715 1671 966 1766 intellectivus,
991 1693 1064 1745 non
1087 1663 1158 1763 pud
1180 1678 1278 1764 tutto,
1295 1694 1405 1768 supra
1432 1693 1514 1768 pas-
1609 1709 1612 1713 ·

348 1793 509 1868 sionem:
536 1799 573 1866 et
597 1791 756 1887 assignat
783 1791 961 1866 rationem
978 1782 1013 1882 (¹)
1041 1811 1127 1865 cum
1154 1791 1294 1866 subdit:
1315 1786 1377 1866 cle*
1396 1797 1472 1868 rr'so
1498 1817 1518 1868 e

345 1917 482 2010 punto,
507 1911 571 2007 qui
596 1917 682 1984 sunt
706 1911 889 2005 passiones
915 1909 1058 2004 unimae,
1077 1931 1143 1984 sou
1168 1919 1263 1985 tanto
1288 1917 1427 2006 sequaci
1442 1918 1516 1988 ullu
1636 2003 1639 2008 .

347 2036 505 2128 menon,
537 2031 640 2123 idest,
673 2030 797 2104 virtuti
832 2029 1112 2125 concupiscibili,
1146 2034 1196 2104 da
1228 2035 1288 2105 cte
1316 2036 1520 2108 ciascuost

349 2155 477 2245 spicea,
494 2150 595 2244 idest,
614 2150 844 2242 exciduntur,
861 2151 921 2222 cle
946 2169 1024 2222 meu
1047 2170 1178 2240 sepono
1201 2154 1310 2243 noter,
1329 2152 1431 2246 idest,
1451 2173 1518 2227 vo·

353 2273 542 2364 luntatcm,
568 2273 626 2344 rtet
648 2265 711 2362 pttl
745 2271 874 2359 maci,
899 2269 1001 2362 idest,
1028 2269 1138 2343 etiam
1165 2269 1202 2342 in
1228 2271 1519 2367 sapientioribus,

353 2389 439 2484 quia
460 2390 570 2465 etiam
589 2389 686 2462 viros
703 2388 883 2484 sapientes
909 2396 946 2482 et
966 2387 1144 2464 veridicos
1164 2396 1308 2484 oportet
1323 2391 1522 2485 aliquando

354 2511 473 2586 ridere
499 2517 535 2584 et
560 2511 705 2604 plorare
723 2508 844 2604 invite,
862 2509 1066 2596 secundum
1089 2509 1249 2583 laetltium
1276 2516 1312 2586 et
1339 2512 1520 2586 tristitiam

354 2631 488 2725 quibus
512 2631 861 2705 afficiuntur-10.
888 2630 952 2703 llic
978 2637 1084 2724 poeta
1114 2631 1269 2705 ostendit
1300 2634 1457 2724 qualiter
1482 2654 1523 2709 se

356 2759 499 2826 tacente
525 2769 611 2824 cum
631 2749 767 2846 lingua,
788 2751 934 2823 locutus
960 2750 1025 2823 luit
1051 2771 1137 2824 com
1159 2750 1259 2845 visu,
1278 2773 1324 2827 ex
1343 2772 1418 2845 quo
1443 2753 1524 2827 Sta·

357 2871 429 2944 tius
454 2870 658 2965 suspicione
683 2877 787 2964 capta
812 2868 994 2942 adiuravit
1020 2890 1107 2944 eum
1135 2877 1177 2942 ut
1205 2870 1342 2946 diceret
1372 2893 1523 2946 causam

358 2991 413 3066 sul
443 2990 546 3064 risus.
573 2990 664 3064 Dicit
689 3008 799 3086 ergo:
827 2993 867 3061 lo
890 3010 961 3081 pur
977 2992 1116 3080 sorrisi,
1134 3010 1229 3062 come
1248 2994 1364 3064 tuom
1386 2995 1526 3067 ct’um·

357 3117 478 3202 micea,
505 3110 607 3204 idest,
633 3109 695 3205 qui
722 3109 868 3183 inclinat
894 3108 1023 3184 faciem
1048 3110 1275 3184 connivendo
1289 3102 1325 3203 (³)
1346 3114 1402 3186 vcl
1421 3114 1525 3188 affir-

359 3230 493 3305 mando
518 3229 672 3324 aliquid:
694 3225 824 3323 percbd
847 3233 869 3302 l'
880 3231 1018 3321 embra,
1044 3229 1189 3323 scilicet,
1208 3230 1320 3325 Statii,
1350 3236 1382 3304 π’
1406 3242 1527 3325 lacque

358 3369 377 3423 c
396 3351 654 3440 riquardommt'
669 3353 762 3440 nepti
778 3351 884 3438 occdi,
903 3369 966 3421 ooc
978 3351 1003 3420 ’l
1025 3349 1211 3422 sembiunte
1224 3345 1286 3441 piri
1310 3355 1342 3423 o·
1362 3356 1460 3443 poca.
1483 3351 1528 3426 Et

213 3469 215 3474 “
358 3469 459 3564 ponit
483 3468 695 3563 petitionem
721 3468 801 3543 eius
825 3468 967 3542 dicens:
994 3471 1098 3560 disse,
1124 3469 1184 3544 ille
1206 3470 1353 3564 Statius,
1372 3474 1455 3545 det!
1473 3473 1528 3546 lo-

360 3589 488 3683 quitur
519 3589 761 3663 admirative:
791 3585 920 3681 perede*
947 3591 984 3661 lo
1011 3592 1129 3682 sarda
1162 3597 1235 3680 tua,
1265 3613 1349 3684 quae
1383 3591 1529 3666 videtur

361 3708 449 3782 mibi
475 3707 590 3804 rigida
618 3710 779 3801 honesta,
800 3711 1053 3782 dinwstrommi
1077 3729 1125 3782 un
1150 3712 1369 3802 lumpepptor
1392 3713 1430 3785 di
1453 3715 1530 3785 riso

363 3839 495 3923 testero,
529 3829 629 3922 idest,
662 3849 758 3902 nunc
789 3849 897 3923 nunc,
922 3851 959 3902 se
990 3833 1157 3902 ossommi
1185 3837 1280 3904 tuoto
1315 3834 1440 3905 lavoro
1472 3835 1530 3906 in-

362 3957 480 4024 semel
499 3949 609 4037 Quasi
626 3949 738 4022 dicat:
760 3947 789 4020 si
806 3949 905 4022 Deus
921 3949 981 4023 det
1004 3947 1067 4023 tibi
1087 3957 1226 4026 tantam
1243 3951 1414 4045 gratiam,
1432 3952 1530 4045 quod

365 4069 516 4144 leliciter
541 4067 706 4164 perficias
732 4076 807 4142 tam
835 4067 1058 4142 laboriosum
1084 4089 1189 4164 opus,
1215 4068 1266 4143 ita
1298 4071 1396 4162 quod
1422 4071 1533 4145 simul

365 4194 484 4263 totum
516 4191 720 4284 aggreges?
746 4188 789 4261 m
817 4194 925 4283 poeta
950 4187 1079 4264 deinde
1110 4190 1276 4283 loquitur
1309 4197 1346 4264 et
1378 4191 1535 4265 ostendit

365 4329 471 4384 suam
497 4308 773 4404 perplexitatem
807 4329 851 4382 er
884 4309 1068 4383 contrario
1098 4317 1185 4384 roto
1216 4311 1376 4384 duorum
1408 4317 1534 4406 poeta·

367 4449 463 4523 rum,
485 4429 570 4522 quia
588 4411 770 4522 precepto
788 4429 896 4503 unius
914 4447 986 4503 non
1001 4433 1144 4522 poterat
1161 4430 1354 4525 contraire,
1373 4437 1411 4504 et
1430 4431 1536 4505 adiu·

368 4549 497 4624 rationi
523 4549 674 4623 alterius
691 4570 765 4623 non
781 4550 950 4624 audebat
969 4549 1071 4624 Unde
1088 4549 1191 4624 dicit:
1214 4555 1267 4624 Or
1284 4572 1351 4624 son
1369 4555 1404 4624 io
1421 4554 1535 4628 rtrum

364 4677 468 4762 purte
484 4691 503 4742 e
519 4671 553 4742 ά*
563 4669 657 4742 ottr'a
670 4689 798 4762 preso,·
823 4670 928 4762 quasi
949 4669 1063 4743 dicat:
1083 4668 1182 4763 loqui
1199 4669 1406 4765 prohibeor,
1425 4679 1462 4747 et
1479 4679 1536 4748 ta·

369 4809 458 4864 cere
480 4809 553 4863 non
578 4809 751 4884 possum:
770 4791 891 4878 tuna,
909 4787 1054 4884 scilicet,
1072 4789 1253 4885 Virgilius,
1279 4795 1329 4864 mi
1348 4797 1389 4888 so
1409 4800 1535 4887 meere,

432 5047 461 5112 (¹)
477 5049 507 5100 lt.
524 5049 662 5100 moundo.
719 5047 747 5112 (¹)
763 5053 817 5111 nr,
834 5061 939 5100 nomm
955 5047 1060 5100 rollonis
1076 5060 1138 5100 cum
1153 5049 1248 5100 mbdlt
1304 5046 1331 5112 (⁸)
1347 5049 1377 5102 rt
1393 5054 1540 5105 annuendo.
