4342 6692
633 937 771 992 murus
794 937 1012 992 rmeusmus
1035 938 1199 993 merrus.
1428 923 1499 992 285

325 1046 524 1181 tuitsupm
543 1084 874 1181 capitulorum,
893 1083 1205 1161 mursauomrna
1230 1083 1411 1160 subtiliter
1426 1083 1501 1158 us-

323 1206 441 1282 seruit
461 1207 577 1281 multa
603 1205 650 1281 de
674 1210 808 1280 natura
827 1212 865 1280 et
884 1205 1021 1280 virtute
1045 1203 1156 1278 lruius
1182 1203 1263 1279 loci.
1290 1206 1334 1279 Et
1359 1204 1446 1299 quia
1462 1195 1498 1296 (⁴)

323 1327 418 1403 torte
442 1326 638 1402 videbatur
663 1345 770 1420 posue
793 1324 934 1400 dicere:
961 1324 1132 1419 quamvis
1157 1323 1225 1399 ista
1251 1323 1386 1398 dixeris
1412 1322 1501 1396 milri

186 1477 192 1489 ·
324 1452 451 1523 tamen
478 1445 566 1540 quia
590 1446 722 1542 potasti
745 1465 807 1520 me
830 1445 980 1520 Letlraeo
1000 1465 1075 1519 nou
1095 1443 1265 1538 memini,
1292 1442 1376 1518 dicit
1401 1443 1497 1538 ipsa:

324 1589 344 1640 e
374 1586 441 1639 sou
464 1567 598 1655 stema,
624 1565 729 1660 quasi
754 1564 862 1658 dieat,
893 1565 968 1640 seio
1000 1563 1168 1659 tirmiter,
1193 1566 1253 1637 clue
1283 1566 1433 1657 raeque
1463 1565 1501 1637 di

326 1691 426 1761 Lateo
449 1707 520 1758 noa
545 1688 629 1777 pltel
651 1706 816 1778 uoseose;
835 1686 923 1779 quia
948 1684 1039 1760 tollit
1064 1685 1285 1761 memoriam
1313 1685 1498 1760 malorum

327 1813 470 1884 tautum
498 1812 537 1881 et
555 1826 630 1881 nou
655 1806 852 1880 bonorum.
865 1811 960 1879 -Ε
974 1810 1144 1880 Bruttiae.
1164 1806 1229 1882 llio
1247 1813 1355 1901 poeta
1375 1811 1500 1880 osteu-

326 1927 379 2003 dit
395 1927 552 2022 qualiter
569 1926 718 2002 Beatrix
734 1925 966 2001 excusaverit
983 1947 1072 2000 eum
1089 1926 1160 2002 alia
1180 1926 1332 2021 ratione,
1347 1933 1383 2002 et
1402 1947 1499 2022 prae-

326 2047 465 2142 ceperit
478 2037 515 2138 (¹)
543 2046 643 2142 quod
668 2052 903 2142 mergeretur
928 2045 966 2119 iu
990 2045 1061 2120 alio
1092 2067 1188 2120 novo
1219 2046 1381 2120 llumiue.
1407 2045 1501 2120 Dicit

326 2189 440 2265 orgo:
466 2190 486 2240 e
509 2170 681 2261 Beutriee,
715 2167 854 2262 supple,
879 2166 970 2244 dixit
1000 2166 1181 2240 Mathildi:
1205 2170 1304 2260 forse
1334 2169 1501 2258 mappior

325 2310 427 2382 eura,
456 2288 544 2381 quia
569 2286 656 2360 uidit
680 2294 806 2381 postea
826 2292 881 2361 tot
899 2286 1078 2361 mirabilia
1101 2307 1247 2383 magua,
1266 2288 1359 2362 sicut
1386 2285 1502 2361 vieto·

326 2427 406 2482 rem
440 2407 659 2499 exercitum,
689 2426 845 2481 currum
881 2406 1154 2500 triumphalem,
1193 2406 1325 2482 ducem
1365 2407 1500 2480 trium·

324 2529 501 2625 piantem
526 2531 563 2600 et
589 2525 675 2600 talia
701 2526 837 2620 mutta3
863 2525 945 2601 ideo
974 2526 1080 2602 dicit:
1111 2529 1170 2601 cte
1202 2550 1316 2622 sparse
1345 2530 1434 2602 volte
1465 2529 1502 2600 lo

327 2651 497 2722 amatoria
518 2648 638 2739 priua,
667 2645 870 2739 actualiter,
897 2649 988 2740 sotto
1017 2649 1260 2722 talamonte
1287 2667 1366 2742 suo,
1395 2646 1500 2740 idest,

328 2768 411 2844 iecit
431 2767 650 2841 memoriam
671 2766 807 2861 Daulis,
824 2769 917 2858 nepti
932 2769 1028 2840 occat
1043 2789 1185 2860 osoura,
1204 2775 1241 2844 et
1262 2768 1361 2864 quod
1388 2768 1498 2843 habet

328 2887 367 2962 in
383 2887 563 2962 memoria
580 2886 708 2962 videre
725 2908 799 2960 uon
816 2885 948 2982 oredit3
967 2888 1031 2962 sed
1048 2888 1095 2963 de
1115 2890 1185 2964 hoc
1205 2909 1279 2963 uon
1295 2891 1419 2984 plura:
1437 2909 1498 2962 mo

329 3012 407 3086 uadi
430 3004 552 3082 Eupoli
573 3011 633 3081 cte
649 2999 686 3081 Id
702 3010 833 3101 ditium
856 3013 984 3083 contra
1005 3008 1170 3104 Lethem,
1188 3013 1325 3084 mauolo
1343 3012 1393 3084 ad
1408 3031 1499 3101 esso,

329 3128 562 3223 oltathitdis,
588 3151 606 3201 e
631 3131 795 3218 raooiua,
821 3127 923 3221 idest,
953 3129 1142 3221 resuscita,
1173 3129 1344 3226 revigora
1372 3137 1412 3204 ut
1437 3130 1502 3204 fiat
1554 3130 1560 3144 '

328 3248 566 3344 susceptibilis
583 3246 720 3322 summi
739 3247 836 3341 boni,
854 3251 890 3321 ta
908 3243 999 3322 utrtri
1015 3268 1081 3321 sua
1099 3251 1312 3339 tromort'tr,
1327 3269 1400 3324 uon
1413 3249 1501 3324 dicit
1580 3276 1588 3293 ·

328 3376 528 3462 mortuam,
554 3367 617 3442 sed
643 3367 730 3462 quia
754 3367 925 3442 dormivit
941 3367 989 3442 ad
1006 3376 1164 3462 tempus,
1185 3389 1280 3442 conte
1303 3377 1338 3443 ta
1355 3372 1401 3442 se'
1414 3390 1502 3464 ωας

327 3509 414 3564 uam
440 3487 604 3563 officium
634 3494 742 3562 tuum
768 3495 824 3562 est
854 3486 1033 3562 reducere
1062 3489 1283 3562 memoriam
1315 3490 1499 3563 bonarum

327 3608 603 3705 operationum3
621 3628 711 3702 ergo
731 3608 824 3705 vade
839 3612 876 3682 et
898 3607 980 3680 lava
1003 3606 1125 3701 ipsum
1143 3613 1179 3681 et
1196 3615 1281 3702 pota
1299 3607 1336 3682 iu
1353 3610 1423 3683 hoo
1441 3628 1501 3683 so-

327 3728 448 3806 ouudo
460 3728 626 3822 ilumiue,
638 3726 734 3802 siout
747 3726 860 3802 iecisti
873 3727 909 3800 iu
919 3726 1049 3821 primo.
1061 3727 1105 3800 Et
1118 3726 1240 3801 subdit
1253 3728 1411 3822 qualiter
1424 3729 1503 3802 lila-

327 3850 447 3924 thildis
471 3849 645 3924 ooutiuuo
671 3846 755 3922 iecit
780 3845 1068 3940 exequutionem
1101 3846 1262 3922 mandati
1289 3867 1354 3943 per
1388 3869 1502 3922 unam

327 3970 487 4045 nobilem
513 3968 940 4063 comparationemque
963 3965 1126 4040 breviter
1151 3973 1222 4042 stat
1244 3966 1280 4040 iu
1302 3969 1382 4061 hoo,
1400 3966 1501 4062 quod

203 4165 213 4174 ,
328 4089 503 4166 llathildis
529 4088 613 4164 iecit
637 4089 732 4164 sicut
755 4087 886 4161 nobilis
910 4086 1041 4161 ancilla
1063 4105 1149 4180 quae
1168 4108 1243 4162 nou
1269 4093 1324 4161 est
1349 4107 1500 4161 servae

329 4217 474 4304 natura,
494 4208 553 4284 vel
570 4209 728 4302 fortuna,
746 4207 806 4283 vel
822 4207 916 4302 lege,
934 4206 998 4280 sed
1014 4206 1248 4280 solummodo
1274 4227 1319 4279 ex
1347 4226 1438 4280 vero
1465 4211 1503 4280 et

329 4332 472 4406 siucero
495 4350 626 4406 amore
651 4349 762 4424 quem
788 4326 899 4402 habet
924 4326 970 4402 ad
996 4325 1162 4422 reginam
1182 4327 1366 4400 excelsam
1385 4325 1501 4400 liben-

330 4457 387 4526 ter
403 4457 441 4526 et
456 4456 626 4546 prompte
643 4449 721 4524 siue
738 4447 813 4522 ulla
831 4467 937 4520 mora
953 4445 1127 4542 adimplet
1145 4445 1241 4520 illius
1264 4445 1502 4540 voluntatem,

328 4572 492 4647 maxime
516 4569 664 4665 quando
681 4567 891 4664 praecipitur
915 4566 983 4641 sibi
1005 4585 1064 4641 res
1084 4566 1341 4642 honestissima
1358 4586 1426 4661 pro
1443 4586 1503 4639 sa-

329 4693 407 4768 lute
432 4690 595 4783 alterius,
616 4689 711 4763 sicut
728 4693 809 4764 erat
824 4687 862 4760 iu
877 4686 1047 4781 praesenti
1065 4686 1260 4782 proposito.
1283 4685 1375 4760 Dicit
1392 4706 1502 4780 ergo:
1526 4707 1532 4712 ·

329 4816 366 4887 la
391 4813 479 4885 dedu
503 4813 637 4902 donem
666 4815 704 4882 et
728 4809 835 4884 euius
858 4827 972 4902 opera
998 4808 1126 4902 pulcra
1151 4813 1247 4901 suut,
1274 4808 1500 4899 mossesi‘pot

391 5070 420 5136 (¹)
437 5073 490 5130 tlt,
508 5070 569 5134 quia
584 5074 660 5134 poeta
676 5067 754 5121 torte.
1025 5065 1053 5128 ι’)
1068 5067 1101 5118 Ε.
1117 5065 1248 5131 precepit.
