4342 6692
639 909 778 964 cunnus
803 910 1017 965 rniousmus
1043 912 1186 967 narnus.
1255 958 1258 963 .
1431 904 1501 971 225

325 1058 399 1131 lius
424 1062 462 1132 et
486 1056 602 1130 tutius
626 1061 682 1129 est
706 1055 883 1150 pugnanti
900 1056 1012 1131 ferire
1036 1058 1199 1152 punctim
1226 1080 1339 1152 quam
1366 1060 1500 1155 caesim,

327 1184 421 1253 teste
445 1176 597 1275 Vegetio
622 1175 658 1250 in
685 1196 755 1249 suo
779 1175 826 1250 de
852 1196 893 1251 re
919 1176 1085 1250 militari:
1104 1177 1236 1273 primo,
1255 1178 1342 1272 quia
1369 1178 1502 1253 feriens
1552 1202 1554 1207 ·

277 1329 281 1334 ·
327 1298 491 1393 punctim
517 1297 629 1372 habet
653 1294 814 1371 incidere
838 1296 962 1369 minus
987 1296 1034 1372 de
1059 1297 1191 1371 armis:
1218 1299 1391 1393 secundo,
1413 1299 1499 1393 quia

327 1418 465 1494 invenit
495 1419 678 1493 minorem
710 1416 952 1492 resistentiam
988 1418 1026 1491 in
1060 1439 1234 1514 corpore:
1269 1420 1389 1515 tertio,
1415 1420 1501 1514 quia

280 1639 282 1643 ‚
327 1539 561 1615 adversarius
587 1560 661 1613 non
687 1539 736 1612 ita
761 1538 856 1613 bene
886 1538 977 1613 vitat
1001 1538 1134 1613 ictum:
1161 1547 1305 1635 quarto,
1334 1542 1420 1636 quia
1448 1542 1501 1617 ie-

327 1659 426 1734 riens
452 1660 574 1735 minus
598 1660 758 1735 laborat:
776 1658 916 1752 quinto,
935 1658 1021 1752 quia
1039 1659 1162 1732 minus
1179 1680 1219 1735 se
1236 1660 1383 1757 detegit.
1403 1662 1500 1758 Ergo

328 1779 411 1855 vide
435 1800 548 1874 quam
574 1780 703 1875 pulcra
726 1778 772 1851 sit
798 1779 1024 1872 metaphora,
1049 1777 1201 1853 dicendo
1228 1780 1326 1873 quod
1352 1780 1499 1855 Beatrix

327 1918 427 1973 nunc
450 1900 560 1995 coepit
584 1904 780 1995 percutere
804 1898 979 1992 punctim.
1002 1897 1094 1971 Dicit
1120 1919 1230 1995 ergo:
1258 1906 1295 1973 et
1321 1900 1381 1974 ilia
1406 1900 1499 1975 Bea-

330 2019 415 2113 trix‚
433 2022 604 2110 oolpcndo
627 2022 656 2092 ii
677 2040 741 2091 sno
762 2021 894 2111 purior
918 2039 943 2089 a
968 2039 1021 2091 nn
1038 2039 1109 2111 per
1128 2025 1256 2111 punto,
1277 2018 1499 2115 increpando

328 2158 389 2212 me
413 2138 547 2234 acrius,
573 2142 634 2212 cde
657 2141 703 2211 m'
716 2159 780 2211 cra
801 2145 932 2231 pareto
957 2159 1057 2229 acro,
1081 2137 1184 2233 idest,
1203 2138 1289 2211 satis
1309 2140 1499 2235 acerbum,

324 2279 399 2350 pnr
411 2280 479 2351 per
496 2262 616 2351 nolio,
633 2250 847 2359 ricomincid,
868 2257 1015 2352 scilicet,
1036 2257 1169 2353 dicere,
1187 2262 1375 2350 renuendo,
1396 2260 1500 2353 idest,

329 2378 577 2461 continuando
589 2378 728 2452 dictum
746 2398 869 2471 suum,
882 2378 1017 2450 *senza
1040 2385 1157 2470 cumn,
1171 2378 1262 2453 idest
1281 2378 1359 2453 sine
1382 2400 1500 2475 mora,

328 2498 414 2592 quia
438 2498 560 2572 statim
586 2497 665 2572 sine
689 2497 861 2571 dilatione
886 2498 1066 2574 convertit
1082 2497 1220 2571 dictum
1245 2520 1355 2572 suum
1369 2493 1436 2591 *(¹)
1454 2498 1501 2573 ab

327 2617 469 2714 angelis
493 2618 540 2692 ad
566 2618 734 2710 Dantem,
760 2616 897 2691 dicens:
924 2640 943 2690 e
967 2625 1015 2711 tn,
1044 2618 1190 2711 scilicet,
1210 2620 1361 2713 Dantes3
1380 2626 1417 2693 et
1433 2619 1499 2693 de·

329 2738 393 2814 bet
408 2738 532 2812 dicere
548 2760 568 2809 e
584 2744 622 2812 et
638 2757 713 2811 non
729 2758 751 2809 o
757 2763 773 2829 ,·
786 2740 846 2810 cde
860 2741 908 2810 sd
915 2740 953 2811 di
968 2728 1005 2810 ld
1022 2739 1087 2811 dni
1097 2741 1203 2830 nume
1214 2760 1333 2830 sucro,
1352 2738 1498 2830 scilicet,

328 2859 530 2952 Lethaeum,
548 2862 586 2931 et
603 2863 706 2951 optas
726 2857 882 2931 transire
901 2857 991 2931 citra
1009 2857 1054 2931 ad
1076 2878 1149 2950 me,
1167 2860 1227 2951 dt',
1244 2860 1304 2951 di,
1328 2879 1365 2930 se
1382 2864 1499 2949 questo

328 2974 468 3070 duero,
493 2977 540 3053 de
569 2998 645 3071 quo
669 2978 839 3052 accusavi
863 2983 901 3052 te
925 2976 1074 3073 angelis,
1102 2978 1188 3072 quia
1220 2986 1279 3052 tun
1304 2981 1499 3072 confession

328 3100 473 3171 conoien
502 3117 597 3172 esser
630 3100 817 3187 oonnritmn
846 3118 870 3169 n
896 3104 994 3170 tantu
1017 3119 1159 3189 ncnnn,
1184 3104 1226 3172 ut
1251 3096 1498 3193 promerearis

327 3216 606 3291 absolutionem.
620 3221 768 3289 -Brn,
786 3217 851 3291 Hic
872 3223 979 3310 poeta
1000 3218 1101 3311 ponit
1117 3218 1290 3292 etinctum
1316 3216 1498 3313 petitionis

327 3337 512 3432 Beatricis,
546 3337 681 3411 sciiicet
718 3358 825 3411 suam
862 3338 1126 3435 confusionem,
1159 3339 1301 3413 dicens:
1337 3344 1389 3411 La
1427 3340 1499 3411 mia

327 3452 437 3549 ocrtd,
462 3456 564 3549 idest,
590 3456 749 3551 potentia
774 3456 919 3550 animae,
937 3479 1001 3530 cra
1018 3466 1114 3532 tunm
1133 3463 1292 3554 confuso,
1311 3459 1444 3532 timore
1462 3463 1499 3531 et

303 3579 467 3678 ⁴pudore
491 3577 711 3673 praesumti
734 3584 772 3651 et
797 3578 1112 3673 praesentiente
1134 3584 1266 3653 occasi
1286 3601 1411 3669 messe,
1433 3598 1499 3671 pro

327 3697 589 3795 respondendo,
615 3718 635 3769 c
659 3700 690 3769 si
713 3718 846 3790 sperne,
873 3698 974 3793 idest,
1001 3706 1037 3773 et
1063 3707 1211 3775 mortua
1234 3707 1300 3794 est,
1322 3700 1408 3793 quia
1434 3698 1499 3772 de·

326 3820 421 3915 iecit,
443 3821 530 3912 pne
553 3821 613 3891 cite
636 3820 736 3909 donli
759 3822 890 3910 erponi
913 3824 1002 3910 suoi,
1027 3841 1112 3914 quae
1131 3826 1216 3894 sunt
1232 3820 1338 3913 labia,
1359 3820 1495 3915 lingua,

326 3940 464 4031 dentes,
490 3938 665 4035 palatum,
690 3944 820 4035 guttur
845 3944 882 4013 et
907 3940 1044 4033 pulmo,
1068 3942 1164 4032 fosse
1188 3941 1373 4029 discninsn,
1395 3938 1496 4031 idest,

327 4061 476 4135 exclusa
492 4051 528 4151 θ)
551 4066 589 4135 et
614 4080 796 4155 expressa.
815 4061 858 4132 Et
875 4059 996 4132 subdit
1015 4059 1287 4153 replicationem
1309 4059 1496 4152 Boatricis,

326 4179 472 4255 diceus:
504 4201 597 4273 poco
629 4185 787 4272 sofforse,
816 4179 918 4273 idest,
950 4178 1175 4274 expectavit3
1205 4182 1267 4271 poi
1297 4180 1498 4251 disserena

320 4307 455 4395 perne?
480 4301 584 4394 quasi
609 4300 721 4375 dicat:
749 4300 808 4374 hic
842 4305 996 4373 nonest
1027 4319 1122 4393 opus
1151 4298 1381 4395 cogitatione,
1408 4298 1495 4392 quia

326 4443 400 4496 nou
425 4422 538 4497 hahes
563 4422 631 4495 nisi
655 4421 779 4496 dicere
804 4420 872 4513 sic;
897 4422 1058 4511 rispondi
1081 4441 1107 4491 a
1133 4439 1207 4511 nte,-
1228 4425 1265 4492 et
1290 4440 1337 4493 ne
1363 4419 1496 4493 Dantes

325 4543 435 4639 possit
459 4542 583 4618 dicere
606 4542 700 4615 sicut
725 4540 972 4615 communiter
996 4539 1122 4613 dicunt
1152 4540 1318 4613 homines
1349 4538 1498 4632 quando

325 4664 582 4758 increpantur:
608 4682 678 4757 ego
700 4682 772 4735 non
794 4659 986 4753 record0r;
1006 4660 1091 4735 dicit
1108 4659 1267 4754 Beutrix,
1286 4659 1354 4733 hoc
1368 4649 1404 4751 (³)
1425 4679 1496 4731 non

324 4782 455 4858 accidit
480 4782 517 4855 in
542 4802 588 4856 eo
613 4802 660 4856 ex
691 4780 884 4855 oblivione.
911 4780 1013 4855 Unde
1044 4779 1145 4853 dicit:
1180 4775 1242 4854 cde*
1273 4782 1304 4852 le
1334 4782 1498 4853 menotio

390 4968 417 5029 (¹)
432 4968 469 5017 Le
485 4966 573 5030 parole
589 4966 630 5016 1η
645 4966 654 5015 1
670 4966 721 5017 due
736 4964 868 5017 asterischi
884 4978 947 5015 sono
963 4965 1075 5028 suppiite
1091 4964 1159 5029 dagli
1175 4964 1234 5015 altri
1252 4969 1291 5015 tre
1307 4960 1403 5013 Codici.
1465 4972 1467 4977 '

390 5043 417 5106 (¹)
434 5045 488 5103 117,
506 5040 626 5093 dioninse.
874 5038 902 5102 (⁸)
919 5043 973 5101 117,
990 5041 1060 5105 quod
1076 5042 1136 5091 hoc.
1417 5042 1418 5047 ’

315 5160 319 5165 ’
459 5150 496 5193 Π.
1338 5146 1364 5191 15
