<?xml version="1.0" encoding="UTF-8"?>
<!DOCTYPE html PUBLIC "-//W3C//DTD XHTML 1.0 Transitional//EN"
    "http://www.w3.org/TR/xhtml1/DTD/xhtml1-transitional.dtd">
<html xmlns="http://www.w3.org/1999/xhtml" xml:lang="en" lang="en">
 <head>
  <title>
</title>
<meta http-equiv="Content-Type" content="text/html;charset=utf-8" />
  <meta name='ocr-system' content='tesseract 3.04.00' />
  <meta name='ocr-capabilities' content='ocr_page ocr_carea ocr_par ocr_line ocrx_word'/>
</head>
<body>
  <div class='ocr_page' id='page_1' title='image "benevenutideram01lacagoog_0509.png"; bbox 0 0 4342 6692; ppageno 0'>
   <div class='ocr_carea' id='block_1_1' title="bbox 769 862 1524 930">
    <p class='ocr_par' dir='ltr' id='par_1_1' title="bbox 769 862 1524 930">
     <span class='ocr_line' id='line_1_1' title="bbox 769 862 1524 930; baseline 0 -2"><span class='ocrx_word' id='word_1_1' title='bbox 769 871 907 930; x_wconf 76' lang='lat' dir='ltr'><strong>cunnus</strong></span> <span class='ocrx_word' id='word_1_2' title='bbox 931 873 1102 930; x_wconf 76' lang='lat' dir='ltr'><strong>manvus.</strong></span> <span class='ocrx_word' id='word_1_3' title='bbox 1456 862 1524 930; x_wconf 76' lang='lat' dir='ltr'><strong>tot</strong></span> 
     </span>
    </p>
   </div>
   <div class='ocr_carea' id='block_1_2' title="bbox 304 1015 1578 4848">
    <p class='ocr_par' dir='ltr' id='par_1_2' title="bbox 304 1015 1578 4848">
     <span class='ocr_line' id='line_1_2' title="bbox 354 1015 1526 1114; baseline 0.003 -22"><span class='ocrx_word' id='word_1_4' title='bbox 354 1039 465 1112; x_wconf 61' lang='lat' dir='ltr'><strong>senem</strong></span> <span class='ocrx_word' id='word_1_5' title='bbox 478 1017 649 1113; x_wconf 83' lang='lat' dir='ltr'><strong>quamvis</strong></span> <span class='ocrx_word' id='word_1_6' title='bbox 665 1017 762 1093; x_wconf 87' lang='lat' dir='ltr'><strong>euim</strong></span> <span class='ocrx_word' id='word_1_7' title='bbox 781 1019 918 1094; x_wconf 89' lang='lat' dir='ltr'><strong>luerint</strong></span> <span class='ocrx_word' id='word_1_8' title='bbox 933 1017 1099 1114; x_wconf 84' lang='lat' dir='ltr'>concepti</span> <span class='ocrx_word' id='word_1_9' title='bbox 1116 1037 1164 1098; x_wconf 79' lang='lat' dir='ltr'><strong>ex</strong></span> <span class='ocrx_word' id='word_1_10' title='bbox 1180 1015 1311 1092; x_wconf 90' lang='lat' dir='ltr'><strong>eodem</strong></span> <span class='ocrx_word' id='word_1_11' title='bbox 1329 1025 1526 1114; x_wconf 75' lang='lat' dir='ltr'><strong>spermate,</strong></span> 
     </span>
     <span class='ocr_line' id='line_1_3' title="bbox 357 1138 1524 1235; baseline 0.001 -21"><span class='ocrx_word' id='word_1_12' title='bbox 357 1147 480 1214; x_wconf 91' lang='lat' dir='ltr'><strong>tamen</strong></span> <span class='ocrx_word' id='word_1_13' title='bbox 506 1138 657 1215; x_wconf 83' lang='lat' dir='ltr'><strong>luerunt</strong></span> <span class='ocrx_word' id='word_1_14' title='bbox 684 1139 751 1214; x_wconf 91' lang='lat' dir='ltr'><strong>sihi</strong></span> <span class='ocrx_word' id='word_1_15' title='bbox 782 1138 954 1214; x_wconf 87' lang='lat' dir='ltr'><strong>contrarii</strong></span> <span class='ocrx_word' id='word_1_16' title='bbox 980 1145 1180 1232; x_wconf 72' lang='lat' dir='ltr'><strong>antequam</strong></span> <span class='ocrx_word' id='word_1_17' title='bbox 1206 1145 1455 1235; x_wconf 85' lang='lat' dir='ltr'><strong>nascerentur,</strong></span> <span class='ocrx_word' id='word_1_18' title='bbox 1484 1147 1524 1215; x_wconf 91' lang='lat' dir='ltr'><strong>ut</strong></span> 
     </span>
     <span class='ocr_line' id='line_1_4' title="bbox 355 1257 1523 1356; baseline -0.001 -22"><span class='ocrx_word' id='word_1_19' title='bbox 355 1265 453 1356; x_wconf 88' lang='lat' dir='ltr'><strong>patet</strong></span> <span class='ocrx_word' id='word_1_20' title='bbox 478 1259 608 1335; x_wconf 91' lang='lat' dir='ltr'><strong>ultimo</strong></span> <span class='ocrx_word' id='word_1_21' title='bbox 626 1259 784 1356; x_wconf 87' lang='lat' dir='ltr'><strong>capitulo</strong></span> <span class='ocrx_word' id='word_1_22' title='bbox 810 1259 921 1333; x_wconf 91' lang='lat' dir='ltr'><strong>huius</strong></span> <span class='ocrx_word' id='word_1_23' title='bbox 944 1257 1047 1354; x_wconf 90' lang='lat' dir='ltr'><strong>libri;</strong></span> <span class='ocrx_word' id='word_1_24' title='bbox 1074 1265 1111 1334; x_wconf 89' lang='lat' dir='ltr'><strong>et</strong></span> <span class='ocrx_word' id='word_1_25' title='bbox 1136 1259 1213 1333; x_wconf 92' lang='lat' dir='ltr'><strong>sola</strong></span> <span class='ocrx_word' id='word_1_26' title='bbox 1231 1257 1385 1334; x_wconf 81' lang='lat' dir='ltr'><strong>variatio</strong></span> <span class='ocrx_word' id='word_1_27' title='bbox 1401 1260 1523 1336; x_wconf 85' lang='lat' dir='ltr'><strong>zenith</strong></span> 
     </span>
     <span class='ocr_line' id='line_1_5' title="bbox 355 1377 1523 1475; baseline -0.002 -19"><span class='ocrx_word' id='word_1_28' title='bbox 355 1385 482 1475; x_wconf 85' lang='lat' dir='ltr'><strong>potest·</strong></span> <span class='ocrx_word' id='word_1_29' title='bbox 496 1399 577 1456; x_wconf 88' lang='lat' dir='ltr'><strong>esse</strong></span> <span class='ocrx_word' id='word_1_30' title='bbox 602 1399 714 1455; x_wconf 88' lang='lat' dir='ltr'><strong>causa</strong></span> <span class='ocrx_word' id='word_1_31' title='bbox 746 1385 855 1455; x_wconf 87' lang='lat' dir='ltr'><strong>tantae</strong></span> <span class='ocrx_word' id='word_1_32' title='bbox 884 1377 1111 1454; x_wconf 82' lang='lat' dir='ltr'><strong>diversitatis.</strong></span> <span class='ocrx_word' id='word_1_33' title='bbox 1146 1377 1318 1454; x_wconf 77' lang='lat' dir='ltr'><strong>Similiter</strong></span> <span class='ocrx_word' id='word_1_34' title='bbox 1342 1379 1523 1454; x_wconf 85' lang='lat' dir='ltr'>Romulus</span> 
     </span>
     <span class='ocr_line' id='line_1_6' title="bbox 354 1496 1525 1594; baseline -0.003 -18"><span class='ocrx_word' id='word_1_35' title='bbox 354 1506 392 1577; x_wconf 89' lang='lat' dir='ltr'><strong>et</strong></span> <span class='ocrx_word' id='word_1_36' title='bbox 416 1502 554 1575; x_wconf 85' lang='lat' dir='ltr'><strong>Remus</strong></span> <span class='ocrx_word' id='word_1_37' title='bbox 589 1499 739 1574; x_wconf 88' lang='lat' dir='ltr'><strong>luerunt</strong></span> <span class='ocrx_word' id='word_1_38' title='bbox 771 1499 903 1575; x_wconf 83' lang='lat' dir='ltr'><strong>iratres</strong></span> <span class='ocrx_word' id='word_1_39' title='bbox 925 1497 1087 1594; x_wconf 85' lang='lat' dir='ltr'><strong>gemelli,</strong></span> <span class='ocrx_word' id='word_1_40' title='bbox 1114 1496 1225 1574; x_wconf 87' lang='lat' dir='ltr'><strong>ambo</strong></span> <span class='ocrx_word' id='word_1_41' title='bbox 1251 1497 1320 1574; x_wconf 87' lang='lat' dir='ltr'><strong>viri</strong></span> <span class='ocrx_word' id='word_1_42' title='bbox 1349 1499 1463 1574; x_wconf 84' lang='lat' dir='ltr'><strong>sortes</strong></span> <span class='ocrx_word' id='word_1_43' title='bbox 1488 1506 1525 1575; x_wconf 91' lang='lat' dir='ltr'><strong>et</strong></span> 
     </span>
     <span class='ocr_line' id='line_1_7' title="bbox 354 1619 1526 1716; baseline -0.003 -20"><span class='ocrx_word' id='word_1_44' title='bbox 354 1621 505 1716; x_wconf 87' lang='lat' dir='ltr'><strong>strenui,</strong></span> <span class='ocrx_word' id='word_1_45' title='bbox 539 1627 576 1696; x_wconf 88' lang='lat' dir='ltr'><strong>et</strong></span> <span class='ocrx_word' id='word_1_46' title='bbox 601 1620 784 1716; x_wconf 74' lang='lat' dir='ltr'><strong>praecipue</strong></span> <span class='ocrx_word' id='word_1_47' title='bbox 813 1620 994 1694; x_wconf 83' lang='lat' dir='ltr'><strong>Romulus</strong></span> <span class='ocrx_word' id='word_1_48' title='bbox 1024 1619 1282 1716; x_wconf 82' lang='lat' dir='ltr'><strong>magnanimus</strong></span> <span class='ocrx_word' id='word_1_49' title='bbox 1313 1627 1351 1694; x_wconf 89' lang='lat' dir='ltr'><strong>et</strong></span> <span class='ocrx_word' id='word_1_50' title='bbox 1381 1619 1526 1716; x_wconf 88' lang='lat' dir='ltr'><strong>magui-</strong></span> 
     </span>
     <span class='ocr_line' id='line_1_8' title="bbox 356 1739 1525 1837; baseline -0.001 -23"><span class='ocrx_word' id='word_1_51' title='bbox 356 1740 458 1835; x_wconf 81' lang='lat' dir='ltr'><strong>dcm,</strong></span> <span class='ocrx_word' id='word_1_52' title='bbox 485 1761 551 1816; x_wconf 89' lang='lat' dir='ltr'><strong>rex</strong></span> <span class='ocrx_word' id='word_1_53' title='bbox 585 1739 701 1816; x_wconf 81' lang='lat' dir='ltr'><strong>victor</strong></span> <span class='ocrx_word' id='word_1_54' title='bbox 736 1759 880 1837; x_wconf 83' lang='lat' dir='ltr'><strong>rogum,</strong></span> <span class='ocrx_word' id='word_1_55' title='bbox 912 1739 1007 1815; x_wconf 91' lang='lat' dir='ltr'><strong>sicut</strong></span> <span class='ocrx_word' id='word_1_56' title='bbox 1037 1739 1177 1814; x_wconf 90' lang='lat' dir='ltr'><strong>dictum</strong></span> <span class='ocrx_word' id='word_1_57' title='bbox 1202 1746 1258 1814; x_wconf 80' lang='grc' dir='ltr'><strong>θεῖ</strong></span> <span class='ocrx_word' id='word_1_58' title='bbox 1288 1759 1400 1835; x_wconf 90' lang='lat' dir='ltr'><strong>supra</strong></span> <span class='ocrx_word' id='word_1_59' title='bbox 1425 1739 1525 1836; x_wconf 87' lang='lat' dir='ltr'><strong>capi·</strong></span> 
     </span>
     <span class='ocr_line' id='line_1_9' title="bbox 355 1859 1525 1955; baseline 0 -21"><span class='ocrx_word' id='word_1_60' title='bbox 355 1861 432 1934; x_wconf 91' lang='lat' dir='ltr'><strong>tulo</strong></span> <span class='ocrx_word' id='word_1_61' title='bbox 457 1859 514 1954; x_wconf 85' lang='lat' dir='ltr'><strong>Vl,</strong></span> <span class='ocrx_word' id='word_1_62' title='bbox 539 1865 576 1935; x_wconf 88' lang='lat' dir='ltr'><strong>et</strong></span> <span class='ocrx_word' id='word_1_63' title='bbox 601 1865 725 1935; x_wconf 85' lang='lat' dir='ltr'><strong>tamen</strong></span> <span class='ocrx_word' id='word_1_64' title='bbox 752 1859 825 1934; x_wconf 92' lang='lat' dir='ltr'><strong>nati</strong></span> <span class='ocrx_word' id='word_1_65' title='bbox 851 1866 936 1934; x_wconf 88' lang='lat' dir='ltr'><strong>suut</strong></span> <span class='ocrx_word' id='word_1_66' title='bbox 962 1880 1008 1934; x_wconf 87' lang='lat' dir='ltr'><strong>ex</strong></span> <span class='ocrx_word' id='word_1_67' title='bbox 1035 1865 1111 1934; x_wconf 87' lang='lat' dir='ltr'><strong>tam</strong></span> <span class='ocrx_word' id='word_1_68' title='bbox 1136 1859 1198 1933; x_wconf 85' lang='lat' dir='ltr'><strong>vili</strong></span> <span class='ocrx_word' id='word_1_69' title='bbox 1223 1865 1329 1955; x_wconf 84' lang='lat' dir='ltr'><strong>patre</strong></span> <span class='ocrx_word' id='word_1_70' title='bbox 1354 1860 1453 1954; x_wconf 85' lang='lat' dir='ltr'><strong>quod</strong></span> <span class='ocrx_word' id='word_1_71' title='bbox 1478 1860 1525 1934; x_wconf 90' lang='lat' dir='ltr'><strong>ad</strong></span> 
     </span>
     <span class='ocr_line' id='line_1_10' title="bbox 329 1979 1526 2076; baseline 0.005 -28"><span class='ocrx_word' id='word_1_72' title='bbox 329 1979 543 2057; x_wconf 90' lang='lat' dir='ltr'><strong>.celandam</strong></span> <span class='ocrx_word' id='word_1_73' title='bbox 569 1980 755 2054; x_wconf 79' lang='lat' dir='ltr'><strong>infamiam</strong></span> <span class='ocrx_word' id='word_1_74' title='bbox 791 1979 906 2076; x_wconf 91' lang='lat' dir='ltr'><strong>turpis</strong></span> <span class='ocrx_word' id='word_1_75' title='bbox 939 1980 1109 2056; x_wconf 85' lang='lat' dir='ltr'><strong>adulterii</strong></span> <span class='ocrx_word' id='word_1_76' title='bbox 1133 1979 1272 2055; x_wconf 88' lang='lat' dir='ltr'><strong>dictum</strong></span> <span class='ocrx_word' id='word_1_77' title='bbox 1298 1985 1415 2056; x_wconf 87' lang='lat' dir='ltr'><strong>estet</strong></span> <span class='ocrx_word' id='word_1_78' title='bbox 1442 1999 1526 2055; x_wconf 89' lang='lat' dir='ltr'><strong>oro-</strong></span> 
     </span>
     <span class='ocr_line' id='line_1_11' title="bbox 355 2095 1525 2199; baseline -0.003 -22"><span class='ocrx_word' id='word_1_79' title='bbox 355 2101 614 2197; x_wconf 78' lang='lat' dir='ltr'><strong>ditum‘vulgo‚</strong></span> <span class='ocrx_word' id='word_1_80' title='bbox 635 2102 735 2196; x_wconf 89' lang='lat' dir='ltr'><strong>quod</strong></span> <span class='ocrx_word' id='word_1_81' title='bbox 759 2107 865 2176; x_wconf 89' lang='lat' dir='ltr'><strong>erant</strong></span> <span class='ocrx_word' id='word_1_82' title='bbox 889 2101 951 2175; x_wconf 90' lang='lat' dir='ltr'><strong>tilii</strong></span> <span class='ocrx_word' id='word_1_83' title='bbox 978 2102 1215 2199; x_wconf 87' lang='lat' dir='ltr'><strong>potentissimi</strong></span> <span class='ocrx_word' id='word_1_84' title='bbox 1231 2095 1268 2195; x_wconf 84' lang='lat'><strong>(¹)</strong></span> <span class='ocrx_word' id='word_1_85' title='bbox 1287 2101 1364 2196; x_wconf 86' lang='lat' dir='ltr'><strong>Dei,</strong></span> <span class='ocrx_word' id='word_1_86' title='bbox 1390 2100 1525 2176; x_wconf 89' lang='lat' dir='ltr'><strong>scilicet</strong></span> 
     </span>
     <span class='ocr_line' id='line_1_12' title="bbox 354 2221 1521 2326; baseline -0.001 -30"><span class='ocrx_word' id='word_1_87' title='bbox 354 2223 485 2297; x_wconf 88' lang='lat' dir='ltr'><strong>Martis.</strong></span> <span class='ocrx_word' id='word_1_88' title='bbox 519 2222 611 2298; x_wconf 87' lang='lat' dir='ltr'><strong>Dicit</strong></span> <span class='ocrx_word' id='word_1_89' title='bbox 642 2243 755 2318; x_wconf 89' lang='lat' dir='ltr'><strong>ergo:</strong></span> <span class='ocrx_word' id='word_1_90' title='bbox 790 2245 809 2297; x_wconf 83' lang='lat' dir='ltr'><strong>e</strong></span> <span class='ocrx_word' id='word_1_91' title='bbox 840 2227 917 2297; x_wconf 82' lang='lat' dir='ltr'><strong>vicu</strong></span> <span class='ocrx_word' id='word_1_92' title='bbox 947 2226 1105 2326; x_wconf 75' lang='grc' dir='ltr'><strong>(ῖιῖῖνίηθ,</strong></span> <span class='ocrx_word' id='word_1_93' title='bbox 1131 2222 1233 2318; x_wconf 86' lang='lat' dir='ltr'><strong>idest,</strong></span> <span class='ocrx_word' id='word_1_94' title='bbox 1260 2222 1442 2297; x_wconf 86' lang='lat' dir='ltr'><strong>Romulus</strong></span> <span class='ocrx_word' id='word_1_95' title='bbox 1470 2221 1521 2296; x_wconf 92' lang='lat' dir='ltr'><strong>sic</strong></span> 
     </span>
     <span class='ocr_line' id='line_1_13' title="bbox 351 2341 1525 2438; baseline -0.001 -21"><span class='ocrx_word' id='word_1_96' title='bbox 351 2342 469 2418; x_wconf 91' lang='lat' dir='ltr'><strong>dictus</strong></span> <span class='ocrx_word' id='word_1_97' title='bbox 494 2341 580 2437; x_wconf 88' lang='lat' dir='ltr'><strong>quia</strong></span> <span class='ocrx_word' id='word_1_98' title='bbox 598 2344 761 2418; x_wconf 87' lang='lat' dir='ltr'><strong>hastatus</strong></span> <span class='ocrx_word' id='word_1_99' title='bbox 787 2343 925 2418; x_wconf 84' lang='lat' dir='ltr'><strong>solebat</strong></span> <span class='ocrx_word' id='word_1_100' title='bbox 950 2343 1142 2437; x_wconf 82' lang='lat' dir='ltr'><strong>incedere3</strong></span> <span class='ocrx_word' id='word_1_101' title='bbox 1162 2363 1246 2419; x_wconf 90' lang='lat' dir='ltr'><strong>nam</strong></span> <span class='ocrx_word' id='word_1_102' title='bbox 1269 2343 1384 2438; x_wconf 87' lang='lat' dir='ltr'><strong>quiris</strong></span> <span class='ocrx_word' id='word_1_103' title='bbox 1401 2342 1438 2416; x_wconf 92' lang='lat' dir='ltr'><strong>in</strong></span> <span class='ocrx_word' id='word_1_104' title='bbox 1456 2342 1525 2416; x_wconf 90' lang='lat' dir='ltr'><strong>liu-</strong></span> 
     </span>
     <span class='ocr_line' id='line_1_14' title="bbox 307 2455 1521 2560; baseline 0.001 -24"><span class='ocrx_word' id='word_1_105' title='bbox 307 2519 310 2526; x_wconf 92' lang='lat'><em>.</em></span> <span class='ocrx_word' id='word_1_106' title='bbox 351 2484 426 2560; x_wconf 87' lang='lat' dir='ltr'><strong>gua</strong></span> <span class='ocrx_word' id='word_1_107' title='bbox 451 2463 578 2538; x_wconf 89' lang='lat' dir='ltr'><strong>sabina</strong></span> <span class='ocrx_word' id='word_1_108' title='bbox 606 2461 703 2538; x_wconf 91' lang='lat' dir='ltr'><strong>idem</strong></span> <span class='ocrx_word' id='word_1_109' title='bbox 729 2462 907 2557; x_wconf 87' lang='lat' dir='ltr'><strong>estquod</strong></span> <span class='ocrx_word' id='word_1_110' title='bbox 939 2464 1042 2538; x_wconf 88' lang='lat' dir='ltr'><strong>hasta</strong></span> <span class='ocrx_word' id='word_1_111' title='bbox 1055 2487 1065 2557; x_wconf 92' lang='lat'>;</span> <span class='ocrx_word' id='word_1_112' title='bbox 1097 2465 1148 2536; x_wconf 88' lang='lat' dir='ltr'><strong>du</strong></span> <span class='ocrx_word' id='word_1_113' title='bbox 1171 2455 1202 2535; x_wconf 78' lang='lat' dir='ltr'><strong>sl</strong></span> <span class='ocrx_word' id='word_1_114' title='bbox 1227 2465 1275 2535; x_wconf 78' lang='lat' dir='ltr'><strong>ott</strong></span> <span class='ocrx_word' id='word_1_115' title='bbox 1293 2464 1424 2554; x_wconf 83' lang='lat' dir='ltr'><strong>padre,</strong></span> <span class='ocrx_word' id='word_1_116' title='bbox 1451 2463 1521 2538; x_wconf 88' lang='lat' dir='ltr'><strong>sci-</strong></span> 
     </span>
     <span class='ocr_line' id='line_1_15' title="bbox 352 2581 1525 2678; baseline 0.001 -24"><span class='ocrx_word' id='word_1_117' title='bbox 352 2581 435 2657; x_wconf 92' lang='lat' dir='ltr'><strong>licet</strong></span> <span class='ocrx_word' id='word_1_118' title='bbox 459 2603 505 2658; x_wconf 82' lang='lat' dir='ltr'><strong>en</strong></span> <span class='ocrx_word' id='word_1_119' title='bbox 531 2582 721 2658; x_wconf 87' lang='lat' dir='ltr'><strong>sacerdote</strong></span> <span class='ocrx_word' id='word_1_120' title='bbox 752 2582 825 2678; x_wconf 84' lang='lat' dir='ltr'><strong>vili,</strong></span> <span class='ocrx_word' id='word_1_121' title='bbox 859 2583 987 2678; x_wconf 92' lang='lat' dir='ltr'><strong>otioso,</strong></span> <span class='ocrx_word' id='word_1_122' title='bbox 1021 2584 1083 2659; x_wconf 92' lang='lat' dir='ltr'><strong>ubi</strong></span> <span class='ocrx_word' id='word_1_123' title='bbox 1116 2583 1297 2658; x_wconf 88' lang='lat' dir='ltr'><strong>Romulus</strong></span> <span class='ocrx_word' id='word_1_124' title='bbox 1329 2582 1397 2656; x_wconf 88' lang='lat' dir='ltr'><strong>luit</strong></span> <span class='ocrx_word' id='word_1_125' title='bbox 1422 2582 1525 2657; x_wconf 89' lang='lat' dir='ltr'><strong>belli·</strong></span> 
     </span>
     <span class='ocr_line' id='line_1_16' title="bbox 351 2702 1524 2799; baseline -0.002 -22"><span class='ocrx_word' id='word_1_126' title='bbox 351 2723 471 2796; x_wconf 91' lang='lat' dir='ltr'><strong>oosus,</strong></span> <span class='ocrx_word' id='word_1_127' title='bbox 497 2703 692 2799; x_wconf 84' lang='lat' dir='ltr'><strong>inquietus,</strong></span> <span class='ocrx_word' id='word_1_128' title='bbox 718 2706 777 2778; x_wconf 82' lang='lat' dir='ltr'><strong>cle</strong></span> <span class='ocrx_word' id='word_1_129' title='bbox 802 2708 832 2778; x_wconf 82' lang='lat' dir='ltr'><strong>st</strong></span> <span class='ocrx_word' id='word_1_130' title='bbox 856 2707 964 2779; x_wconf 69' lang='lat' dir='ltr'><strong>ratde</strong></span> <span class='ocrx_word' id='word_1_131' title='bbox 988 2726 1012 2778; x_wconf 87' lang='lat' dir='ltr'><strong>u</strong></span> <span class='ocrx_word' id='word_1_132' title='bbox 1039 2709 1176 2798; x_wconf 58' lang='lat' dir='ltr'><strong>aare·</strong></span> <span class='ocrx_word' id='word_1_133' title='bbox 1201 2702 1265 2778; x_wconf 88' lang='lat' dir='ltr'><strong>sed</strong></span> <span class='ocrx_word' id='word_1_134' title='bbox 1290 2721 1379 2779; x_wconf 86' lang='lat' dir='ltr'><strong>vere</strong></span> <span class='ocrx_word' id='word_1_135' title='bbox 1405 2703 1524 2798; x_wconf 90' lang='lat' dir='ltr'><strong>potuit</strong></span> 
     </span>
     <span class='ocr_line' id='line_1_17' title="bbox 350 2821 1530 2920; baseline -0.002 -24"><span class='ocrx_word' id='word_1_136' title='bbox 350 2821 420 2898; x_wconf 90' lang='lat' dir='ltr'><strong>dici</strong></span> <span class='ocrx_word' id='word_1_137' title='bbox 446 2822 539 2902; x_wconf 86' lang='lat' dir='ltr'><strong>lilius</strong></span> <span class='ocrx_word' id='word_1_138' title='bbox 565 2824 698 2919; x_wconf 89' lang='lat' dir='ltr'><strong>Martis,</strong></span> <span class='ocrx_word' id='word_1_139' title='bbox 723 2823 810 2918; x_wconf 89' lang='lat' dir='ltr'><strong>quia</strong></span> <span class='ocrx_word' id='word_1_140' title='bbox 836 2823 989 2900; x_wconf 87' lang='lat' dir='ltr'><strong>bellator</strong></span> <span class='ocrx_word' id='word_1_141' title='bbox 1017 2823 1232 2900; x_wconf 86' lang='lat' dir='ltr'><strong>victoriosus</strong></span> <span class='ocrx_word' id='word_1_142' title='bbox 1256 2829 1295 2899; x_wconf 91' lang='lat' dir='ltr'><strong>et</strong></span> <span class='ocrx_word' id='word_1_143' title='bbox 1325 2830 1436 2899; x_wconf 88' lang='lat' dir='ltr'><strong>autor</strong></span> <span class='ocrx_word' id='word_1_144' title='bbox 1458 2845 1530 2920; x_wconf 89' lang='lat' dir='ltr'><strong>po·.</strong></span> 
     </span>
     <span class='ocr_line' id='line_1_18' title="bbox 352 2942 1523 3038; baseline 0.001 -22"><span class='ocrx_word' id='word_1_145' title='bbox 352 2942 426 3038; x_wconf 93' lang='lat' dir='ltr'><strong>puli</strong></span> <span class='ocrx_word' id='word_1_146' title='bbox 451 2943 611 3019; x_wconf 86' lang='lat' dir='ltr'><strong>bellicosi</strong></span> <span class='ocrx_word' id='word_1_147' title='bbox 636 2944 789 3018; x_wconf 89' lang='lat' dir='ltr'><strong>romani.</strong></span> <span class='ocrx_word' id='word_1_148' title='bbox 815 2944 892 3019; x_wconf 86' lang='lat' dir='ltr'><strong>Hoc</strong></span> <span class='ocrx_word' id='word_1_149' title='bbox 917 2945 1027 3020; x_wconf 89' lang='lat' dir='ltr'><strong>etiam</strong></span> <span class='ocrx_word' id='word_1_150' title='bbox 1055 2945 1181 3020; x_wconf 87' lang='lat' dir='ltr'><strong>lictum</strong></span> <span class='ocrx_word' id='word_1_151' title='bbox 1208 2951 1264 3020; x_wconf 88' lang='lat' dir='ltr'><strong>est</strong></span> <span class='ocrx_word' id='word_1_152' title='bbox 1288 2944 1334 3020; x_wconf 90' lang='lat' dir='ltr'><strong>ad</strong></span> <span class='ocrx_word' id='word_1_153' title='bbox 1354 2943 1523 3019; x_wconf 89' lang='lat' dir='ltr'><strong>animan-</strong></span> 
     </span>
     <span class='ocr_line' id='line_1_19' title="bbox 351 3063 1522 3160; baseline 0 -22"><span class='ocrx_word' id='word_1_154' title='bbox 351 3063 440 3138; x_wconf 92' lang='lat' dir='ltr'><strong>dum</strong></span> <span class='ocrx_word' id='word_1_155' title='bbox 466 3065 642 3160; x_wconf 92' lang='lat' dir='ltr'><strong>populum</strong></span> <span class='ocrx_word' id='word_1_156' title='bbox 673 3066 720 3140; x_wconf 91' lang='lat' dir='ltr'><strong>ad</strong></span> <span class='ocrx_word' id='word_1_157' title='bbox 754 3065 929 3141; x_wconf 80' lang='lat' dir='ltr'><strong>virtutem</strong></span> <span class='ocrx_word' id='word_1_158' title='bbox 955 3065 1192 3160; x_wconf 81' lang='lat' dir='ltr'><strong>tortitudinis3</strong></span> <span class='ocrx_word' id='word_1_159' title='bbox 1223 3065 1288 3140; x_wconf 89' lang='lat' dir='ltr'><strong>sed</strong></span> <span class='ocrx_word' id='word_1_160' title='bbox 1318 3064 1414 3140; x_wconf 89' lang='lat' dir='ltr'><strong>sicut</strong></span> <span class='ocrx_word' id='word_1_161' title='bbox 1438 3063 1522 3140; x_wconf 87' lang='lat' dir='ltr'><strong>ficte</strong></span> 
     </span>
     <span class='ocr_line' id='line_1_20' title="bbox 351 3183 1522 3280; baseline 0 -23"><span class='ocrx_word' id='word_1_162' title='bbox 351 3189 458 3258; x_wconf 89' lang='lat' dir='ltr'><strong>natus</strong></span> <span class='ocrx_word' id='word_1_163' title='bbox 484 3189 538 3260; x_wconf 88' lang='lat' dir='ltr'><strong>est</strong></span> <span class='ocrx_word' id='word_1_164' title='bbox 563 3205 611 3260; x_wconf 81' lang='lat' dir='ltr'><strong>ex</strong></span> <span class='ocrx_word' id='word_1_165' title='bbox 636 3184 722 3279; x_wconf 86' lang='lat' dir='ltr'><strong>Deo,</strong></span> <span class='ocrx_word' id='word_1_166' title='bbox 754 3183 803 3260; x_wconf 89' lang='lat' dir='ltr'><strong>ita</strong></span> <span class='ocrx_word' id='word_1_167' title='bbox 839 3184 921 3260; x_wconf 85' lang='lat' dir='ltr'><strong>ficte</strong></span> <span class='ocrx_word' id='word_1_168' title='bbox 952 3185 1069 3261; x_wconf 85' lang='lat' dir='ltr'><strong>sactus</strong></span> <span class='ocrx_word' id='word_1_169' title='bbox 1101 3192 1156 3261; x_wconf 91' lang='grc' dir='ltr'><strong>θεῖ</strong></span> <span class='ocrx_word' id='word_1_170' title='bbox 1190 3185 1288 3260; x_wconf 83' lang='lat' dir='ltr'><strong>Deus</strong></span> <span class='ocrx_word' id='word_1_171' title='bbox 1314 3189 1394 3280; x_wconf 88' lang='lat' dir='ltr'><strong>post</strong></span> <span class='ocrx_word' id='word_1_172' title='bbox 1420 3203 1522 3258; x_wconf 88' lang='lat' dir='ltr'><strong>mor-</strong></span> 
     </span>
     <span class='ocr_line' id='line_1_21' title="bbox 349 3305 1524 3402; baseline -0.001 -21"><span class='ocrx_word' id='word_1_173' title='bbox 349 3313 434 3382; x_wconf 90' lang='lat' dir='ltr'><strong>tem.</strong></span> <span class='ocrx_word' id='word_1_174' title='bbox 448 3347 498 3360; x_wconf 93' lang='lat'>—</span> <span class='ocrx_word' id='word_1_175' title='bbox 511 3309 660 3380; x_wconf 86' lang='lat' dir='ltr'><strong>Natura.</strong></span> <span class='ocrx_word' id='word_1_176' title='bbox 687 3307 751 3380; x_wconf 89' lang='lat' dir='ltr'><strong>llic</strong></span> <span class='ocrx_word' id='word_1_177' title='bbox 776 3307 927 3382; x_wconf 87' lang='lat' dir='ltr'><strong>Carolus</strong></span> <span class='ocrx_word' id='word_1_178' title='bbox 952 3306 1109 3382; x_wconf 86' lang='lat' dir='ltr'><strong>ostendit</strong></span> <span class='ocrx_word' id='word_1_179' title='bbox 1133 3306 1321 3402; x_wconf 82' lang='lat' dir='ltr'><strong>quomodo</strong></span> <span class='ocrx_word' id='word_1_180' title='bbox 1343 3305 1440 3381; x_wconf 89' lang='lat' dir='ltr'><strong>dicta</strong></span> <span class='ocrx_word' id='word_1_181' title='bbox 1456 3326 1524 3380; x_wconf 90' lang='lat' dir='ltr'><strong>na·</strong></span> 
     </span>
     <span class='ocr_line' id='line_1_22' title="bbox 350 3423 1523 3502; baseline -0.002 -2"><span class='ocrx_word' id='word_1_182' title='bbox 350 3433 432 3501; x_wconf 88' lang='lat' dir='ltr'><strong>tura</strong></span> <span class='ocrx_word' id='word_1_183' title='bbox 470 3425 626 3501; x_wconf 84' lang='lat' dir='ltr'><strong>ooelestis</strong></span> <span class='ocrx_word' id='word_1_184' title='bbox 664 3425 775 3500; x_wconf 89' lang='lat' dir='ltr'><strong>vincit</strong></span> <span class='ocrx_word' id='word_1_185' title='bbox 813 3431 984 3502; x_wconf 88' lang='lat' dir='ltr'><strong>naturam</strong></span> <span class='ocrx_word' id='word_1_186' title='bbox 1023 3428 1236 3502; x_wconf 91' lang='lat' dir='ltr'><strong>humanam.</strong></span> <span class='ocrx_word' id='word_1_187' title='bbox 1271 3427 1315 3500; x_wconf 85' lang='lat' dir='ltr'><strong>Et</strong></span> <span class='ocrx_word' id='word_1_188' title='bbox 1342 3425 1391 3500; x_wconf 91' lang='lat' dir='ltr'><strong>ad</strong></span> <span class='ocrx_word' id='word_1_189' title='bbox 1416 3423 1523 3499; x_wconf 91' lang='lat' dir='ltr'><strong>intel-</strong></span> 
     </span>
     <span class='ocr_line' id='line_1_23' title="bbox 350 3544 1522 3642; baseline -0.001 -22"><span class='ocrx_word' id='word_1_190' title='bbox 350 3546 486 3621; x_wconf 85' lang='lat' dir='ltr'><strong>lectum</strong></span> <span class='ocrx_word' id='word_1_191' title='bbox 505 3545 615 3620; x_wconf 91' lang='lat' dir='ltr'><strong>huius</strong></span> <span class='ocrx_word' id='word_1_192' title='bbox 634 3545 749 3620; x_wconf 85' lang='lat' dir='ltr'><strong>literae</strong></span> <span class='ocrx_word' id='word_1_193' title='bbox 766 3552 821 3621; x_wconf 84' lang='lat' dir='ltr'><strong>est</strong></span> <span class='ocrx_word' id='word_1_194' title='bbox 837 3547 932 3621; x_wconf 88' lang='lat' dir='ltr'><strong>bene</strong></span> <span class='ocrx_word' id='word_1_195' title='bbox 950 3547 1163 3642; x_wconf 84' lang='lat' dir='ltr'><strong>notandum,</strong></span> <span class='ocrx_word' id='word_1_196' title='bbox 1181 3546 1281 3642; x_wconf 88' lang='lat' dir='ltr'><strong>quod</strong></span> <span class='ocrx_word' id='word_1_197' title='bbox 1297 3545 1382 3621; x_wconf 86' lang='lat' dir='ltr'><strong>licet</strong></span> <span class='ocrx_word' id='word_1_198' title='bbox 1398 3544 1522 3621; x_wconf 90' lang='lat' dir='ltr'><strong>anima</strong></span> 
     </span>
     <span class='ocr_line' id='line_1_24' title="bbox 348 3663 1523 3761; baseline 0 -21"><span class='ocrx_word' id='word_1_199' title='bbox 348 3663 557 3760; x_wconf 86' lang='lat' dir='ltr'><strong>generantis</strong></span> <span class='ocrx_word' id='word_1_200' title='bbox 582 3664 746 3740; x_wconf 78' lang='lat' dir='ltr'><strong>infundat</strong></span> <span class='ocrx_word' id='word_1_201' title='bbox 773 3665 947 3741; x_wconf 89' lang='lat' dir='ltr'><strong>virtutem</strong></span> <span class='ocrx_word' id='word_1_202' title='bbox 973 3685 1078 3740; x_wconf 91' lang='lat' dir='ltr'><strong>suam</strong></span> <span class='ocrx_word' id='word_1_203' title='bbox 1106 3687 1191 3760; x_wconf 87' lang='lat' dir='ltr'><strong>quae</strong></span> <span class='ocrx_word' id='word_1_204' title='bbox 1209 3674 1264 3740; x_wconf 90' lang='lat' dir='ltr'><strong>est</strong></span> <span class='ocrx_word' id='word_1_205' title='bbox 1284 3665 1320 3739; x_wconf 89' lang='lat' dir='ltr'><strong>in</strong></span> <span class='ocrx_word' id='word_1_206' title='bbox 1338 3671 1523 3761; x_wconf 86' lang='lat' dir='ltr'><strong>spermate</strong></span> 
     </span>
     <span class='ocr_line' id='line_1_25' title="bbox 304 3784 1578 3879; baseline 0.002 -21"><span class='ocrx_word' id='word_1_207' title='bbox 304 3839 309 3850; x_wconf 93' lang='lat'>.</span> <span class='ocrx_word' id='word_1_208' title='bbox 348 3784 394 3858; x_wconf 92' lang='lat' dir='ltr'><strong>ad</strong></span> <span class='ocrx_word' id='word_1_209' title='bbox 420 3784 677 3860; x_wconf 80' lang='lat' dir='ltr'><strong>formationem</strong></span> <span class='ocrx_word' id='word_1_210' title='bbox 702 3785 775 3879; x_wconf 85' lang='lat' dir='ltr'><strong>lilii,</strong></span> <span class='ocrx_word' id='word_1_211' title='bbox 802 3806 875 3861; x_wconf 92' lang='lat' dir='ltr'><strong>nou</strong></span> <span class='ocrx_word' id='word_1_212' title='bbox 905 3793 1028 3861; x_wconf 92' lang='lat' dir='ltr'><strong>tamen</strong></span> <span class='ocrx_word' id='word_1_213' title='bbox 1057 3786 1120 3861; x_wconf 90' lang='lat' dir='ltr'><strong>dat</strong></span> <span class='ocrx_word' id='word_1_214' title='bbox 1146 3785 1371 3861; x_wconf 87' lang='lat' dir='ltr'><strong>intellectum</strong></span> <span class='ocrx_word' id='word_1_215' title='bbox 1397 3792 1436 3860; x_wconf 91' lang='lat' dir='ltr'><strong>et</strong></span> <span class='ocrx_word' id='word_1_216' title='bbox 1462 3805 1522 3860; x_wconf 89' lang='lat' dir='ltr'><strong>ra·</strong></span> <span class='ocrx_word' id='word_1_217' title='bbox 1572 3797 1578 3809; x_wconf 86' lang='lat'>&#39;</span> 
     </span>
     <span class='ocr_line' id='line_1_26' title="bbox 350 3904 1520 4002; baseline 0.002 -24"><span class='ocrx_word' id='word_1_218' title='bbox 350 3904 497 3999; x_wconf 88' lang='lat' dir='ltr'><strong>tionem,</strong></span> <span class='ocrx_word' id='word_1_219' title='bbox 516 3905 602 3999; x_wconf 91' lang='lat' dir='ltr'><strong>quia</strong></span> <span class='ocrx_word' id='word_1_220' title='bbox 624 3905 732 3979; x_wconf 88' lang='lat' dir='ltr'><strong>datur</strong></span> <span class='ocrx_word' id='word_1_221' title='bbox 758 3905 805 3980; x_wconf 90' lang='lat' dir='ltr'><strong>ab</strong></span> <span class='ocrx_word' id='word_1_222' title='bbox 831 3912 956 4000; x_wconf 82' lang='lat' dir='ltr'><strong>extra3</strong></span> <span class='ocrx_word' id='word_1_223' title='bbox 982 3913 1096 3981; x_wconf 79' lang='lat' dir='ltr'><strong>otest</strong></span> <span class='ocrx_word' id='word_1_224' title='bbox 1117 3927 1175 3982; x_wconf 88' lang='lat' dir='ltr'><strong>res</strong></span> <span class='ocrx_word' id='word_1_225' title='bbox 1193 3912 1372 4002; x_wconf 89' lang='lat' dir='ltr'><strong>separata,</strong></span> <span class='ocrx_word' id='word_1_226' title='bbox 1390 3904 1520 4000; x_wconf 90' lang='lat' dir='ltr'><strong>inqua</strong></span> 
     </span>
     <span class='ocr_line' id='line_1_27' title="bbox 349 4025 1520 4123; baseline -0.002 -22"><span class='ocrx_word' id='word_1_227' title='bbox 349 4031 404 4101; x_wconf 85' lang='lat' dir='ltr'><strong>est</strong></span> <span class='ocrx_word' id='word_1_228' title='bbox 430 4025 599 4101; x_wconf 85' lang='lat' dir='ltr'><strong>voluntas</strong></span> <span class='ocrx_word' id='word_1_229' title='bbox 624 4032 662 4100; x_wconf 90' lang='lat' dir='ltr'><strong>et</strong></span> <span class='ocrx_word' id='word_1_230' title='bbox 686 4025 834 4102; x_wconf 88' lang='lat' dir='ltr'><strong>libertas</strong></span> <span class='ocrx_word' id='word_1_231' title='bbox 859 4025 1011 4121; x_wconf 88' lang='lat' dir='ltr'><strong>arbitrii,</strong></span> <span class='ocrx_word' id='word_1_232' title='bbox 1039 4047 1105 4122; x_wconf 86' lang='lat' dir='ltr'><strong>per</strong></span> <span class='ocrx_word' id='word_1_233' title='bbox 1130 4048 1244 4123; x_wconf 89' lang='lat' dir='ltr'><strong>quam</strong></span> <span class='ocrx_word' id='word_1_234' title='bbox 1274 4027 1370 4103; x_wconf 88' lang='lat' dir='ltr'><strong>lilius</strong></span> <span class='ocrx_word' id='word_1_235' title='bbox 1401 4031 1520 4123; x_wconf 79' lang='lat' dir='ltr'><strong>potest</strong></span> 
     </span>
     <span class='ocr_line' id='line_1_28' title="bbox 347 4145 1519 4243; baseline -0.001 -23"><span class='ocrx_word' id='word_1_236' title='bbox 347 4145 575 4242; x_wconf 78' lang='lat' dir='ltr'><strong>degenerare</strong></span> <span class='ocrx_word' id='word_1_237' title='bbox 599 4165 621 4220; x_wconf 91' lang='lat' dir='ltr'><strong>a</strong></span> <span class='ocrx_word' id='word_1_238' title='bbox 647 4152 752 4241; x_wconf 87' lang='lat' dir='ltr'><strong>patre</strong></span> <span class='ocrx_word' id='word_1_239' title='bbox 778 4147 814 4220; x_wconf 90' lang='lat' dir='ltr'><strong>in</strong></span> <span class='ocrx_word' id='word_1_240' title='bbox 840 4147 976 4223; x_wconf 84' lang='lat' dir='ltr'><strong>virtute</strong></span> <span class='ocrx_word' id='word_1_241' title='bbox 1001 4154 1039 4224; x_wconf 91' lang='lat' dir='ltr'><strong>et</strong></span> <span class='ocrx_word' id='word_1_242' title='bbox 1064 4149 1242 4243; x_wconf 87' lang='lat' dir='ltr'><strong>moribus,</strong></span> <span class='ocrx_word' id='word_1_243' title='bbox 1268 4147 1383 4223; x_wconf 91' lang='lat' dir='ltr'><strong>immo</strong></span> <span class='ocrx_word' id='word_1_244' title='bbox 1409 4146 1519 4223; x_wconf 87' lang='lat' dir='ltr'><strong>etiarn</strong></span> 
     </span>
     <span class='ocr_line' id='line_1_29' title="bbox 347 4264 1521 4366; baseline 0.001 -26"><span class='ocrx_word' id='word_1_245' title='bbox 347 4285 444 4362; x_wconf 87' lang='lat' dir='ltr'><strong>saepe</strong></span> <span class='ocrx_word' id='word_1_246' title='bbox 469 4264 668 4362; x_wconf 77' lang='lat' dir='ltr'><strong>degenerat</strong></span> <span class='ocrx_word' id='word_1_247' title='bbox 693 4265 730 4341; x_wconf 90' lang='lat' dir='ltr'><strong>iu</strong></span> <span class='ocrx_word' id='word_1_248' title='bbox 756 4267 1009 4362; x_wconf 83' lang='lat' dir='ltr'><strong>complexione</strong></span> <span class='ocrx_word' id='word_1_249' title='bbox 1033 4269 1227 4366; x_wconf 85' lang='lat' dir='ltr'><strong>corporali,</strong></span> <span class='ocrx_word' id='word_1_250' title='bbox 1252 4268 1435 4364; x_wconf 83' lang='lat' dir='ltr'><strong>quianon</strong></span> <span class='ocrx_word' id='word_1_251' title='bbox 1460 4287 1521 4341; x_wconf 88' lang='lat' dir='ltr'><strong>so-</strong></span> 
     </span>
     <span class='ocr_line' id='line_1_30' title="bbox 347 4382 1539 4484; baseline 0.002 -25"><span class='ocrx_word' id='word_1_252' title='bbox 347 4385 425 4460; x_wconf 96' lang='lat' dir='ltr'><strong>lum</strong></span> <span class='ocrx_word' id='word_1_253' title='bbox 451 4391 557 4482; x_wconf 87' lang='lat' dir='ltr'><strong>pater</strong></span> <span class='ocrx_word' id='word_1_254' title='bbox 582 4395 737 4482; x_wconf 87' lang='lat' dir='ltr'><strong>generat</strong></span> <span class='ocrx_word' id='word_1_255' title='bbox 774 4387 902 4483; x_wconf 83' lang='lat' dir='ltr'><strong>filium,</strong></span> <span class='ocrx_word' id='word_1_256' title='bbox 937 4389 1002 4464; x_wconf 87' lang='lat' dir='ltr'><strong>sed</strong></span> <span class='ocrx_word' id='word_1_257' title='bbox 1041 4389 1158 4465; x_wconf 84' lang='lat' dir='ltr'><strong>virtus</strong></span> <span class='ocrx_word' id='word_1_258' title='bbox 1173 4382 1210 4484; x_wconf 82' lang='lat'><strong>(¹)</strong></span> <span class='ocrx_word' id='word_1_259' title='bbox 1236 4390 1321 4465; x_wconf 90' lang='lat' dir='ltr'><strong>solis</strong></span> <span class='ocrx_word' id='word_1_260' title='bbox 1346 4396 1384 4465; x_wconf 88' lang='lat' dir='ltr'><strong>et</strong></span> <span class='ocrx_word' id='word_1_261' title='bbox 1409 4382 1539 4464; x_wconf 83' lang='lat' dir='ltr'><strong>totius</strong></span> 
     </span>
     <span class='ocr_line' id='line_1_31' title="bbox 345 4506 1516 4606; baseline -0.001 -23"><span class='ocrx_word' id='word_1_262' title='bbox 345 4507 438 4583; x_wconf 87' lang='lat' dir='ltr'><strong>ooell.</strong></span> <span class='ocrx_word' id='word_1_263' title='bbox 457 4507 549 4582; x_wconf 79' lang='lat' dir='ltr'><strong>uicit</strong></span> <span class='ocrx_word' id='word_1_264' title='bbox 569 4527 659 4604; x_wconf 91' lang='lat' dir='ltr'><strong>ergo</strong></span> <span class='ocrx_word' id='word_1_265' title='bbox 684 4506 721 4581; x_wconf 91' lang='lat' dir='ltr'><strong>in</strong></span> <span class='ocrx_word' id='word_1_266' title='bbox 747 4507 871 4583; x_wconf 87' lang='lat' dir='ltr'><strong>litera:</strong></span> <span class='ocrx_word' id='word_1_267' title='bbox 898 4512 1038 4585; x_wconf 89' lang='lat' dir='ltr'><strong>Nuturu</strong></span> <span class='ocrx_word' id='word_1_268' title='bbox 1053 4518 1239 4604; x_wconf 80' lang='lat' dir='ltr'><strong>peucrutu,</strong></span> <span class='ocrx_word' id='word_1_269' title='bbox 1257 4530 1369 4606; x_wconf 88' lang='lat' dir='ltr'><strong>quam</strong></span> <span class='ocrx_word' id='word_1_270' title='bbox 1390 4509 1516 4605; x_wconf 89' lang='lat' dir='ltr'><strong>appol·</strong></span> 
     </span>
     <span class='ocr_line' id='line_1_32' title="bbox 346 4627 1517 4725; baseline 0.001 -24"><span class='ocrx_word' id='word_1_271' title='bbox 346 4627 398 4702; x_wconf 88' lang='lat' dir='ltr'><strong>lat</strong></span> <span class='ocrx_word' id='word_1_272' title='bbox 421 4632 636 4724; x_wconf 80' lang='lat' dir='ltr'><strong>generatam</strong></span> <span class='ocrx_word' id='word_1_273' title='bbox 654 4627 700 4701; x_wconf 92' lang='lat' dir='ltr'><strong>ad</strong></span> <span class='ocrx_word' id='word_1_274' title='bbox 717 4627 960 4706; x_wconf 81' lang='lat' dir='ltr'><strong>differentiam</strong></span> <span class='ocrx_word' id='word_1_275' title='bbox 982 4637 1124 4706; x_wconf 85' lang='lat' dir='ltr'><strong>naturae</strong></span> <span class='ocrx_word' id='word_1_276' title='bbox 1153 4631 1320 4725; x_wconf 77' lang='lat' dir='ltr'><strong>scelestis,</strong></span> <span class='ocrx_word' id='word_1_277' title='bbox 1340 4650 1424 4725; x_wconf 80' lang='lat' dir='ltr'><strong>quae</strong></span> <span class='ocrx_word' id='word_1_278' title='bbox 1449 4629 1517 4704; x_wconf 83' lang='lat' dir='ltr'><strong>luit</strong></span> 
     </span>
     <span class='ocr_line' id='line_1_33' title="bbox 346 4741 1517 4848; baseline 0.004 -28"><span class='ocrx_word' id='word_1_279' title='bbox 346 4752 471 4822; x_wconf 87' lang='lat' dir='ltr'><strong>creata</strong></span> <span class='ocrx_word' id='word_1_280' title='bbox 495 4745 542 4822; x_wconf 86' lang='lat' dir='ltr'><strong>de</strong></span> <span class='ocrx_word' id='word_1_281' title='bbox 569 4745 678 4822; x_wconf 86' lang='lat' dir='ltr'><strong>nihilo</strong></span> <span class='ocrx_word' id='word_1_282' title='bbox 704 4746 914 4823; x_wconf 88' lang='lat' dir='ltr'><strong>immediate</strong></span> <span class='ocrx_word' id='word_1_283' title='bbox 938 4770 961 4823; x_wconf 92' lang='lat' dir='ltr'><strong>a</strong></span> <span class='ocrx_word' id='word_1_284' title='bbox 987 4741 1128 4848; x_wconf 55' lang='lat' dir='ltr'><strong>deod),</strong></span> <span class='ocrx_word' id='word_1_285' title='bbox 1148 4757 1189 4826; x_wconf 89' lang='lat' dir='ltr'><strong>ut</strong></span> <span class='ocrx_word' id='word_1_286' title='bbox 1208 4752 1287 4848; x_wconf 86' lang='lat' dir='ltr'><strong>jam</strong></span> <span class='ocrx_word' id='word_1_287' title='bbox 1313 4749 1430 4847; x_wconf 88' lang='lat' dir='ltr'><strong>patuit</strong></span> <span class='ocrx_word' id='word_1_288' title='bbox 1453 4769 1517 4825; x_wconf 88' lang='lat' dir='ltr'><strong>ca-</strong></span> 
     </span>
    </p>
   </div>
   <div class='ocr_carea' id='block_1_3' title="bbox 408 4988 1444 5087">
    <p class='ocr_par' dir='ltr' id='par_1_3' title="bbox 408 4988 1444 5087">
     <span class='ocr_line' id='line_1_34' title="bbox 408 4988 1444 5087; baseline 0.004 -44"><span class='ocrx_word' id='word_1_289' title='bbox 408 4991 435 5055; x_wconf 78' lang='lat' dir='ltr'><strong>(¹t</strong></span> <span class='ocrx_word' id='word_1_290' title='bbox 451 4997 475 5055; x_wconf 82' lang='lat' dir='ltr'><strong>t,</strong></span> <span class='ocrx_word' id='word_1_291' title='bbox 492 4991 611 5054; x_wconf 76' lang='lat' dir='ltr'><strong>potorum</strong></span> <span class='ocrx_word' id='word_1_292' title='bbox 736 4988 765 5055; x_wconf 66' lang='grc' dir='ltr'><strong>ι’)</strong></span> <span class='ocrx_word' id='word_1_293' title='bbox 782 4994 806 5051; x_wconf 68' lang='grc' dir='ltr'><strong>ί,</strong></span> <span class='ocrx_word' id='word_1_294' title='bbox 823 4991 927 5046; x_wconf 77' lang='lat' dir='ltr'><strong>virtute.</strong></span> <span class='ocrx_word' id='word_1_295' title='bbox 1053 4995 1079 5059; x_wconf 69' lang='grc' dir='ltr'><strong>ι’)</strong></span> <span class='ocrx_word' id='word_1_296' title='bbox 1097 4997 1128 5048; x_wconf 76' lang='lat' dir='ltr'><strong>m</strong></span> <span class='ocrx_word' id='word_1_297' title='bbox 1145 4997 1178 5047; x_wconf 79' lang='lat' dir='ltr'><strong>at</strong></span> <span class='ocrx_word' id='word_1_298' title='bbox 1193 4996 1364 5087; x_wconf 73' lang='lat' dir='ltr'><strong>omntpntuatt</strong></span> <span class='ocrx_word' id='word_1_299' title='bbox 1380 4995 1444 5048; x_wconf 79' lang='lat' dir='ltr'><strong>[teo.</strong></span> 
     </span>
    </p>
   </div>
   <div class='ocr_carea' id='block_1_4' title="bbox 0 0 2176 6692">
    <p class='ocr_par' dir='ltr' id='par_1_4' title="bbox 0 0 2176 6692">
     <span class='ocr_line' id='line_1_35' title="bbox 0 0 2176 6692; baseline 0 3"><span class='ocrx_word' id='word_1_300' title='bbox 0 0 2176 6692; x_wconf 95' lang='lat' dir='ltr'><strong> </strong></span> 
     </span>
    </p>
   </div>
  </div>
 </body>
</html>
