4342 6692
691 883 763 951 350
1083 895 1288 953 counruunr
1312 896 1477 953 rnmnrsr
1622 892 1626 905 ·

688 1046 824 1117 dicero
848 1062 1051 1135 mooepuoo
1075 1064 1170 1117 esser
1191 1046 1305 1137 snttti,
1326 1042 1430 1137 idest,
1450 1042 1613 1137 effectus,
1641 1046 1678 1117 di
1698 1045 1865 1136 principii

686 1166 845 1257 formali,
862 1162 965 1257 idest,
982 1163 1029 1238 dc
1051 1162 1234 1258 principiis
1249 1163 1402 1239 diversis
1419 1183 1618 1237 causarum
1637 1163 1862 1259 formalium,

690 1304 710 1355 e
734 1286 824 1376 puel,
848 1283 995 1376 scilicet,
1020 1281 1208 1378 principie,
1231 1286 1458 1375 scpulcricno
1488 1284 1639 1357 dicundi
1663 1304 1688 1357 u
1712 1291 1772 1358 latu
1796 1305 1863 1358 ro-

686 1407 785 1495 meu,
801 1403 904 1497 idest,
928 1402 1133 1478 secundum
1161 1402 1340 1479 rationem
1366 1423 1479 1499 qnam
1506 1402 1620 1477 iecisti
1645 1402 1692 1479 de
1718 1424 1804 1479 rero
1823 1410 1861 1479 et

688 1522 812 1618 denso,
835 1529 922 1617 [νον
944 1526 1092 1615 ol’uno,
1110 1522 1212 1617 idest,
1231 1529 1365 1618 preter
1391 1543 1507 1597 unum
1535 1523 1766 1619 principium,
1792 1524 1862 1599 sci-

687 1642 771 1717 licet
799 1664 928 1719 rarum
954 1649 992 1719 et
1020 1644 1188 1743 densum.
1216 1643 1291 1719 Nec
1322 1642 1420 1719 dicas
1451 1643 1551 1737 quod
1582 1650 1692 1718 autor
1723 1644 1783 1719 hic
1807 1644 1861 1719 lo·

688 1770 826 1859 quatur
850 1762 897 1839 de
922 1764 1010 1857 Deo,
1027 1746 1122 1837 sicut
1141 1762 1245 1837 multi
1269 1762 1483 1859 ignoranter
1506 1762 1692 1857 dixerunt,
1710 1762 1863 1859 quiade

688 1883 766 1959 Deo
788 1883 928 1959 diceret
958 1904 1091 1959 verum
1121 1890 1242 1977 autor,
1273 1883 1367 1959 sicut
1399 1882 1491 1957 inira
1524 1883 1662 1978 patebit
1691 1884 1728 1957 in
1761 1885 1863 1959 solu-

690 2004 788 2079 tione
802 1996 840 2095 θ)
865 2004 1086 2098 questionis.
1112 2003 1184 2080 Sed
1209 2002 1267 2079 liic
1292 2010 1379 2079 nota
1404 2003 1504 2098 quod
1531 2003 1625 2079 ratio
1647 2024 1759 2098 quam
1778 2004 1863 2079 iecit

689 2124 747 2199 hic
770 2131 892 2218 autor,
917 2144 991 2199 non
1017 2124 1162 2199 videtur
1186 2122 1385 2219 procedere
1409 2123 1495 2217 quia
1514 2144 1587 2197 non
1606 2130 1660 2199 est
1682 2123 1801 2199 simile
1815 2122 1864 2199 de

687 2244 767 2319 aliis
791 2244 902 2319 stellis
934 2251 972 2319 et
1005 2245 1105 2337 luna,
1139 2242 1226 2336 quia
1251 2262 1380 2319 omnes
1410 2243 1522 2318 stellae
1553 2242 1805 2318 illuminantur
1838 2262 1863 2319 a

689 2364 766 2437 sole
782 2363 986 2438 secundum
1014 2370 1133 2436 totum
1161 2367 1293 2457 praeter
1319 2363 1469 2437 lunam:
1491 2368 1552 2437 est
1568 2362 1665 2439 enim
1688 2382 1864 2457 unapars

689 2485 789 2558 lunae
813 2484 1002 2577 aliquanto
1028 2483 1147 2558 rarior
1173 2484 1306 2577 ellera3
1335 2482 1432 2558 unde
1456 2490 1511 2557 ost
1539 2482 1598 2557 liic
1622 2483 1730 2557 altius
1756 2502 1863 2577 repe·

689 2603 853 2698 tendum,
871 2603 969 2698 quod
989 2623 1119 2679 omnes
1144 2604 1256 2679 stellae
1283 2602 1463 2698 recipiunt
1488 2603 1614 2677 lumen
1639 2623 1662 2678 a
1687 2602 1775 2696 sole,
1797 2602 1862 2677 sed

688 2729 813 2798 tamen
847 2724 884 2797 in
913 2723 1121 2819 receptione
1151 2722 1299 2797 luminis
1333 2718 1391 2799 est
1418 2721 1622 2797 differentia
1655 2722 1860 2797 secundum

688 2842 934 2917 diversitatem
961 2842 1155 2918 nobilitatis
1182 2849 1334 2917 uaturae.
1360 2842 1535 2929 Quaedam
1561 2842 1660 2917 enim
1680 2849 1766 2915 sunt
1791 2864 1862 2937 pu·

689 2961 843 3035 rissimae
863 2969 901 3037 et
917 2962 1149 3037 nobilissimae
1166 2962 1442 3059 dyuphanitatis,
1461 2961 1509 3036 ita
1526 2962 1625 3057 quod
1645 2963 1771 3037 lumen
1787 2968 1863 3037 sla·

689 3084 753 3157 lim
779 3089 948 3178 penetrat
981 3090 1100 3159 totum
1132 3104 1266 3177 eorpus
1296 3083 1420 3176 stelle,
1447 3088 1484 3157 et
1512 3088 1632 3157 totum
1662 3104 1796 3178 corpus
1822 3081 1862 3157 fit

689 3202 850 3278 lucidum
877 3225 972 3299 puro
1003 3204 1143 3279 lumine
1170 3210 1246 3279 tam
1272 3224 1319 3279 cn
1353 3209 1457 3299 parte
1489 3224 1573 3299 quae
1603 3225 1671 3279 nos
1702 3204 1859 3300 respicit,
1903 3190 1908 3199 ’

688 3342 800 3416 quam
827 3342 875 3397 en
901 3328 1005 3418 parte
1029 3344 1135 3399 verse
1153 3323 1199 3397 ad
1217 3323 1353 3417 solem;
1379 3330 1417 3397 et
1442 3324 1568 3399 lumen
1590 3323 1716 3401 talium
1735 3325 1859 3400 stella·

689 3464 773 3516 rum
800 3464 874 3517 non
890 3442 1048 3519 declinat
1064 3444 1100 3517 in
1117 3443 1242 3537 aliquo
1258 3464 1281 3519 a
1299 3444 1470 3537 candore,
1488 3444 1582 3519 sicut
1598 3451 1697 3541 patet
1713 3444 1750 3519 in
1769 3446 1861 3521 Jove

689 3569 726 3637 el
750 3562 933 3655 aliquibus
957 3562 1047 3637 aliis.
1072 3563 1249 3650 Quaedam
1270 3571 1396 3638 autem
1417 3563 1500 3639 licet
1519 3564 1640 3638 statim
1666 3572 1860 3659 penetren-

690 3669 751 3757 tur
776 3683 928 3777 lumine‚
953 3684 1198 3779 lumenque
1223 3704 1356 3780 corpus
1382 3704 1511 3760 earum
1541 3704 1614 3759 non
1638 3693 1693 3759 est
1717 3684 1767 3760 ita
1792 3706 1861 3761 no-

689 3803 772 3898 bile,
797 3804 924 3878 lumen
948 3803 1105 3880 declinat
1129 3804 1176 3879 ad
1206 3804 1394 3899 ruborem,
1419 3803 1514 3880 sicut
1541 3805 1597 3879 es't
1625 3805 1858 3881 menifestum

689 3920 726 3995 in
749 3924 875 3998 Marte.
892 3923 933 3997 ln
958 3923 1178 4018 quibusdam
1201 3929 1326 4000 antem
1347 3923 1472 4001 lumen
1490 3923 1645 3999 declinet
1664 3926 1711 4001 ad
1727 3926 1862 4001 obscu-

688 4042 833 4118 ritatem
859 4044 953 4119 siout
978 4045 1015 4117 in
1040 4044 1219 4119 Saturno:
1239 4044 1275 4118 in
1301 4044 1518 4139 quibusdem
1545 4044 1592 4121 ad
1617 4044 1779 4121 colorem
1805 4048 1861 4122 ln·

686 4169 823 4258 eleum,
848 4165 943 4240 sicut
967 4164 1004 4240 in
1029 4164 1204 4240 Gallasia:
1231 4172 1269 4241 ct
1300 4165 1337 4239 in
1369 4165 1588 4259 quibusdam
1609 4164 1657 4240 ad
1682 4166 1859 4262 pallorem

686 4283 780 4359 sieut
805 4284 842 4358 in
866 4284 1031 4378 Venere3
1054 4284 1120 4359 sed
1145 4290 1268 4359 tamen
1301 4284 1338 4358 in
1367 4284 1539 4359 omnihus
1570 4283 1646 4359 istis
1677 4291 1731 4361 eet
1757 4292 1860 4361 lanta

686 4404 868 4499 porciolas
879 4397 919 4498 (¹)
937 4405 1035 4500 quod
1052 4405 1174 4480 statim
1193 4404 1230 4479 in
1248 4405 1457 4500 receptione
1473 4404 1620 4481 luminis
1639 4412 1756 4481 totum
1775 4428 1861 4483 cor-

684 4544 753 4619 pus
777 4525 892 4599 elellae
908 4524 1136 4600 illuminatur
1153 4524 1357 4599 secundnm
1375 4529 1490 4600 totum
1508 4524 1753 4620 superficiem,
1773 4548 1860 4623 pro·

685 4644 901 4721 lunditatem
926 4654 964 4721 et
988 4646 1217 4720 altitudinem
1248 4664 1295 4720 er
1324 4646 1425 4720 omni
1454 4652 1570 4742 parte.
1602 4646 1705 4723 Luna
1730 4666 1860 4723 autem

685 4765 769 4840 licet
792 4767 839 4841 sit
863 4788 999 4864 corpus
1018 4768 1156 4862 quinte
1173 4766 1350 4862 ossentiae,
1369 4773 1424 4843 eet
1443 4773 1568 4843 lamen
1593 4770 1776 4845 terrestris
1793 4792 1859 4847 nu·

749 5024 776 5086 (¹)
792 5029 816 5085 l,
831 5024 883 5077 dne
897 5026 1052 5090 mutonis
1358 5024 1386 5089 ξ’)
1402 5028 1433 5081 Β.
1449 5029 1556 5093 purtim
