4342 6692
709 896 781 962 ala
1101 904 1307 961 consuuuu
1331 906 1497 959 rsasnrsr

706 1048 813 1124 valde
837 1048 928 1142 cito3
953 1040 1026 1121 cosi
1048 1068 1260 1141 corremmo,
1285 1048 1388 1143 idest,
1417 1069 1531 1124 cursu
1567 1048 1793 1143 intravimus,
1822 1054 1882 1123 oct

705 1171 855 1243 secondo
878 1189 1004 1262 repno,
1031 1168 1135 1263 idest,
1152 1169 1290 1243 coelum
1309 1168 1489 1243 Mercurii.
1508 1169 1552 1242 Et
1573 1169 1686 1266 tangit
1705 1189 1876 1266 magnam

705 1287 990 1384 pulcritudinem
1007 1287 1194 1381 Beatricis,
1213 1288 1357 1363 dicens:
1375 1292 1469 1381 quim
1484 1290 1553 1369 uid'
1566 1290 1601 1361 io
1617 1291 1654 1361 la
1670 1291 1791 1363 ἀοηιια
1806 1293 1878 1362 otto

704 1402 735 1483 si
759 1412 853 1501 tuta,
880 1408 962 1502 plus
987 1408 1104 1502 solito,
1130 1407 1217 1503 quia
1236 1409 1353 1505 magis
1368 1408 1530 1483 ascendit
1546 1408 1592 1483 ad
1615 1410 1766 1505 maiora,
1783 1430 1879 1483 come

705 1533 763 1603 oet
785 1533 876 1603 ome
899 1530 938 1601 di
961 1531 1040 1618 quet
1057 1532 1133 1618 orel,
1150 1528 1296 1622 scilicet,
1314 1528 1544 1622 Mercurii,si
1558 1531 1655 1619 mue,
1671 1532 1731 1603 cie
1745 1525 1808 1621 pru
1825 1532 1879 1601 lu-

704 1657 798 1723 cendo
821 1671 860 1723 se
883 1670 928 1721 oe
955 1651 1045 1742 [dit
1068 1651 1226 1741 pturoetm
1252 1648 1352 1743 quia,
1377 1649 1523 1741 seilicet,
1556 1650 1682 1725 lumen
1711 1650 1875 1723 additum

705 1778 761 1845 est
786 1770 926 1843 lumini.
953 1770 998 1841 ut
1021 1768 1143 1843 subdit
1174 1775 1281 1863 poeta
1311 1768 1551 1843 mutationem
1582 1769 1639 1841 sui
1669 1790 1827 1866 arguens
1851 1790 1875 1845 a

704 1891 850 1984 minori,
875 1890 1019 1965 diceus:
1044 1912 1064 1962 e
1087 1912 1125 1963 sc
1150 1893 1187 1963 la
1210 1892 1322 1979 stello,
1348 1889 1482 1964 scilicet
1512 1890 1683 1964 Mercurii
1712 1910 1794 1983 qua
1818 1896 1874 1965 est

704 2034 819 2109 parva
844 2019 883 2087 et
907 2032 1040 2106 parum
1066 2013 1178 2105 clara,
1203 2014 1236 2084 si
1258 2003 1393 2084 cambio
1424 2032 1443 2083 e
1470 2014 1555 2101 ricc,
1586 2011 1673 2105 quia
1702 2011 1797 2086 lacta
1821 2015 1877 2085 est

704 2133 850 2226 clarior,
874 2136 961 2224 qual
983 2134 1032 2205 mi
1052 2134 1118 2226 sed
1129 2135 1179 2223 to,
1204 2132 1308 2226 quasi
1334 2131 1450 2205 dicat:
1469 2132 1587 2207 multo
1613 2132 1728 2229 magis
1754 2138 1878 2206 muta·

554 2347 558 2352 ·
704 2261 763 2326 tus
788 2274 871 2326 sum
897 2258 935 2326 et
960 2243 1077 2326 lactus
1103 2252 1248 2347 clarior,
1274 2255 1333 2325 cle
1351 2274 1424 2345 pur
1444 2254 1483 2325 di
1507 2256 1579 2326 mio
1602 2260 1734 2326 uatum
1759 2260 1878 2325 vaus·

702 2374 863 2445 mutooue
886 2392 952 2444 son
971 2393 1040 2464 pm
1065 2378 1145 2445 tutto
1167 2375 1287 2463 poue!
1314 2372 1400 2465 quia
1425 2393 1509 2445 sum
1537 2372 1700 2446 mortalis
1722 2371 1876 2467 recepti·

703 2492 784 2566 bilis
808 2492 927 2565 omnis
951 2491 1159 2586 inllueutiae,
1187 2492 1249 2565 ubi
1275 2493 1378 2567 stella
1407 2499 1462 2567 est
1493 2492 1806 2587 impermutabilis.
1831 2491 1876 2563 ut

703 2612 762 2687 hic
787 2617 872 2686 nota
898 2612 993 2686 bene
1018 2611 1117 2705 quod
1142 2612 1270 2707 pulcre
1290 2618 1399 2686 autor
1416 2612 1486 2686 lroc
1507 2611 1609 2707 lingit
1629 2611 1715 2705 quia
1733 2612 1876 2685 llercu-

702 2732 779 2805 rius
804 2737 860 2805 est
885 2730 1132 2805 convertibilis
1157 2738 1298 2806 naturae
1325 2731 1466 2807 medius
1491 2738 1528 2807 et
1553 2730 1772 2825 indifferens,
1796 2731 1875 2805 talis

702 2852 850 2946 qualem
877 2850 985 2926 vicini
1010 2852 1165 2946 planetae
1191 2852 1433 2947 permiserint,
1459 2859 1497 2928 et
1522 2851 1785 2947 potentioribus
1810 2874 1874 2927 co-

701 2973 818 3045 lraeret
832 2964 881 3063 (¹).
916 2971 1002 3045 ldeo
1026 2972 1122 3048 bene
1152 2971 1283 3047 dicitur
1314 2974 1413 3049 Deus
1443 2972 1673 3067 eloquentiae,
1699 2992 1744 3046 eo
1774 2973 1873 3067 quod

701 3092 910 3187 eloquentia
930 3094 1060 3185 juncta
1085 3092 1271 3187 sapientias
1297 3092 1495 3187 plurimum
1526 3093 1649 3188 prosit,
1675 3100 1713 3167 et
1738 3094 1874 3168 sociata

704 3212 851 3285 malitiae
868 3213 1028 3285 multum
1044 3221 1244 3289 noceat-
1254 3218 1366 3287 doute.
1380 3214 1485 3289 Nunc
1497 3221 1606 3288 autor
1622 3212 1794 3289 describit
1809 3235 1874 3309 ap-

701 3333 905 3427 parentiam
931 3333 1141 3407 auimarum
1164 3332 1455 3409 beatificatorum
1477 3334 1546 3407 sub
1567 3334 1755 3409 influentia
1777 3354 1874 3409 mer-

700 3453 842 3546 curiali,
861 3474 945 3547 quae
965 3452 1205 3527 ostendebant
1222 3474 1262 3527 se
1282 3473 1369 3527 cum
1387 3454 1648 3549 gratulatione3
1667 3460 1705 3529 et
1721 3455 1789 3528 hoc
1805 3472 1871 3547 per

700 3594 815 3647 unam
836 3573 1150 3667 comparationem
1171 3573 1309 3647 claram
1330 3582 1368 3649 et
1388 3575 1587 3670 propriam,
1604 3575 1746 3649 dicens:
1769 3578 1871 3647 Omne

699 3695 737 3767 iu
758 3695 938 3786 portura
961 3690 1046 3767 cd’e‘
1068 3696 1261 3784 tronpudta
1285 3715 1304 3766 e
1322 3716 1433 3789 pura,
1455 3695 1560 3791 quasi
1588 3695 1696 3788 dicat,
1715 3696 1750 3769 in
1771 3716 1870 3790 aqua

700 3815 812 3908 clara,
838 3834 922 3908 quae
947 3814 1043 3891 bene
1066 3813 1291 3889 assimilatur
1316 3816 1429 3892 stellae
1454 3816 1598 3911 corpori
1619 3816 1809 3913 dyaphauo
1833 3824 1872 3892 et

701 3956 806 4029 puro,
825 3937 1009 4025 trupporrci
1024 3937 1038 4007 i
1051 3936 1158 4027 perci,
1175 3934 1238 4027 qui
1251 3926 1288 4026 (²)
1306 3934 1401 4011 hene
1424 3943 1686 4031 repraeseutant
1701 3936 1789 4010 istos
1800 3934 1872 4031 spi·

700 4055 792 4129 ritus
816 4056 918 4129 leves
950 4063 987 4131 et
1012 4057 1168 4149 veloces,
1194 4078 1218 4129 a
1241 4048 1295 4129 cali
1319 4060 1379 4131 ele
1402 4060 1480 4131 vien
1503 4060 1541 4131 di
1562 4059 1671 4151 suom,
1702 4056 1796 4131 sicut
1826 4054 1871 4129 ad

699 4196 834 4269 escam,
857 4197 924 4268 per
948 4179 1052 4249 modo
1077 4178 1138 4251 cle
1157 4180 1192 4249 lo
1216 4180 1332 4249 sunnin
1347 4198 1413 4249 suo
1424 4186 1597 4271 posturo3
1615 4176 1664 4250 ita
1684 4176 1820 4251 Dantes
1836 4182 1872 4249 et

698 4296 846 4374 Beatrix
872 4295 1068 4369 veniebant
1092 4295 1140 4369 ab
1165 4302 1282 4389 extra,
1310 4303 1347 4371 et
1376 4298 1523 4392 spiritus
1552 4298 1601 4372 illi
1631 4298 1871 4392 expectabant

694 4417 974 4493 delectationem
1004 4416 1052 4489 ab
1086 4416 1161 4508 eis;
1188 4415 1237 4490 ita
1262 4438 1285 4489 a
1310 4415 1429 4511 simili,
1460 4411 1492 4491 si
1522 4421 1590 4493 vid’
1602 4421 1638 4491 to
1662 4418 1727 4491 ben
1748 4411 1811 4510 psit
1834 4418 1871 4490 dt

693 4540 784 4611 mille
807 4538 999 4628 splendori,
1029 4535 1132 4627 idest,
1169 4534 1348 4629 plurimos
1377 4536 1525 4632 spiritus
1554 4539 1731 4631 lucentes,
1762 4539 1874 4610 trorsi

694 4651 755 4729 vo
779 4658 852 4748 noi,
881 4674 969 4729 cum
997 4654 1132 4747 laetitia,
1159 4661 1191 4727 et
1222 4658 1260 4729 io
1285 4658 1424 4751 duston
1452 4660 1589 4749 soum,
1614 4657 1754 4753 supple,
1782 4656 1870 4731 dici:

694 4798 772 4851 ecco
796 4780 851 4850 cli
874 4765 1036 4849 crescerd
1051 4778 1077 4848 o·
1093 4778 1207 4849 nostri
1223 4779 1352 4870 umori,
1373 4776 1519 4871 scilicet,
1540 4778 1765 4872 innumero,
1785 4776 1871 4870 quia

761 5036 789 5099 (Ἴ
804 5040 828 5093 ⁸»
844 5041 956 5086 coetcel·
1227 5035 1254 5100 (ἢ
1270 5036 1301 5089 Ε.
1318 5038 1379 5102 quia
1396 5039 1469 5089 bene.
