4342 6692
670 803 743 871 tlt
795 774 798 779 Α
1063 817 1268 875 musarum
1292 820 1459 875 ranaursr

669 963 931 1039 sententialiter
956 963 1036 1036 vult
1061 962 1184 1038 dicere
1209 963 1308 1057 quod
1334 963 1450 1038 iactus
1476 973 1532 1038 est
1557 983 1654 1038 unus
1673 985 1719 1040 er
1738 963 1844 1039 nobi-

669 1082 764 1157 libus
789 1083 896 1177 pullis
921 1083 1025 1157 istius
1049 1085 1133 1158 eltae
1158 1085 1312 1179 aquilae3
1339 1105 1424 1160 nam
1456 1085 1587 1160 oculus
1615 1086 1697 1160 eius
1725 1079 1842 1182 respi-

668 1203 768 1279 ciens
793 1204 920 1279 oculos
944 1203 1132 1298 Beatricis,
1150 1205 1339 1301 vigoratus
1364 1205 1474 1302 coepit
1505 1205 1686 1300 respicere
1710 1207 1838 1300 solem,

667 1324 768 1418 qarod
791 1323 894 1420 prius
925 1323 1049 1398 faeere
1081 1345 1155 1398 non
1191 1331 1373 1420 potuerat,
1403 1345 1424 1399 a
1455 1324 1563 1399 simili
1593 1325 1687 1400 sicut
1716 1325 1840 1400 radius

667 1445 753 1518 solis
778 1444 958 1520 retractus
981 1444 1019 1518 in
1042 1445 1193 1539 speculo
1219 1445 1341 1520 resalit
1368 1466 1517 1522 sursum
1544 1465 1674 1522 versus
1704 1467 1839 1543 oorpus

668 1565 765 1659 solis,
782 1565 886 1659 quasi
906 1566 1033 1640 rolens
1058 1565 1180 1640 redire
1204 1566 1252 1641 ad
1277 1567 1400 1640 locum
1421 1565 1519 1641 unde
1537 1567 1638 1661 prius
1664 1575 1836 1662 venerat3

668 1682 717 1758 ita
743 1683 946 1760 intellectus
970 1685 1110 1759 autoris
1135 1683 1240 1780 quasi
1265 1686 1414 1782 quidarn
1436 1686 1559 1760 radius
1583 1687 1668 1761 solis
1688 1687 1838 1783 justitiae

667 1804 793 1878 volens
810 1825 908 1879 nuno
925 1805 1046 1880 redire
1062 1805 1110 1880 ad
1128 1805 1247 1901 ipsum
1265 1805 1363 1880 unde
1380 1811 1544 1899 venerat,
1559 1805 1774 1901 respiciebat
1791 1807 1838 1881 ad

665 1925 792 1999 oculos
822 1924 1007 2020 Beatricis,
1039 1924 1142 2019 idest
1168 1925 1513 2019 contemplationem
1549 1931 1586 2000 et
1619 1926 1839 2021 speculatio-

667 2065 751 2120 nem
777 2045 988 2142 tlreologiae3
1014 2049 1051 2119 et
1076 2045 1146 2120 isto
1172 2044 1281 2119 ruodo
1307 2045 1476 2120 resalibat
1492 2045 1539 2120 ad
1559 2046 1707 2139 coelurn,
1727 2052 1764 2120 et
1785 2047 1840 2120 in-

664 2165 820 2261 cipiebat
846 2184 952 2259 posse
976 2163 1103 2240 videre
1127 2164 1241 2240 solem
1268 2172 1463 2258 aeternunr,
1490 2163 1588 2259 quod
1615 2165 1736 2240 iacere
1762 2187 1833 2239 non

662 2290 808 2380 poterat
832 2283 898 2356 nisi
927 2281 1108 2373 mediante
1134 2283 1201 2358 isla
1228 2304 1332 2377 sacra
1358 2283 1518 2358 scientia.
1540 2285 1674 2360 Ordina
1689 2277 1727 2377 (¹)
1748 2285 1833 2360 lite-

665 2425 747 2478 ram
774 2423 859 2498 qum
883 2409 938 2478 est
963 2402 1064 2477 tortis
1090 2410 1126 2478 et
1151 2410 1324 2478 construe
1349 2404 1420 2497 sic;
1447 2423 1537 2499 cape
1562 2403 1650 2478 illud
1667 2427 1699 2495 e,
1717 2411 1755 2479 et
1771 2404 1834 2480 de-

665 2524 801 2598 scende
825 2523 975 2598 inferius
1001 2523 1063 2596 ubi
1087 2523 1173 2598 dicit
1196 2525 1224 2596 il
1247 2526 1329 2614 mio,
1350 2529 1388 2598 et
1405 2523 1480 2598 dic:
1500 2529 1532 2596 E
1549 2527 1576 2597 it
1592 2527 1673 2617 otio,
1694 2525 1834 2621 supple7

664 2651 782 2738 actus,
808 2646 925 2738 insero
949 2647 1048 2734 dupli
1071 2646 1135 2717 otti
1151 2647 1240 2734 suoi,
1261 2641 1407 2739 seilicet,
1424 2643 1608 2737 Beatriois,
1626 2665 1694 2737 per
1709 2647 1761 2735 pli
1778 2665 1837 2718 oc·

664 2767 732 2856 clii,
758 2763 904 2858 scilicet,
930 2767 1094 2858 menssi
1115 2741 1188 2857 seeo
1203 2767 1281 2836 nell
1294 2767 1446 2856 intopine
1463 2767 1546 2858 mia,
1567 2763 1669 2857 idest,
1688 2763 1723 2838 in
1742 2765 1835 2838 inra-

664 2884 824 2982 ginativa
843 2905 937 2977 mea,
954 2878 985 2959 si
1005 2907 1101 2958 eume
1117 2888 1260 2976 nappin,
1276 2884 1422 2978 scilicet,
1444 2886 1539 2978 solis,
1557 2887 1652 2958 suole
1668 2889 1763 2958 ustir
1779 2887 1836 2960 del

660 3010 792 3099 priato,
817 3006 963 3100 scilieet,
989 3005 1172 3080 mediante
1198 3007 1347 3100 speculo
1366 3005 1423 3080 vel
1440 3025 1548 3100 aqua,
1567 3011 1604 3080 et
1621 3005 1716 3080 sicut
1731 3007 1834 3098 solet,

663 3129 787 3200 risalir
821 3130 954 3215 insuso,
986 3126 1133 3220 scilicet,
1164 3146 1293 3200 versus
1326 3125 1444 3221 ipsum
1479 3125 1606 3218 solem,
1635 3145 1706 3218 pur
1740 3147 1835 3199 oomc

658 3251 828 3340 percutio
850 3249 911 3320 cle
936 3254 1063 3320 tornor
1080 3247 1191 3339 ouole,
1209 3245 1355 3340 scilicet,
1380 3245 1426 3320 ad
1454 3246 1577 3320 locum
1604 3243 1702 3322 unde
1719 3265 1831 3321 vene-

664 3374 739 3462 rat3
757 3374 795 3442 el
812 3369 882 3442 hoc
898 3369 978 3441 uult
1003 3365 1160 3440 naturali
1184 3367 1393 3459 intentione,
1413 3365 1602 3462 intelligas,
1620 3366 1707 3460 quia
1724 3367 1831 3440 aliern

648 3469 891 3563 ¹uoluntatem
917 3509 990 3562 non
1016 3487 1127 3561 habet
1153 3486 1276 3560 radius
1306 3485 1446 3579 solaris,
1478 3486 1525 3558 ita
1560 3491 1669 3559 autor
1700 3491 1834 3580 noster,

663 3609 728 3703 qui
744 3607 805 3681 diu
825 3608 946 3682 tuerat
959 3606 1215 3702 peregrinatus
1227 3627 1249 3680 a
1263 3605 1350 3699 lieo,
1366 3605 1511 3680 volebat
1525 3605 1660 3680 reverti
1675 3604 1721 3679 ad
1734 3623 1834 3680 eum.

663 3730 765 3806 Unde
789 3728 930 3804 subdit:
956 3751 975 3802 e
999 3731 1094 3801 oolse
1121 3730 1149 3801 il
1178 3729 1265 3820 viso,
1293 3727 1439 3820 scilicet,
1470 3725 1764 3820 intellectualem,
1796 3728 1836 3799 ul

661 3855 746 3945 sole,
775 3850 910 3925 scilieet
934 3850 1065 3943 ileum
1082 3851 1172 3922 oltra
1188 3869 1212 3920 o
1228 3854 1349 3922 nonno
1376 3867 1450 3938 uso,
1470 3845 1572 3939 idest,
1598 3845 1696 3920 ultra
1722 3865 1830 3918 usum

663 3973 835 4046 humanae
859 3969 1030 4061 scientia,
1050 3967 1137 4062 quia
1154 3969 1348 4061 hucusque
1365 3965 1483 4042 iverat
1501 3985 1565 4060 per
1587 3972 1725 4041 terram
1745 3985 1830 4039 cum

662 4091 820 4187 Virgilio.
840 4091 884 4162 lit
901 4089 1095 4185 respondet
1111 4087 1286 4162 continuo
1303 4085 1494 4180 quaestioni
1512 4085 1642 4178 tacitae,
1663 4085 1749 4178 quia
1767 4105 1834 4180 po-

661 4219 756 4287 terat
781 4208 907 4305 petere
931 4210 1070 4284 lector:
1097 4205 1283 4302 quomodo
1308 4205 1439 4279 oeulos
1472 4206 1657 4278 humanus
1691 4209 1833 4298 poterat

660 4333 734 4427 pati
759 4329 858 4426 quod
882 4330 1006 4425 aquila
1030 4328 1094 4404 diu
1110 4320 1146 4421 (²)
1175 4347 1247 4402 non
1274 4329 1418 4421 potest?
1444 4324 1658 4420 respondet:
1685 4328 1791 4397 molto
1816 4321 1836 4398 e*

658 4456 750 4528 letto
775 4442 824 4544 td,
852 4451 889 4523 in
917 4451 978 4524 illo
1002 4450 1083 4524 loeo
1110 4445 1214 4541 felici,
1233 4449 1301 4520 ulle
1318 4453 1438 4520 nostre
1464 4441 1569 4536 oirtd,
1591 4445 1738 4539 scilicet,
1764 4445 1834 4518 hu-

657 4572 788 4667 manis,
819 4570 913 4645 siout
951 4568 1054 4662 visui,
1087 4566 1229 4642 auditui
1263 4572 1300 4641 et
1330 4565 1426 4658 aliis,
1459 4562 1564 4659 quasi
1593 4562 1700 4656 dicat,
1734 4562 1830 4658 quod

659 4691 772 4766 homo
797 4689 992 4785 perfectius
1018 4693 1136 4782 potest
1162 4685 1287 4761 videre
1305 4684 1364 4779 ibi,
1382 4687 1442 4759 cle
1462 4687 1520 4775 qui
1541 4705 1613 4758 non
1634 4686 1714 4777 lece,
1735 4681 1833 4777 quod

724 4949 753 5014 l¹l
769 4950 800 5000 R
816 4949 912 5002 Ordior
929 4964 1007 5001 nuuc.
1194 4947 1221 5010 υ)
1239 4947 1269 4998 Ε.
1286 4947 1338 5011 pru
1353 4945 1398 4996 dtu
1414 4959 1466 4996 non
1484 4948 1585 5008 potata
