4342 6692
762 836 903 894 CANTUS
927 836 1073 894 storius.
1429 831 1501 897 458

329 983 570 1060 minutionem
596 981 756 1078 prremii3
785 982 881 1058 unde
905 982 1008 1058 dicit:
1030 985 1211 1075 cquando
1230 987 1393 1078 ddunt,
1409 985 1504 1062 idest

326 1102 504 1180 desideria
529 1110 567 1178 et
591 1102 711 1178 studia
727 1103 902 1196 humana,
914 1105 1075 1196 poqqian
1093 1106 1199 1194 quivi,
1220 1103 1324 1199 idest,
1345 1105 1504 1180 tundan-

327 1229 390 1298 tur
409 1241 520 1318 super
538 1223 679 1297 honore
695 1229 733 1296 et
750 1219 858 1315 sama,
879 1215 1125 1316 sidtsot'undo,
1143 1223 1289 1319 scilicet,
1307 1225 1354 1300 ab
1372 1245 1504 1301 amore

328 1349 476 1418 eterne
500 1340 638 1438 gioriae,
661 1361 732 1434 pur
756 1346 901 1416 coeman
925 1345 985 1417 cite
1008 1346 1022 1416 i
1046 1347 1154 1436 rugai
1178 1347 1235 1418 del
1254 1367 1338 1419 uero
1365 1366 1503 1436 umore,

329 1481 441 1558 quom
467 1463 580 1536 homo
604 1461 713 1536 debet
737 1461 875 1537 habore
903 1461 949 1536 ad
980 1468 1157 1537 aeternam
1177 1464 1344 1560 gloriam,
1366 1467 1502 1557 poagia

330 1583 535 1656 mmmmm
548 1601 603 1670 su,
614 1579 715 1675 idest,
725 1582 840 1678 magis
853 1581 950 1656 tonte
962 1589 1000 1657 et
1014 1585 1165 1658 remisse
1177 1585 1326 1660 tendant
1336 1584 1383 1659 ad
1397 1606 1502 1660 sum-

330 1723 434 1778 mum
460 1702 618 1795 bonum;
644 1701 749 1797 quasi
771 1702 885 1777 dicat:
904 1703 1214 1799 quandocumque
1234 1707 1344 1780 homo
1364 1725 1502 1802 magno

329 1821 508 1898 desiderio
533 1821 659 1918 glorie
685 1821 881 1896 mundanae
905 1822 990 1897 tacit
1014 1842 1128 1918 opera
1149 1825 1277 1920 pulcra
1302 1833 1340 1900 et
1366 1845 1501 1921 magua

331 1941 453 2018 minus
477 1946 713 2036 promeretur
736 1941 892 2038 gloriam
918 1949 1116 2038 aeternam3
1134 1944 1216 2019 ideo
1236 1945 1331 2019 bene
1348 1944 1499 2019 Curuio-

331 2082 488 2139 mannns
515 2060 637 2158 magni
660 2060 779 2137 Caroli
803 2070 970 2158 patruus,
989 2064 1200 2157 temporalis
1220 2064 1322 2160 regni
1343 2063 1499 2139 admini-

329 2181 505 2257 stratione
518 2181 655 2274 relicta,
668 2201 799 2257 amore
811 2182 1096 2257 conversationis
1109 2184 1401 2278 contemplativae
1416 2203 1502 2258 suc·

329 2323 461 2380 consus
486 2301 640 2377 Romam
664 2303 814 2379 veniens
838 2303 936 2398 apud
961 2303 1085 2378 Siratti
1108 2311 1272 2379 montem
1291 2324 1435 2378 moram
1454 2304 1502 2378 ad

331 2429 475 2520 tompus
495 2421 751 2496 traxit-Ma.
771 2423 834 2496 Hic
854 2421 1077 2496 lastinianus
1096 2422 1290 2518 respondet
1307 2423 1500 2518 quaestioni

333 2543 472 2636 tacitum
497 2541 583 2636 quia
610 2541 708 2618 enim
733 2549 843 2617 autor
865 2549 1006 2639 poterat
1024 2550 1150 2638 petere
1165 2537 1223 2636 (ῆι
1241 2550 1279 2619 et
1300 2564 1421 2618 nonne
1439 2543 1503 2616 tri-

331 2662 476 2738 stamini
504 2664 562 2740 vei
588 2662 710 2736 minus
738 2663 997 2738 contentamini
1028 2662 1075 2738 de
1103 2663 1344 2738 diminutione
1374 2662 1503 2758 gloriae

332 2786 489 2857 vestraei
513 2782 560 2857 ad
585 2782 683 2877 quod
710 2781 914 2876 respondet,
939 2782 1038 2876 quod
1063 2803 1110 2856 ex
1137 2783 1206 2857 hoc
1232 2783 1348 2878 magis
1372 2782 1502 2856 iaetan·

331 2909 393 2976 tur
415 2907 452 2977 et
469 2906 727 2978 contendantur
753 2901 914 2976 videntes
934 2901 1093 2975 divinam
1109 2901 1405 2996 justitiamque
1426 2909 1503 2976 tam

331 3021 427 3096 bene
460 3019 617 3114 partitur
648 3019 799 3115 praemia
835 3020 1006 3095 omnibus
1037 3021 1240 3096 secundum
1280 3021 1504 3118 exigentiam

334 3140 564 3233 meritorum,
590 3145 628 3214 et
653 3139 739 3233 quia
764 3146 849 3213 sunt
875 3140 910 3212 in
938 3140 1096 3234 pertenta
1120 3142 1273 3216 caritate
1292 3160 1422 3216 omncs
1441 3161 1505 3214 vo·
1653 3137 1656 3143 ’

332 3261 491 3334 luntatcs
514 3265 601 3332 sunt
625 3279 699 3332 una
726 3257 811 3352 quia
839 3259 1050 3336 referuntur
1073 3259 1121 3334 ad
1139 3281 1269 3354 unum,
1286 3259 1381 3334 sicut
1403 3259 1502 3334 dice·

332 3381 395 3456 hat
419 3379 589 3475 superins
614 3377 790 3452 Picharda
817 3378 881 3474 ipsi
906 3378 1038 3454 autori.
1065 3379 1157 3453 Dicit
1182 3400 1293 3477 ergo:
1317 3385 1380 3453 Mo
1402 3386 1506 3473 porte

332 3503 370 3574 di
392 3506 518 3574 amira
542 3503 672 3592 lettzio,
701 3519 785 3593 quae
811 3499 941 3575 crescit
970 3519 1017 3576 cx
1044 3501 1124 3592 hoc,
1155 3494 1176 3573 e*
1203 3503 1261 3573 net
1290 3521 1508 3574 commensu-

193 3659 198 3670 ,
331 3641 432 3712 rore,
457 3619 560 3714 idest,
586 3619 621 3692 in
648 3618 780 3713 aequali
811 3626 848 3694 ct
878 3620 1174 3715 proportionabili
1204 3620 1505 3713 consideratione,

333 3743 387 3816 de'
400 3743 514 3814 norm
537 3744 660 3834 gaggi,
681 3739 784 3832 idest,
806 3746 1016 3814 nostrorum
1038 3741 1288 3832 premiorum,
1305 3743 1361 3812 cot
1382 3746 1506 3830 merto,

336 3859 419 3934 idco
444 3858 547 3932 dicit:
570 3853 698 3950 percae*
718 3879 793 3932 non
817 3859 842 3930 ti
865 3859 983 3932 nedem
1015 3860 1132 3930 rainer
1164 3855 1219 3930 nd·
1240 3861 1371 3950 moggi,
1401 3858 1505 3952 quasi

335 3976 450 4053 dicat:
478 3976 561 4052 licet
587 3976 737 4071 praemia
758 3981 882 4051 nostra
899 3976 969 4048 sint
986 3975 1187 4051 differentia
1205 3976 1406 4051 secundum
1425 3978 1507 4072 pius

336 4105 375 4172 et
408 4095 543 4191 minus,
575 4105 700 4172 tamen
729 4095 920 4192 aeqnaliter
949 4103 1207 4172 contentamur
1236 4117 1383 4190 omnes3
1410 4097 1508 4172 unde

336 4237 411 4292 non
437 4217 643 4292 invidemus
664 4217 875 4310 maioribus,
894 4215 1071 4310 quianon
1089 4215 1325 4312 purificamur
1343 4218 1416 4312 eis;
1434 4238 1508 4294 nou

335 4338 551 4434 aequaiibus,
576 4338 663 4432 quia
693 4336 929 4433 parificantur
959 4336 1082 4427 nobis;
1118 4357 1191 4411 non
1227 4338 1429 4412 minoribus
1461 4357 1510 4413 ne

334 4457 574 4554 parificentur
600 4456 714 4550 nobis,
740 4456 833 4531 sicut
858 4456 899 4530 fit
924 4456 960 4529 in
986 4455 1091 4530 bonis
1111 4456 1279 4530 fortunae.
1303 4457 1404 4532 Unde
1420 4458 1510 4532 sub·
1595 4442 1599 4452 ’

334 4577 405 4652 dit:
431 4579 559 4668 quinci,
585 4577 687 4670 idest,
713 4597 759 4652 cx
787 4577 867 4670 hoc,
900 4580 937 4650 tu
962 4580 1044 4650 vino
1072 4579 1248 4668 qtmuzta,
1277 4578 1424 4670 scilicet,
1454 4577 1510 4651 di-

336 4697 433 4792 vina,
450 4699 646 4772 uddotciscc
661 4699 699 4770 in
721 4698 783 4770 noi
798 4699 821 4769 t’
830 4700 961 4788 uffetto,
975 4694 1077 4788 idest,
1094 4694 1262 4771 dulcorat
1278 4697 1508 4772 affectionem

402 4955 430 5016 (¹)
446 4954 476 5004 E.
493 4959 582 5018 perere
598 4959 624 5004 et
639 4955 738 5006 dicere:
755 4967 862 5005 numos.
