4342 6692
693 900 834 955 cennos
859 899 1037 965 cotenus,
1380 884 1450 955 399

278 1045 511 1135 m'nsn'cura,
538 1043 601 1116 ubi
627 1062 731 1117 enam
758 1042 961 1136 timidus‚o
988 1044 1123 1134 donno,
1145 1063 1229 1137 quae
1254 1042 1454 1117 domineris

279 1162 358 1236 eliis
379 1162 549 1257 scientiis,
566 1182 591 1234 a
616 1164 844 1266 dimcndonoi
861 1165 897 1235 d'
909 1165 967 1235 un'
980 1165 1077 1236 altra
1093 1154 1218 1255 noitd,
1235 1164 1334 1238 circe
1351 1182 1455 1238 enm-

280 1283 366 1359 dem
393 1282 599 1377 materiam,
616 1284 676 1356 cic
700 1285 746 1365 m?
758 1278 778 1357 e'
801 1303 943 1377 occurs,
971 1289 1009 1357 et
1034 1303 1138 1359 ecce:
1161 1287 1197 1357 io
1222 1286 1393 1377 vo’soper
1421 1304 1458 1357 se

281 1407 304 1478 t
316 1424 398 1477 nom
417 1395 491 1496 pud
514 1405 708 1497 nodosarvi
730 1406 768 1476 ai
792 1408 863 1478 voti
880 1408 1040 1497 mancii;
1058 1405 1181 1498 qualia
1201 1405 1353 1481 inerunt
1370 1411 1456 1481 vota

281 1523 469 1600 Pichandae
495 1530 533 1598 et
557 1523 787 1617 Constantiae,
812 1517 842 1598 st
867 1546 933 1598 con
957 1529 1042 1600 atti
1066 1526 1156 1622 toti,
1184 1535 1272 1622 pute
1295 1524 1456 1622 jeiuniis,

282 1653 320 1721 et
340 1642 583 1737 eleemosinis,
599 1645 688 1717 cit'o
714 1647 751 1718 ta
775 1652 896 1719 vostro
911 1650 1070 1739 stodera,
1087 1647 1190 1743 idest,
1203 1647 1366 1745 iustitie,
1383 1666 1456 1719 non

281 1769 360 1840 cion
383 1768 500 1859 parvi.
527 1765 572 1838 Et
596 1764 718 1839 subdit
738 1774 863 1840 actum
880 1757 916 1859 (⁴)
935 1766 1111 1843 Beetricis
1128 1789 1212 1863 quae
1229 1768 1366 1863 optime
1383 1765 1456 1840 dis-

282 1886 403 1982 posuit
428 1907 516 1961 enm
542 1886 777 1982 addicenda,
803 1887 943 1962 dicens:
973 1892 1128 1963 Beotn'ce
1151 1893 1200 1963 nti
1222 1879 1364 1981 suardo
1389 1908 1455 1961 con

281 2011 333 2099 nti
356 2011 452 2081 occdi
473 2010 568 2101 pieni
592 2010 629 2081 di
650 2010 771 2102 saville
794 2010 829 2082 α’
842 2030 960 2101 amor,
980 2011 1044 2103 qui
1069 2009 1243 2083 continuo
1269 2008 1401 2084 crescit
1420 2008 1457 2083 in

282 2148 338 2222 ee,
352 2134 391 2202 et
404 2128 522 2223 magis
533 2127 698 2203 accendit
711 2148 811 2223 eum,
829 2150 896 2202 con
911 2122 942 2202 si
955 2132 1077 2221 deici,
1094 2132 1167 2221 cte,
1181 2133 1277 2203 ointo
1295 2131 1367 2203 mia
1385 2130 1459 2203 nir-

283 2243 332 2337 tt,
357 2249 531 2343 humana,
550 2250 644 2322 dicdi
667 2250 698 2321 ie
722 2250 813 2341 reni,
833 2247 938 2344 idest,
961 2250 1055 2325 verti
1075 2257 1273 2347 tergum,e
1295 2252 1397 2341 quasi
1411 2251 1462 2323 mi

280 2370 402 2460 perdet
425 2388 493 2442 con
516 2371 567 2459 nii
594 2370 692 2442 occdi
718 2372 823 2462 ciiii,
849 2370 936 2464 quia
967 2370 1064 2445 oculi
1097 2370 1169 2445 mei
1198 2370 1341 2467 gravati
1375 2379 1461 2445 sunt

284 2488 396 2562 nimio
421 2489 614 2584 splendore
638 2490 834 2563 oculorum
860 2490 952 2564 eius.

347 2750 376 2814 (⁸)
390 2750 422 2801 E.
438 2751 574 2803 actionem.
