4342 6692
681 899 753 967 teu
1075 911 1280 968 conatuum
1306 911 1471 967 nxnxuxsx

681 1062 844 1155 gnoscat,
871 1055 957 1151 quia
983 1055 1152 1152 dirigitur
1176 1056 1224 1131 ab
1250 1056 1422 1132 infallibili
1448 1056 1641 1152 directore,
1672 1055 1852 1133 sciliceta

681 1177 758 1254 Deo
783 1183 821 1252 et
845 1173 1111 1272 intelligentiis3
1138 1176 1237 1252 unde
1261 1197 1408 1273 semper
1433 1183 1610 1272 operatur
1634 1175 1801 1252 ordinate
1815 1171 1852 1270 (¹)

682 1305 720 1374 et
739 1297 968 1394 perfecte-
979 1298 1151 1388 ondeptt.
1165 1297 1272 1372 Nunc
1288 1297 1452 1392 Carolus,
1473 1304 1621 1372 ostenso
1638 1297 1739 1392 quod
1756 1298 1855 1373 Deus

681 1425 719 1494 et
743 1415 876 1492 natura
901 1416 1056 1512 disponit
1079 1417 1203 1492 omnia
1229 1418 1266 1492 in
1283 1419 1422 1492 bonum
1441 1417 1564 1514 tinem,
1582 1418 1740 1505 ostendit
1757 1420 1855 1515 quod

682 1545 814 1615 natura
845 1558 929 1633 quae
958 1538 1205 1635 principaliter
1234 1539 1330 1637 gerit
1361 1560 1491 1615 curam
1524 1539 1571 1614 de
1600 1541 1751 1615 homine
1782 1560 1855 1616 non

682 1661 802 1735 solum
839 1659 923 1735 lecit
958 1659 1077 1754 ipsum
1107 1660 1243 1735 animal
1281 1659 1459 1736 rationale
1497 1659 1560 1736 sed
1592 1661 1704 1736 etiam
1738 1661 1853 1736 civile.

677 1780 784 1856 ¹Unde
801 1787 887 1854 nota
904 1780 1002 1875 quod
1020 1780 1306 1855 communicatio
1323 1779 1437 1854 ciuilis
1453 1779 1500 1854 ad
1516 1781 1719 1854 humanam
1737 1779 1849 1855 vitam

682 1920 754 1974 non
781 1901 898 1974 solum
927 1905 981 1974 est
1013 1899 1113 1973 utilis
1143 1900 1207 1974 sed
1238 1899 1468 1993 necessaria3
1502 1899 1584 1974 ideo
1617 1899 1683 1973 soli
1713 1899 1853 1973 homini

681 2020 779 2095 dedit
804 2039 1011 2095 sermonem
1040 2041 1107 2116 per
1131 2039 1243 2115 quem
1270 2019 1330 2095 alii
1356 2019 1576 2116 signiticaret
1593 2020 1790 2114 expediens
1807 2021 1853 2095 ad

680 2140 891 2216 salvandam
918 2146 955 2216 et
980 2139 1181 2214 ornandam
1215 2140 1339 2214 vitam.
1369 2140 1413 2213 ltt
1447 2139 1533 2233 quia
1564 2138 1689 2214 multis
1717 2139 1855 2237 indiget

680 2261 727 2335 ad
752 2263 831 2334 haec
856 2281 939 2354 quae
965 2267 1096 2334 natura
1123 2281 1198 2336 non
1227 2259 1336 2355 dedit,
1369 2259 1452 2336 ideo
1481 2259 1668 2357 diligentia
1697 2260 1853 2335 hominis

681 2381 839 2484 iurentae
859 2387 944 2454 sunt
962 2380 1178 2477 multiplices
1193 2387 1304 2474 artes,
1322 2381 1458 2475 quibus
1473 2381 1637 2456 humana
1658 2381 1852 2478 indigentia

681 2500 914 2596 suppleretur
928 2492 978 2593 (¹).
1005 2501 1098 2574 llam
1122 2502 1233 2575 homo
1250 2505 1399 2595 propter
1416 2501 1639 2576 nobilitatem
1658 2520 1736 2574 suae
1751 2520 1854 2575 com·

679 2621 856 2718 plexionis
882 2641 955 2694 non
981 2627 1100 2716 potest
1132 2622 1228 2698 vesci
1244 2612 1282 2714 (⁸)
1310 2621 1488 2697 fructibus
1519 2621 1747 2718 simplicitex3
1770 2620 1853 2696 ideo

680 2741 830 2838 reperiit
854 2761 964 2815 usum
992 2741 1096 2836 panis
1120 2762 1207 2816 cum
1227 2748 1328 2815 tauto
1353 2742 1499 2816 labore:
1521 2748 1558 2816 et
1574 2741 1661 2835 quia
1688 2761 1762 2816 non
1787 2761 1853 2836 po·

680 2868 751 2938 test
777 2883 857 2937 esse
882 2868 1074 2937 contentus
1099 2863 1176 2937 sola
1201 2882 1269 2937 sua
1301 2862 1406 2956 pelle,
1436 2861 1518 2936 ideo
1550 2861 1686 2937 invenit
1711 2868 1851 2937 vestem

680 3003 767 3057 cum
793 2988 894 3056 tanto
920 2981 1073 3056 artificio
1098 2987 1225 3056 contra
1251 2987 1306 3055 tot
1330 2981 1562 3056 incommoda
1587 2987 1741 3054 naturae.
1759 2981 1849 3055 ltem

680 3103 765 3199 quia
793 3124 865 3176 non
892 3108 1013 3198 posset
1039 3102 1165 3177 vivere
1189 3102 1227 3174 iu
1251 3101 1430 3196 cavernis,
1455 3101 1675 3197 excogitavit
1698 3101 1849 3176 domurn

680 3222 983 3318 *multipliciler:
1015 3221 1165 3297 bivarus
1196 3221 1294 3296 enim
1330 3221 1425 3295 bene
1454 3221 1606 3296 fabricat
1637 3220 1852 3296 mirabiliter

670 3345 831 3419 'domum
844 3342 864 3386 *
877 3331 914 3435 (ι)
940 3343 976 3416 in
1003 3363 1113 3437 aqua,
1139 3347 1176 3416 et
1201 3341 1358 3417 hirundo
1375 3341 1515 3435 nidum,
1533 3346 1570 3414 et
1586 3360 1722 3415 aranea
1741 3341 1849 3416 telam

679 3485 701 3538 a
728 3469 859 3537 natura
886 3483 958 3537 non
983 3461 1031 3535 ab
1056 3467 1148 3556 arte,
1174 3461 1262 3556 quia
1287 3461 1445 3536 nesciret
1464 3459 1570 3535 aliter
1586 3461 1742 3556 operari.
1769 3462 1849 3535 llu-

678 3583 748 3657 lier
771 3582 895 3656 autem
915 3581 1051 3678 indiget
1070 3581 1277 3676 choenice,
1299 3587 1478 3656 ettamen
1503 3601 1601 3677 saepe
1620 3581 1846 3675 periclitatur

679 3702 716 3777 in
741 3708 873 3798 partu:
900 3701 982 3776 ideo
1003 3703 1115 3775 bomo
1139 3701 1292 3777 incivilis
1311 3721 1378 3797 per
1395 3707 1567 3778 naturam
1585 3721 1659 3776 non
1684 3721 1750 3796 per
1775 3701 1851 3775 lor-

679 3831 807 3898 tnnam
834 3827 899 3898 aut
924 3841 1060 3917 pravus
1085 3827 1151 3916 est,
1183 3828 1250 3898 aut
1280 3821 1413 3896 melior
1441 3842 1553 3916 quam
1587 3823 1710 3897 lromo.
1745 3824 1850 3897 Nunc

677 3944 723 4018 ad
748 3942 893 4017 literam
918 3940 1003 4016 dicii
1027 3948 1160 4016 autor:
1183 3944 1274 4016 ond
1287 3945 1357 4034 epti
1371 3962 1522 4034 ancora,
1539 3941 1674 4018 scilicet
1693 3943 1850 4017 Carolus

677 4062 786 4137 dixit:
813 4082 858 4135 or
882 4063 949 4135 dt’:
973 4067 1054 4156 post
1078 4061 1148 4135 ista
1172 4061 1268 4136 dicta
1293 4061 1474 4137 naturalia
1494 4062 1687 4137 veniamus
1703 4061 1749 4137 ad
1769 4082 1850 4136 mo·

678 4184 792 4278 ralia;
817 4183 960 4256 smedbe
984 4184 1158 4275 itpeppio
1178 4203 1247 4274 per
1270 4179 1470 4256 tuomum
1496 4187 1851 4278 teramnensem

676 4307 778 4378 mere?
794 4303 896 4396 idest,
914 4302 943 4376 si
962 4323 1035 4376 non
1054 4302 1194 4377 viveret
1213 4303 1366 4378 civiliter
1383 4303 1478 4377 sicut
1490 4295 1529 4396 (⁸)
1548 4303 1683 4378 bruta?
1700 4304 1744 4377 Et
1760 4305 1851 4378 sub-

676 4424 728 4498 dit
755 4421 1027 4518 responsionem
1054 4442 1173 4516 suam,
1190 4422 1337 4497 dicens:
1355 4425 1482 4515 rispos'
1494 4425 1549 4495 io:
1567 4415 1611 4515 ci,
1629 4423 1732 4518 idest,
1749 4430 1852 4499 certe
1936 4454 1939 4458 ⁴

676 4544 728 4620 sic
754 4543 851 4639 quod
878 4549 973 4618 esset
998 4542 1119 4638 peius3
1146 4549 1184 4618 et
1202 4542 1312 4618 dicit:
1338 4566 1358 4618 e
1381 4547 1442 4638 qui
1455 4547 1587 4636 ruptam
1604 4565 1677 4617 nou
1692 4547 1848 4637 cieppio,

677 4663 780 4759 quasi
806 4663 924 4738 dicat:
951 4684 1023 4738 non
1053 4663 1238 4759 expendas
1272 4671 1419 4760 tempus
1450 4664 1488 4738 in
1520 4664 1709 4761 probando
1742 4665 1848 4741 istam

737 4899 765 4960 (¹)
780 4898 811 4948 Ε.
827 4898 925 4949 directe
941 4902 968 4948 ct
984 4898 1108 4962 perferte.
1202 4897 1231 4961 l’)
1247 4904 1272 4960 t,
1288 4898 1448 4963 suppleatur.
1543 4896 1572 4961 Γ)
1588 4896 1619 4948 Β.
1635 4897 1823 4951 aufractibus

738 4975 766 5036 (⁸)
781 4975 818 5023 La
834 4975 924 5037 parole
940 4973 980 5024 ira
996 4975 1003 5023 i
1021 4975 1071 5026 dua
1087 4975 1220 5027 astexluclri
1235 4989 1282 5027 son
1298 4976 1410 5040 supplice
1426 4975 1468 5025 dal
1483 4973 1570 5026 Codlcl
1586 4978 1602 5024 t
1618 4987 1633 5024 a
1649 4974 1765 5026 Butam

739 5049 766 5111 (¹)
782 5050 813 5100 E.
830 5050 874 5099 red
890 5050 956 5101 elcut
972 5051 1067 5103 bruta?
1083 5053 1126 5103 Et.
