4342 6692
727 920 866 978 conaus
890 922 1067 989 ouanrus.
1417 908 1486 977 393

318 1078 542 1165 mentorum,
570 1070 715 1143 tandem
741 1087 852 1162 super
868 1068 1045 1142 craticula
1064 1074 1220 1161 assatus,
1237 1088 1323 1142 cum
1342 1086 1489 1141 summa

318 1191 489 1287 patientia
513 1195 638 1285 grates
661 1187 794 1284 agebat
819 1186 1012 1262 altissimo.
1031 1188 1075 1261 lit
1100 1187 1186 1281 quia
1212 1193 1320 1262 autur
1347 1191 1489 1282 poterat

275 1321 280 1329 '
316 1311 460 1387 dicere:
486 1312 557 1387 lroc
582 1308 666 1385 lecit
683 1308 738 1381 vir
755 1313 903 1381 sanctus
914 1308 1071 1401 juvante
1092 1306 1229 1381 virtute
1248 1308 1387 1401 divina3
1406 1306 1487 1381 ideo

316 1430 464 1507 adducit
486 1429 584 1504 aliud
610 1427 821 1524 exemplum
841 1427 908 1500 viri
930 1427 1074 1523 pagani,
1092 1427 1154 1521 qui
1176 1449 1248 1503 non
1267 1448 1333 1523 pro
1351 1434 1488 1501 aetcrna

317 1551 433 1647 gloria
458 1549 521 1624 sed
546 1556 694 1624 terrena
719 1547 815 1621 idern
841 1546 936 1621 lecit.
962 1546 1064 1621 Sicut
1090 1545 1186 1621 enirn
1218 1547 1342 1622 scribit
1367 1544 1489 1621 Livius

318 1670 412 1745 libro
437 1670 618 1744 secundo:
646 1671 830 1743 Porsenna
856 1688 921 1743 rex
949 1675 1077 1763 potens
1102 1673 1138 1742 et
1165 1668 1326 1741 famosus
1353 1666 1389 1741 in
1415 1666 1490 1743 Tu-

318 1790 392 1865 scia
419 1790 544 1863 rolens
570 1789 749 1863 reducere
774 1788 1001 1881 Tarquinum
1025 1789 1228 1881 superbum
1255 1788 1291 1861 in
1318 1806 1490 1882 regnum,

318 1911 448 1985 clausit
472 1908 627 1983 Romam
646 1914 748 1984 arcta
765 1908 953 1983 obsidione
970 1929 1036 2003 per
1054 1916 1191 1984 terram
1218 1915 1256 1983 et
1279 1928 1436 2002 aquam3
1454 1913 1492 1981 et

318 2050 405 2105 cum
431 2034 596 2124 speraret
621 2028 658 2103 in
683 2028 786 2103 brevi
811 2030 979 2105 obtinere
1004 2029 1134 2104 urbem
1162 2048 1227 2123 per
1253 2028 1412 2122 inopiam
1437 2025 1492 2101 vi-

318 2149 508 2243 ctualium,
534 2149 684 2244 quidam
711 2148 839 2223 nobilis
859 2148 1007 2243 juvenis
1033 2169 1211 2222 romanus
1238 2146 1386 2221 nornine
1411 2146 1492 2221 llu-

318 2268 403 2360 tius,
429 2268 582 2343 moleste
608 2268 728 2343 terens
755 2269 848 2342 lranc
872 2268 1135 2364 indignitatem,
1156 2287 1242 2341 cum
1264 2264 1407 2359 licentia
1426 2263 1493 2339 Sc-

318 2386 658 2480 uatus,abscondit0
675 2388 835 2480 cultello,
853 2388 1018 2461 transivit
1036 2388 1073 2461 in
1091 2392 1211 2461 castra
1225 2386 1271 2460 ad
1290 2386 1412 2459 locnrn
1430 2382 1492 2457 ubi

318 2528 383 2583 rex
405 2506 534 2583 sedens
551 2528 618 2601 pru
636 2506 808 2582 tribunali
824 2506 934 2581 dabat
951 2507 1127 2601 stipendia
1147 2505 1330 2598 militibus,
1349 2511 1386 2579 et
1404 2523 1492 2578 can-

317 2627 487 2703 cellarius
512 2627 641 2702 sedens
661 2629 769 2722 juxta
794 2648 882 2702 eum
900 2628 1003 2721 quasi
1022 2628 1059 2701 in
1080 2627 1158 2721 pari
1180 2626 1304 2701 habitu
1326 2630 1488 2699 ornatus.

209 2730 222 2749 ’
318 2747 452 2821 Mutius
476 2746 607 2820 timens
633 2746 820 2840 inquirere
851 2747 934 2839 quis
965 2747 1126 2821 duorum
1161 2753 1257 2821 esset
1293 2746 1490 2835 Porsenna,

318 2887 367 2941 na
392 2865 594 2961 ignorando
620 2886 746 2961 regem
775 2866 1024 2941 manifestaret
1048 2887 1099 2958 se,
1118 2866 1226 2940 irruit
1243 2886 1317 2959 quo
1343 2864 1491 2937 lortuna

319 2986 431 3060 traxit
454 3005 555 3079 eum,
573 2993 610 3060 et
629 2986 760 3060 occidit
783 2987 941 3061 scribam
968 3008 1035 3081 pro
1063 3008 1167 3083 rege3
1195 2993 1232 3061 et
1257 2987 1400 3081 fugiens
1425 3003 1492 3079 per

319 3107 467 3180 turbam
494 3107 672 3199 territam,
701 3106 853 3181 iaciebat
878 3108 943 3181 sibi
972 3108 1068 3181 viam
1086 3128 1172 3181 cum
1195 3108 1315 3203 gladio
1341 3106 1491 3201 sangui-

320 3227 477 3301 nolento.
496 3224 566 3301 Sed
584 3226 739 3301 finaliter
759 3232 1004 3302 concurrente
1023 3227 1256 3301 multitudine
1275 3232 1403 3319 captus
1422 3225 1493 3298 du-

318 3354 400 3422 ctus
424 3352 509 3421 ante
534 3354 770 3440 conspectum
800 3348 896 3443 regis
928 3348 1129 3442 intrepidus
1158 3348 1248 3421 dixit
1281 3347 1394 3421 verba
1419 3346 1492 3421 alta

317 3467 501 3561 animose,
526 3467 672 3561 scilicet,
691 3468 789 3562 quod
815 3475 896 3543 erat
912 3468 1021 3543 Caius
1041 3470 1175 3543 Mutius
1193 3469 1282 3543 civis
1303 3470 1491 3561 romanus,

317 3588 383 3682 qui
409 3588 520 3661 hostis
546 3595 698 3663 venerat
721 3589 900 3663 occidere.
920 3590 1062 3663 hostem
1094 3596 1244 3683 paratus
1276 3590 1352 3684 ipse
1384 3571 1492 3681 mori,

318 3707 405 3801 quia
432 3707 619 3803 proprium
646 3714 742 3783 esset
776 3729 1016 3783 romanorum
1050 3708 1172 3783 lacere
1204 3714 1240 3782 et
1264 3709 1338 3803 pati
1374 3707 1493 3801 fortia,

319 3832 356 3901 et
381 3827 479 3920 quod
505 3828 609 3900 multi
635 3827 769 3901 similes
794 3828 963 3902 venirent
987 3828 1033 3900 ad
1060 3828 1158 3901 hunc
1185 3829 1374 3903 honorem.
1401 3828 1491 3921 Rex,

319 3941 502 4023 accensus
513 3948 568 4023 ira
591 3956 629 4022 et
652 3948 801 4022 territus
822 3948 996 4043 periculo,
1015 3948 1201 4022 mandarit
1219 3955 1259 4022 ut
1280 3952 1492 4043 portaretur

319 4070 413 4167 ignis
436 4070 482 4145 ad
509 4078 747 4163 tormentum,
775 4076 814 4143 ut
837 4070 1027 4167 detegeret
1052 4071 1207 4146 insidias.
1232 4071 1334 4145 Tunc
1360 4070 1493 4144 llutius

321 4192 438 4266 lactus
462 4191 662 4266 animosior
686 4192 809 4266 dicens
826 4212 961 4285 corpus
977 4212 1059 4265 esse
1077 4192 1148 4267 vile
1166 4192 1219 4265 his
1238 4193 1300 4286 qui
1320 4212 1492 4289 magnam

320 4310 476 4405 gloriam
502 4318 642 4405 petunt,
660 4310 782 4385 iniecit
802 4319 931 4405 sponte
959 4332 1110 4384 manum
1129 4313 1164 4385 in
1184 4312 1374 4405 insumet
1394 4311 1492 4385 illam

320 4430 542 4505 comburens
560 4431 753 4505 videbatur
772 4431 953 4505 alienatus
977 4452 1000 4503 a
1026 4452 1147 4505 sensu.
1170 4433 1214 4505 Et
1234 4433 1407 4506 continuo
1428 4451 1494 4506 rex

320 4548 544 4643 stupetactus
570 4550 749 4624 miraculo
780 4550 965 4623 mandavit
996 4556 1037 4623 ut
1064 4552 1212 4645 juvenis
1238 4559 1497 4627 removeretur

319 4668 368 4742 ab
387 4668 483 4764 igne,
500 4669 708 4745 crudeliora
733 4671 770 4745 in
795 4691 835 4745 se
857 4690 970 4763 quam
990 4671 1026 4743 in
1044 4691 1132 4744 euru
1154 4693 1277 4745 ausus.
1297 4672 1399 4746 Tunc
1415 4672 1495 4745 lllu-

320 4788 392 4867 tius
416 4788 521 4881 quasi
548 4798 792 4865 remunerans
818 4790 992 4863 moritum
1015 4792 1112 4887 regis
1128 4802 1256 4887 sponte
1276 4792 1377 4885 dixit,
1395 4793 1495 4885 quod

320 4908 471 4983 trecenti
498 4908 677 5005 principes
695 4930 858 4984 romanae
879 4910 1086 5005 juventutis
1104 4911 1388 4985 coniuraverunt
1405 4931 1495 4985 con-

323 5034 379 5103 tra
404 5048 492 5102 eum
518 5028 556 5102 iu
581 5028 688 5103 simili
713 5030 842 5103 forma.
869 5029 928 5104 Sic
952 5030 1139 5105 Porsenna
1168 5032 1262 5107 lacta
1293 5052 1383 5126 pace
1407 5051 1493 5106 cum
