4342 6692
761 901 899 957 murus
923 900 1068 955 auxius.
1432 888 1504 955 419

325 1048 461 1123 iiaroio
490 1046 626 1125 adiuta.
652 1047 738 1122 ideo
770 1045 893 1121 subdit
917 1044 1161 1120 iustinianus:
1188 1050 1319 1119 oscito
1343 1044 1502 1119 i’ombro

325 1173 413 1245 dciie
439 1189 543 1243 sucre
565 1188 694 1261 pomo,
727 1166 875 1260 sciiicei,
903 1166 1049 1241 uiarum
1081 1185 1255 1260 suarum,
1289 1158 1447 1259 pounod
1477 1168 1506 1241 ii

326 1293 471 1382 mondo,
495 1290 557 1363 iiia
581 1289 717 1383 aquila,
733 1281 760 1361 ri
783 1291 822 1363 di
845 1308 953 1361 muno
976 1291 1015 1362 in
1038 1308 1158 1377 muno,
1181 1288 1383 1363 muliorum
1402 1288 1505 1385 prin·

328 1411 463 1508 cipum,
481 1432 512 1503 e,
529 1403 560 1484 si
583 1411 798 1503 coaptando,
818 1408 922 1504 idest,
940 1408 1117 1482 mutando
1143 1414 1180 1483 et
1199 1407 1375 1484 variando
1394 1409 1503 1505 vices,

326 1535 366 1607 in
388 1553 431 1606 su
455 1535 493 1604 io
515 1534 586 1605 ndu
604 1551 797 1625 paveam,
815 1529 875 1604 iiia
898 1528 1042 1623 aquiia3
1060 1535 1099 1603 et
1114 1528 1166 1603 sic
1183 1529 1399 1624 expediebat
1416 1530 1503 1625 quia

328 1659 409 1729 erat
433 1652 594 1726 muitum
619 1650 777 1747 depiiaia
802 1654 840 1725 et
865 1649 1025 1725 lacerata
1056 1649 1104 1724 ab
1132 1650 1262 1725 avibus
1291 1650 1417 1725 multis
1443 1672 1504 1725 ra-

329 1772 490 1868 pacibus.
504 1812 555 1827 -
569 1776 707 1847 derare.
728 1770 794 1846 iiic
811 1769 1036 1845 iustinianus
1053 1770 1223 1845 describit
1248 1791 1288 1846 se
1312 1773 1360 1846 ab
1386 1770 1503 1866 impe·

329 1892 409 1969 riaii
434 1892 621 1989 dignitate,
645 1914 668 1967 a
694 1891 844 1967 nonrine
868 1890 1028 1985 proprio,
1054 1891 1102 1965 ab
1131 1911 1243 1987 opere
1272 1892 1503 1967 excelientis·

328 2012 433 2088 simo.
468 2012 522 2088 rid
553 2012 653 2106 quod
686 2018 742 2087 ssi
773 2010 964 2087 sciendum
1003 2012 1101 2105 quod
1140 2011 1364 2086 iustinianus
1401 2010 1503 2088 omni

329 2132 465 2209 virtute
489 2138 527 2208 ct
552 2132 721 2208 ieiiciiaie
752 2132 939 2227 refulgens
966 2130 1096 2204 iustini
1123 2131 1259 2205 sororis
1291 2131 1384 2206 iilius
1418 2154 1504 2207 suc·

326 2253 435 2329 cessit
459 2252 614 2349 imperio
641 2272 741 2327 anno
755 2245 791 2345 (¹)
823 2250 954 2327 Christi
986 2250 1280 2347 quingentesimo
1315 2252 1504 2349 trigesimo

328 2380 471 2468 octavo,
488 2372 588 2467 quod
608 2371 839 2447 laudabiiiter
863 2371 925 2447 diu
951 2369 1229 2466 administravit,
1247 2372 1382 2447 scilicet
1398 2373 1503 2447 annis

330 2493 479 2590 triginta
504 2502 599 2569 octo.
624 2493 718 2567 Nam
744 2492 866 2567 statim
884 2511 970 2565 cum
997 2490 1198 2586 imperialia
1223 2492 1306 2587 jura
1332 2491 1502 2588 suscepit,

329 2613 376 2687 ad
411 2613 658 2708 reparandum
695 2612 905 2707 reipubiicae
937 2617 1074 2685 statum
1110 2612 1289 2687 convertit
1314 2613 1502 2708 animum;
1629 2668 1632 2677 .

331 2752 416 2808 nam
434 2734 630 2809 commissa
647 2754 739 2809 cura
757 2733 940 2807 beliorum
962 2733 1084 2828 iegato
1101 2752 1181 2824 suo,
1199 2730 1275 2825 ipse
1295 2732 1503 2815 convocatis

328 2853 472 2950 magnis
497 2853 720 2948 sapientibus
734 2843 771 2945 i'i
799 2852 887 2927 riris
911 2850 1086 2927 consuitis
1110 2850 1209 2925 dedit
1233 2871 1384 2947 operam
1411 2852 1504 2949 iegi-

328 2974 399 3049 bus
423 2974 643 3067 ordinandis,
671 2994 832 3068 quarnm
858 2980 959 3047 tanta
977 2978 1059 3047 crat
1078 2972 1183 3066 copia
1202 2972 1300 3067 quod
1327 2993 1400 3047 non
1426 2972 1504 3047 sui·

329 3094 473 3170 flciebai
503 3095 575 3169 viia
604 3093 762 3169 bominis
791 3092 838 3167 ad
869 3091 1065 3189 legendum
1097 3098 1135 3167 ci
1164 3092 1259 3188 ipsas
1287 3094 1380 3171 mira
1419 3093 1504 3171 bre-

297 3308 300 3311 Φ
328 3216 440 3291 vitate
466 3215 613 3291 reduxit
636 3213 684 3289 ad
709 3234 827 3309 pauca
854 3213 1053 3306 volumina,
1080 3218 1123 3287 ut
1147 3213 1195 3288 de
1219 3235 1259 3289 se
1284 3222 1393 3310 patet.
1412 3216 1505 3292 Dicit

328 3355 437 3431 ergo:
458 3340 586 3409 cesara
603 3337 672 3429 sui,
690 3333 792 3426 idest,
810 3333 1059 3429 imperatione
1083 3355 1150 3408 son
1171 3337 1410 3431 dimicatum
1436 3358 1505 3411 no-

327 3475 415 3530 men
431 3456 528 3530 bene
544 3454 766 3529 conveniens
784 3475 827 3528 re
843 3460 881 3529 et
898 3453 1058 3547 nomine,
1072 3454 1135 3549 qui
1152 3444 1189 3546 (³)
1203 3455 1346 3550 justitia
1363 3462 1400 3531 ei
1415 3457 1504 3552 jure

327 3576 457 3651 orbem
471 3574 711 3651 christianum
731 3573 966 3671 gubernavit,
983 3576 1044 3647 cire
1063 3576 1189 3648 dentre
1206 3578 1274 3649 uile
1290 3578 1393 3670 ieppi,
1410 3575 1506 3651 scili·

328 3702 388 3772 cet
414 3696 586 3791 romanis,
612 3698 721 3769 irasci
737 3698 762 3767 'i
784 3702 911 3788 troppo
935 3696 996 3768 a'i
1010 3716 1117 3784 vano,
1135 3694 1238 3788 idest,
1257 3696 1419 3771 resecavi
1440 3719 1505 3771 su·

329 3818 470 3911 periiua
491 3823 529 3893 et
553 3816 708 3908 inutiiia,
724 3822 761 3891 et
777 3816 899 3890 adhue
916 3813 1023 3889 hodie
1040 3820 1192 3909 possunt
1211 3815 1325 3890 muita
1343 3815 1505 3912 detrabi;

330 3943 368 4011 ei
391 3937 496 4012 dicit:
520 3959 587 4029 per
612 3941 710 4011 ooier
734 3938 792 4010 dei
810 3938 929 4029 primo
954 3954 1059 4007 omer
1075 3935 1175 4007 cb'io
1190 3940 1300 4029 nmio,
1325 3935 1427 4029 quasi
1448 3934 1505 4009 di·

329 4063 409 4131 cat:
435 4057 625 4131 voiuntaie
649 4042 822 4147 divina(*)
847 4054 1032 4151 dignante,
1057 4054 1165 4129 cuius
1190 4056 1348 4151 gratiam
1370 4063 1407 4133 et
1423 4059 1505 4154 gio·

332 4176 425 4251 riam
452 4195 550 4250 nunc
574 4175 691 4251 sentio
709 4175 746 4248 in
763 4174 958 4270 praemium
979 4174 1150 4249 iaborum
1171 4195 1352 4251 meorum.
1367 4182 1502 4253 -dic

330 4297 395 4372 iiic
420 4296 645 4371 iustinianus
669 4293 840 4371 describit
865 4294 1144 4372 conversionem
1171 4316 1297 4391 suam3
1318 4305 1356 4371 et
1385 4298 1506 4393 primo

330 4418 446 4515 tangit
470 4437 653 4510 errorem,
671 4415 802 4490 deinde
819 4421 1068 4490 correctorem
1093 4416 1242 4510 erroris,
1262 4417 1309 4492 ad
1330 4418 1427 4514 qnod
1449 4424 1506 4495 est

330 4538 520 4615 sciendum
537 4536 637 4631 quod
654 4526 908 4627 Theodatusi⁸i
928 4556 995 4610 ren
1012 4539 1226 4633 gothorum,
1245 4538 1308 4632 qui
1324 4540 1425 4635 juste
1449 4546 1504 4615 ie-

394 4812 422 4876 (¹i
438 4812 469 4864 B.
485 4825 555 4864 uno
570 4812 747 4875 pretiosissimi
763 4809 869 4861 Domini
883 4811 968 4863 nothi
982 4810 1164 4875 Redemptoris
1179 4812 1240 4863 iesu
1256 4810 1351 4864 Christi
1367 4816 1424 4865 tau.

395 4887 424 4950 (¹)
439 4888 470 4940 lt
486 4888 644 4952 sapientibus
654 4886 857 4953 iurisconsulti&
1044 4887 1072 4951 (Ἴ
1089 4888 1120 4939 Ε.
1135 4889 1197 4955 quia
1208 4890 1317 4954 justitia.

398 4964 426 5030 θ)
441 4966 472 5017 R
488 4966 582 5026 divina,
599 4966 674 5017 cuius
689 4966 808 5031 graiium.

398 5040 427 5105 i'i
442 5042 473 5093 R
489 5041 647 5104 Tbccduiuu
661 5042 734 5094 mani
749 5041 847 5094 rtrtuia
861 5044 889 5091 ci
904 5038 1028 5093 &licinia
1042 5042 1184 5107 ruiirigens,
1200 5054 1256 5095 rex.
