4342 6692
743 900 883 954 caurus
906 898 1086 967 nunnrus.
1426 888 1504 972 3815Ι

326 1043 597 1119 commendavit
621 1042 838 1137 doctricem,
865 1066 950 1139 quae
975 1053 1099 1141 postea
1126 1045 1326 1122 declaravit
1343 1048 1409 1123 sibi
1428 1050 1503 1123 alia*

325 1162 448 1256 dubia,
465 1164 560 1238 dont
584 1169 684 1259 patet
709 1165 745 1238 in
771 1165 844 1239 dne
868 1166 1026 1262 capituti.
1053 1168 1098 1239 Et
1123 1166 1263 1241 subdit:
1281 1188 1300 1241 e
1315 1172 1419 1261 dore,
1441 1168 1503 1244 rua

325 1283 484 1376 Beutrix,
509 1287 544 1356 io
571 1288 694 1375 uconro
717 1285 783 1357 den
806 1305 902 1359 come
928 1290 953 1359 a·
978 1290 1062 1378 tiro,
1080 1288 1138 1362 ret
1160 1289 1362 1362 secundum
1389 1290 1497 1365 aliam

325 1402 480 1497 literam,
506 1406 594 1477 cua
619 1419 673 1476 mc
697 1406 818 1477 titire
843 1408 866 1477 τ’
878 1426 927 1481 un
951 1426 970 1479 e
995 1408 1018 1480 t
1030 1410 1124 1480 altro
1148 1409 1252 1499 disto,
1275 1408 1376 1502 idest,
1402 1408 1499 1483 desi-

325 1522 470 1597 derium
495 1522 691 1615 utriusque
714 1523 814 1597 dubii
832 1525 1052 1617 declarandi,
1072 1518 1179 1600 stote
1195 1536 1255 1602 tna
1275 1549 1377 1621 curo,
1394 1528 1496 1623 idest,

325 1641 539 1735 sollicitudo,
565 1642 644 1717 sive
668 1642 840 1739 cogitatio
871 1665 956 1739 quae
985 1646 1061 1719 urit
1085 1667 1151 1721 cor
1177 1654 1297 1743 tuum,
1323 1646 1362 1723 se*
1389 1657 1497 1722 stesso

325 1765 416 1854 tenu,
443 1762 538 1836 intra
564 1767 739 1857 mentem,
764 1756 807 1855 si,
825 1766 885 1837 cde
897 1768 984 1858 scor
999 1786 1073 1838 non
1090 1770 1203 1860 spiro,
1221 1788 1288 1863 per
1313 1788 1493 1865 organum

324 1884 418 1959 riuae
439 1883 547 1958 vocis.
562 1924 612 1937 -
628 1889 688 1959 ru.
707 1883 772 1958 Hic
788 1885 934 1958 Beatrirr
954 1906 1127 1981 expresse
1146 1887 1261 1983 tangit
1280 1889 1354 1983 ipsa
1374 1889 1497 1983 dubia,

323 2010 361 2079 et
394 2004 513 2099 primo
543 2005 717 2099 primum,
749 2004 883 2100 dicens,
914 2011 964 2081 Pu
988 2011 1199 2099 ornamenti,
1229 2007 1331 2103 idest,
1357 2010 1495 2105 arguis,

171 2192 181 2205 ,
322 2144 359 2197 sc
376 2127 402 2197 't
424 2125 517 2197 ouon
551 2127 648 2197 noter
680 2126 786 2218 duro,
815 2124 917 2220 idest,
951 2126 980 2199 si
1012 2127 1181 2201 voluntas
1213 2136 1426 2223 perseverat
1459 2128 1495 2201 in

322 2242 422 2317 bono
445 2244 641 2339 proposito,
667 2247 704 2316 to
728 2247 888 2317 umlcnza
908 2248 1027 2340 attriti,
1049 2246 1199 2321 veniens
1224 2248 1271 2321 ab
1297 2255 1414 2342 extra,
1426 2264 1496 2341 per

321 2365 591 2456 diminucione,
617 2364 722 2459 quasi
747 2364 855 2459 dicat,
879 2385 954 2439 non
980 2366 1087 2441 rideo
1112 2386 1275 2461 causam,
1303 2372 1352 2442 mr·
1380 2388 1496 2443 scema

321 2488 358 2558 to
374 2487 508 2557 nn'crrra
524 2488 584 2558 del
597 2488 787 2558 noerttore?
803 2485 905 2579 idest,
926 2507 1044 2580 quare
1064 2486 1234 2561 diminuit
1247 2482 1285 2579 (¹)
1305 2488 1391 2562 mihi
1416 2508 1497 2563 mo-

320 2606 410 2679 dum
437 2606 556 2681 meriti
582 2611 620 2681 et
649 2606 929 2681 minorationem
963 2608 1116 2702 praemii,
1142 2608 1236 2683 sicut
1268 2609 1405 2684 dictum
1440 2616 1497 2683 est

320 2724 367 2800 de
378 2724 584 2801 Constantia
601 2733 639 2801 et
652 2726 852 2801 Pichardat
866 2728 910 2800 ut
927 2718 1089 2824 tangite)
1105 2727 1308 2802 secundum
1324 2728 1490 2825 dubium,

320 2844 462 2919 dicens:
488 2866 613 2937 ducor,
638 2844 741 2939 idest,
768 2852 958 2941 praeterea,
984 2849 1022 2919 di
1045 2848 1185 2921 dubitor
1211 2850 1236 2920 n·
1261 2838 1320 2919 dd·
1334 2852 1493 2941 cantone,

320 2965 422 3059 idest,
436 2973 563 3040 causat
575 2966 637 3039 tibi
651 2966 854 3039 secundum
872 2967 1040 3059 dubium,
1050 2988 1164 3059 parer
1180 2972 1337 3041 tornorn'
1354 2972 1494 3042 tunimo

319 3088 388 3159 atie
410 3088 515 3178 stelle,
534 3086 710 3180 aquibus
737 3093 929 3177 venerunt,
945 3089 1095 3159 secondo
1112 3089 1149 3159 io
1170 3094 1334 3160 scotoma
1351 3090 1389 3161 di
1406 3092 1492 3163 Pto-

319 3213 411 3299 (οπο,
431 3204 533 3300 idest,
551 3205 650 3300 quod
675 3211 870 3310 attestatur
889 3205 1047 3300 opinioni
1070 3205 1240 3299 Platonis,
1266 3212 1304 3280 et
1328 3214 1384 3281 est
1409 3225 1492 3281 sen-

317 3326 430 3401 tentia
454 3324 606 3399 diffinita
619 3316 656 3416 (⁸)
683 3324 796 3399 animi
816 3326 983 3399 voluntas
999 3325 1134 3420 scripto
1153 3326 1209 3400 vel
1229 3346 1319 3400 voce
1336 3327 1488 3422 prolata.

316 3448 361 3521 ut
385 3445 569 3520 concludit
592 3445 757 3519 Beatrix:
783 3452 896 3537 qroertc
926 3466 991 3518 son
1016 3449 1048 3520 te
1071 3448 1221 3537 quenda
1251 3449 1311 3519 cte
1333 3454 1492 3538 pontano

315 3570 523 3659 imrulmcnte
546 3570 605 3640 oct
619 3574 677 3640 tuo
693 3567 789 3658 velte,
810 3564 913 3659 idest,
931 3586 1015 3660 quae
1033 3572 1207 3662 premunt
1229 3566 1366 3660 pariter
1387 3571 1490 3640 tuam

317 3687 555 3782 voluntatem,
581 3708 600 3760 c
619 3679 710 3779 perd
725 3689 811 3777 prio
836 3682 981 3759 notterd
1001 3690 1128 3779 quella,
1149 3686 1295 3781 scilicet,
1318 3686 1491 3780 quastio-

317 3826 402 3882 nem
427 3806 640 3898 secundam,
656 3808 716 3879 cte
728 3801 790 3897 ptri
810 3808 857 3877 to
881 3808 919 3879 dt
940 3808 1032 3897 scite,
1050 3806 1136 3900 quia
1158 3812 1279 3899 posset
1305 3826 1489 3889 venenare

316 3929 482 4003 animum
510 3934 630 4000 tuum.

389 4050 452 4121 ur
470 4050 618 4140 Sanan.
645 4047 716 4120 Ista
740 4051 797 4120 ert
820 4044 981 4119 secema
1007 4065 1091 4137 pars
1116 4046 1310 4141 generatis,
1342 4046 1380 4119 in
1413 4064 1486 4139 qua

316 4165 462 4242 Beutrix
488 4167 651 4241 breviter
676 4171 714 4240 ot
737 4165 838 4239 clare
857 4164 964 4238 solvit
981 4164 1183 4239 secundum
1210 4164 1364 4238 dubium
1390 4164 1489 4260 peri-

315 4288 493 4382 cutosius3
520 4294 558 4361 et
577 4286 674 4379 dicu,
692 4286 790 4380 quod
808 4305 938 4360 omnes
955 4284 1064 4379 boati,
1081 4285 1309 4382 arcangeli,
1326 4284 1404 4359 sire
1421 4285 1489 4357 ho-

314 4407 432 4483 mines
452 4408 589 4482 hahent
613 4426 719 4480 suam
747 4404 871 4481 aedem
897 4405 935 4478 in
960 4405 1055 4479 coelo
1075 4423 1268 4501 empyre03
1285 4404 1349 4479 sed
1367 4404 1490 4478 direr-

314 4528 486 4603 sitasdoci
503 4528 587 4602 tacit
604 4527 751 4623 signum
769 4525 983 4601 differentiae
1000 4526 1137 4623 gloria.
1157 4525 1247 4600 Dicit
1265 4545 1373 4621 ergo:
1391 4527 1489 4597 coint

314 4651 368 4723 dr
383 4652 538 4742 serafin
569 4648 671 4740 idest,
705 4647 765 4720 itte
795 4646 949 4742 angelus
974 4645 1020 4720 de
1054 4644 1182 4720 ordine
1205 4643 1492 4740 seraphinorum¹

314 4770 388 4864 qut·
404 4758 535 4843 ardent
558 4784 689 4842 amore
712 4766 789 4860 Det,
806 4768 867 4840 cic
882 4761 944 4858 piri
968 4769 997 4838 ε’
1008 4758 1120 4857 nata,
1142 4765 1244 4860 idest,
1265 4764 1382 4861 magis
1400 4783 1489 4838 con-

376 5031 405 5095 (¹)
421 5038 445 5093 t,
462 5032 564 5083 minuit.
690 5030 764 5093 (⁸)lt.
781 5030 816 5081 Bt
831 5028 918 5080 subdit
931 5029 1084 5080 ”cundum
1209 5026 1237 5091 (⁸)
1253 5028 1284 5079 E.
1300 5026 1439 5080 deflntttru.

449 5138 487 5182 Π.
1325 5135 1352 5179 2d
