4342 6692
674 906 742 973 126
1029 917 1236 973 domuncula
1258 918 1481 974 ruuolconn

669 1060 815 1137 linitura
841 1068 896 1139 est
922 1068 1043 1138 vestra
1070 1085 1178 1159 poena
1205 1063 1374 1159 quamvis
1399 1064 1519 1161 longa,
1546 1066 1577 1137 te
1601 1065 1759 1138 memma
1776 1067 1848 1137 mie·

668 1204 739 1256 nou
763 1204 828 1257 son
853 1186 983 1257 rimmo
1008 1184 1144 1277 acerbe,
1168 1185 1315 1278 scilicet,
1334 1184 1590 1280 injuventute,
1622 1178 1668 1258 ne*
1690 1190 1837 1278 mamre,

668 1305 813 1399 scilicet,
840 1305 876 1378 in
902 1310 1108 1379 senectute:
1135 1305 1339 1380 eratenim
1372 1305 1565 1381 mediocris
1590 1306 1718 1401 aetatis,
1744 1305 1839 1380 scili-

668 1432 727 1501 cet
752 1424 898 1519 triginta
924 1425 1087 1519 quinque
1113 1444 1309 1519 annorum,
1339 1428 1378 1499 di
1402 1416 1452 1516 td,
1470 1425 1616 1520 scilicet,
1640 1425 1676 1499 in
1700 1426 1840 1500 mundo

669 1545 882 1639 viventium,
909 1545 1013 1639 quasi
1043 1544 1139 1618 dicat
1170 1564 1243 1618 non
1274 1566 1358 1619 sum
1392 1550 1579 1640 mortuus3
1606 1544 1704 1619 unde
1734 1545 1837 1619 dicit:

670 1682 728 1740 ma
752 1688 818 1739 son
843 1667 902 1757 qut
926 1684 1033 1755 meco,
1051 1666 1197 1758 scilicet,
1216 1665 1387 1761 viventia,
1412 1670 1469 1739 col
1485 1685 1619 1757 scupea
1641 1686 1705 1739 suo
1730 1688 1749 1740 e
1774 1682 1838 1739 coo

670 1788 700 1860 lc
723 1807 783 1859 sue
806 1789 977 1877 pinotere.
1003 1786 1047 1859 nt
1072 1785 1159 1880 quia
1185 1785 1221 1859 in
1247 1787 1420 1881 petitione
1448 1786 1586 1861 dictum
1621 1786 1742 1863 iuerat
1773 1788 1838 1861 silli

669 1906 768 2000 quod
794 1926 867 1979 non
893 1905 968 1979 ibat
994 1912 1075 2001 post
1099 1905 1189 1980 alios
1203 1910 1362 2002 'propter
1384 1905 1590 1981 tarditatem
1613 1907 1711 2001 quod
1731 1908 1840 1982 cede·

670 2026 731 2100 bat
756 2025 822 2099 sibi
848 2025 894 2100 ad
919 2025 1087 2122 gloriam,
1106 2024 1187 2100 ideo
1205 2024 1281 2121 ipse
1306 2025 1369 2120 qui
1395 2046 1469 2100 non
1495 2026 1626 2121 quaerit
1643 2048 1742 2101 nunc
1758 2028 1840 2102 lau-

668 2147 765 2242 dem,
796 2147 863 2221 ¹sed
897 2147 1154 2243 purgationem
1187 2166 1341 2219 suorum
1378 2151 1612 2242 peccatorum
1647 2148 1841 2245 respondet

669 2268 856 2341 humiliter
881 2264 1057 2341 confitens
1086 2283 1193 2341 suam
1224 2265 1484 2364 negligentiam
1511 2274 1549 2342 et
1579 2267 1839 2365 ignorantiamg

671 2388 767 2463 unde
791 2388 895 2462 dicit:
928 2389 1043 2479 quioci
1075 2408 1117 2459 su
1146 2409 1203 2481 oo,
1236 2406 1302 2482 per
1336 2392 1498 2462 montem
1524 2388 1649 2483 istum,
1678 2410 1745 2481 per
1768 2410 1840 2462 non

670 2528 763 2583 esser
783 2502 844 2600 ptri
861 2511 965 2598 cieco,
992 2506 1078 2601 quia
1105 2507 1212 2580 nimis
1236 2506 1297 2581 diu
1325 2506 1376 2580 sui
1402 2514 1440 2582 et
1464 2507 1571 2580 nimis
1595 2508 1734 2582 tardavi
1759 2528 1839 2603 poe-

671 2629 880 2723 nitentiam3
911 2626 974 2702 sed
1009 2626 1127 2723 gratia
1161 2627 1226 2702 Dei
1260 2628 1443 2702 succurrit
1472 2628 1571 2702 mihi.
1601 2627 1704 2703 Unde
1735 2628 1838 2703 dicit:

670 2752 794 2823 donno
827 2746 848 2823 e*
875 2750 912 2823 di
940 2766 1062 2843 sopra,
1096 2747 1241 2843 scilicet,
1274 2748 1433 2842 Beatrirn
1464 2755 1506 2822 ut
1539 2748 1670 2823 totiens
1700 2748 1836 2823 dictum

671 2874 736 2964 est,
764 2872 823 2943 cde
847 2872 881 2942 η’
895 2870 1053 2960 coqutsta
1077 2871 1228 2960 prazt'a5
1253 2866 1336 2942 ideo
1361 2868 1457 2941 misit
1482 2867 1672 2964 Virgilium
1694 2868 1741 2942 ad
1765 2887 1837 2963 me,

664 2987 794 3083 perotd
807 2993 833 3063 't
856 2992 1014 3081 mortale,
1042 2989 1187 3084 scilicet,
1210 3008 1355 3084 eorpus,
1372 3010 1455 3062 roco
1468 3010 1534 3081 per
1551 2996 1668 3081 questo
1693 2993 1836 3081 mondo,

670 3109 771 3206 idest,
797 3117 903 3206 porto
929 3131 994 3206 per
1020 3109 1287 3207 purgatorium.
1302 3114 1438 3184 —liu
1461 3110 1526 3184 llic
1551 3116 1658 3206 poeta
1683 3111 1839 3186 dulciter

669 3230 814 3305 adiurat
839 3230 1028 3325 praedictos
1056 3237 1096 3303 ut
1122 3229 1353 3304 manifestent
1378 3251 1418 3305 se
1443 3236 1480 3305 et
1509 3229 1598 3305 alios
1628 3230 1840 3306 recedentes

669 3350 706 3424 in
732 3348 954 3424 contrariam
980 3354 1134 3445 partem.
1157 3349 1261 3423 Unde
1281 3350 1396 3450 dicit:¹
1414 3354 1477 3424 Mc
1492 3372 1530 3423 se
1547 3353 1583 3424 to
1600 3358 1720 3424 vostro
1737 3371 1839 3442 mop-

669 3474 750 3563 ptor
775 3472 893 3561 voglio
917 3472 1068 3561 divepna
1094 3477 1180 3543 tosto
1196 3474 1312 3561 cazia,
1336 3490 1421 3565 quae
1441 3490 1540 3545 nunc
1566 3476 1620 3546 est
1646 3472 1694 3547 ita
1720 3472 1836 3567 avida,

668 3583 781 3664 sicto
794 3594 819 3663 't
843 3593 907 3664 ciet
931 3592 1140 3682 o'atderplti,
1175 3611 1248 3666 non
1273 3592 1410 3666 coelum
1439 3592 1574 3667 mobile
1602 3593 1666 3667 sed
1692 3613 1837 3689 semper

671 3709 852 3804 quietum,
879 3707 961 3785 ct'd
985 3714 1066 3804 pion
1090 3714 1255 3802 domoc,
1281 3710 1429 3805 scilicet,
1454 3713 1590 3786 coelum
1616 3733 1835 3810 empyreum

670 3829 768 3924 quod
795 3837 913 3904 lotum
939 3837 993 3906 est
1019 3833 1081 3905 lux
1109 3838 1145 3907 et
1169 3852 1286 3927 amor,
1301 3827 1363 3925 pid
1387 3835 1506 3925 empto
1529 3836 1561 3907 si
1583 3837 1722 3928 oppeto,
1748 3835 1833 3929 quia

646 3949 828 4029 ¹continet
854 3972 982 4026 omues
1007 3953 1120 4026 coelos
1146 3951 1240 4027 intra
1266 3972 1325 4046 se3
1351 3954 1469 4025 ditem
1492 3954 1546 4026 cti
1574 3956 1638 4026 voi
1655 3958 1747 4046 stete,
1774 3955 1836 4048 qui

670 4069 754 4143 estis
779 4069 816 4143 in
842 4070 907 4146 ista
933 4072 1054 4167 turba,
1080 4092 1099 4145 e
1123 4074 1177 4145 cu·
1200 4065 1221 4145 e*
1243 4074 1357 4165 quella
1377 4072 1481 4145 orrea
1504 4075 1564 4146 cde
1588 4067 1618 4147 si
1642 4094 1686 4147 oe
1712 4096 1758 4147 oa
1782 4078 1837 4149 di-

520 4216 524 4225 ¹
668 4196 765 4263 retro
783 4193 820 4263 ai
836 4194 946 4264 vostri
970 4194 1108 4285 terpltt?
1132 4192 1176 4265 Et
1200 4191 1303 4265 dicit:
1331 4184 1428 4265 occid
1452 4195 1627 4265 ct’cncor
1649 4214 1693 4266 ne
1718 4198 1839 4286 oerpti

668 4316 776 4401 carte,
803 4310 904 4405 idest,
940 4310 1095 4406 lineem3
1122 4312 1227 4406 quasi
1255 4310 1363 4407 dicat,
1397 4318 1438 4385 ut
1467 4312 1624 4387 scribam
1656 4312 1702 4387 de
1736 4314 1839 4388 vobis

668 4434 705 4503 et
730 4429 813 4504 dem
840 4430 942 4541 vobis
968 4432 1118 4526 lamam,
1136 4430 1166 4505 si
1185 4432 1220 4505 iu
1244 4432 1383 4506 mundo
1401 4431 1576 4508 remansit
1593 4430 1740 4507 infamia
1757 4432 1839 4507 libi·

666 4548 768 4623 dinis.
783 4590 831 4603 -
845 4554 935 4624 Nou.
962 4552 1027 4627 llic
1051 4558 1160 4648 poeta
1186 4552 1355 4627 describit
1387 4550 1558 4627 effectum
1586 4571 1664 4625 suae
1689 4572 1840 4649 rospon-

667 4667 787 4763 sionis‚
813 4676 849 4745 et
875 4670 960 4746 dicit
984 4692 1070 4746 cum
1099 4672 1373 4767 comparatione
1396 4674 1495 4747 clara
1526 4670 1625 4765 quod
1655 4669 1704 4744 illi
1734 4672 1839 4768 spiri-

667 4793 725 4861 tus
751 4789 875 4865 audito
901 4790 948 4866 de
973 4812 1041 4866 suo
1059 4792 1185 4867 vivere
1205 4787 1449 4889 prae'stupore
1468 4792 1755 4886 obmutuerunt3
1773 4793 1837 4868 sed

668 4911 778 5004 paulo
803 4917 883 5005 post
907 4911 1070 5007 deposito
1096 4918 1246 5008 stupore
1270 4912 1388 4988 Guido
1409 4909 1632 4988 Guinicellus
1648 4912 1758 5008 coepit
1776 4934 1837 4988 ro-

668 5030 847 5125 spondere
872 5031 918 5107 ad
943 5033 1139 5127 quaesitum
1161 5052 1282 5107 snum.
1301 5033 1403 5109 Unde
1418 5032 1522 5109 dicits
1541 5039 1591 5107 Lo
1609 5040 1833 5127 moutanmo,
