4342 6692
740 944 880 1001 CANTUS
904 944 1098 1002 succubus.
1433 938 1502 1004 347

329 1096 367 1167 et
383 1089 541 1184 ialiibiie,
559 1088 624 1164 ubi
641 1110 771 1165 sensus
796 1089 883 1165 nibil
908 1095 1084 1186 operatur
1104 1090 1151 1165 ad
1168 1090 1412 1187 cognitionem
1436 1091 1500 1186 rei,

329 1231 417 1287 cum
442 1209 561 1285 omnis
586 1216 711 1285 nostra
737 1210 896 1307 cognitio
920 1210 984 1285 flat
1007 1231 1031 1285 a
1055 1231 1177 1286 sensu.
1195 1211 1288 1285 Dicit
1311 1232 1419 1309 ergo:
1438 1214 1505 1286 etto

327 1336 664 1425 monteacuto,
689 1332 792 1426 qnasi
823 1332 949 1407 volens
977 1331 1101 1407 dicere
1128 1332 1248 1427 tacite,
1276 1353 1350 1407 non
1382 1333 1501 1407 sotum

328 1454 502 1550 vulgares
526 1457 653 1527 errant
679 1450 876 1527 fabulando
900 1452 947 1527 dc
972 1472 1017 1526 eo
1049 1453 1148 1546 quod
1180 1472 1278 1527 nuno
1310 1452 1412 1549 petis,
1440 1454 1503 1528 scd

329 1572 440 1649 etiam
467 1571 592 1669 magni
617 1571 797 1667 sapientes
822 1571 1109 1668 philosophando
1138 1574 1184 1648 de
1214 1574 1283 1653 boc
1314 1580 1459 1649 errant:
1486 1598 1504 1648 e

325 1695 390 1785 poi
408 1695 457 1765 mi
475 1696 586 1766 dure:
602 1696 629 1766 e·
647 1696 750 1767 sbott
768 1695 1058 1784 d’ommtroztoo,
1075 1694 1178 1789 idest,
1197 1694 1346 1791 sagiptae
1364 1695 1422 1769 vei
1439 1694 1503 1768 sti-

330 1811 433 1906 muti,
450 1820 545 1886 certo
569 1834 642 1885 roco
667 1816 693 1886 ti
715 1815 864 1886 domno
882 1834 1036 1907 ponpcr,
1053 1812 1145 1888 idest
1169 1814 1321 1888 turbare
1341 1816 1399 1889 vet
1423 1834 1503 1889 mo·

328 1933 464 2007 testare
488 1934 654 2008 animum
686 1940 805 2028 tuum,
831 1936 939 2025 moni,
965 1934 1068 2028 idest,
1093 1933 1274 2029 deinceps,
1301 1938 1365 2027 poi
1391 1936 1503 2008 dicero

329 2057 368 2128 oi
390 2057 494 2146 sensi,
518 2054 622 2148 idest,
654 2054 751 2129 nitra
782 2074 923 2148 sensns,
954 2075 993 2126 se
1016 2057 1053 2128 to
1082 2058 1224 2147 opinion
1259 2056 1315 2129 dci
1344 2058 1528 2149 mortali,¹

328 2172 431 2269 idest,
457 2173 649 2248 bominum
675 2173 713 2247 in
737 2173 857 2268 terris,
875 2194 975 2262 erro,
993 2174 1096 2268 idest,
1115 2172 1262 2266 fallitur,
1280 2176 1368 2247 dove
1384 2176 1503 2247 ebione

328 2296 368 2368 dt
387 2315 491 2367 seruo
516 2314 590 2367 noo
614 2296 785 2385 dt'ssmo,
814 2292 916 2389 idest,
940 2294 977 2368 in
1003 2314 1045 2369 re
1070 2294 1182 2368 dubia
1208 2294 1326 2389 qualis
1351 2300 1407 2368 est
1423 2294 1503 2387 ista,

329 2434 415 2508 quse
448 2434 521 2488 non
546 2419 665 2508 potest
694 2413 937 2488 demonstrari
967 2433 1033 2510 per
1066 2434 1229 2508 sensum,
1265 2413 1370 2508 quasi
1395 2413 1501 2509 dicat,

329 2532 392 2607 nbi
418 2554 490 2609 non
517 2538 635 2628 potest
665 2532 791 2607 baberi
823 2532 982 2629 cognitio
1011 2533 1059 2608 de
1091 2554 1133 2608 re
1165 2532 1348 2607 mediante
1379 2554 1501 2627 sensu,

328 2652 423 2728 sicut
447 2659 502 2728 est
527 2652 565 2727 in
589 2655 758 2749 praesenti
784 2654 979 2749 proposito,
997 2653 1084 2749 quia
1102 2653 1202 2729 visus
1222 2654 1280 2727 vel
1304 2654 1398 2727 alius
1419 2674 1504 2729 sen-

329 2793 393 2847 sus
419 2779 543 2848 noster
566 2792 641 2846 non
665 2773 810 2869 attingit
832 2772 879 2847 ad
905 2772 1097 2848 ridendam
1124 2773 1182 2847 vel
1209 2772 1501 2868 cognoscendam

331 2893 510 2968 rationem
528 2892 683 2968 istorum
702 2892 904 2989 signorum,
922 2912 1006 2986 quae
1022 2897 1199 2987 apparent
1220 2891 1256 2965 in
1281 2891 1384 2985 luna3
1404 2892 1502 2967 unde

329 3010 449 3086 addit:
475 3015 554 3086 oedt
576 3014 636 3086 cire
661 3014 698 3086 to
722 3016 852 3104 raptore
876 3015 922 3085 bo
947 3019 1042 3087 corte
1067 3015 1099 3085 tc
1122 3014 1185 3104 oti,
1210 3011 1311 3108 idest,
1339 3033 1410 3086 non
1437 2986 1528 3107 po-⁸

329 3138 401 3209 terr
425 3134 551 3208 votare
567 3134 613 3208 ad
629 3133 875 3230 cognitionem
896 3134 1007 3208 buius
1028 3132 1080 3207 rei
1099 3132 1176 3207 sine
1197 3152 1325 3227 sensu;
1347 3132 1428 3207 ideo
1446 3139 1502 3207 est

330 3253 552 3329 insufficiens
577 3254 670 3328 sicut
691 3254 811 3328 statim
830 3254 1022 3328 conabitur
1043 3254 1211 3349 probare.
1226 3293 1276 3306 -
1288 3258 1350 3327 Mo
1370 3256 1500 3327 dimmi.

329 3375 395 3450 Hic
419 3375 565 3465 Beatrir
591 3375 719 3449 volens
743 3374 962 3469 impugnare
987 3372 1194 3468 opinionem
1222 3392 1307 3467 quae
1332 3392 1503 3447 commu-

329 3495 424 3571 niter
451 3495 609 3570 habetur
643 3494 679 3569 in
710 3494 817 3569 terris
847 3493 946 3588 apud
975 3514 1130 3591 magnos
1159 3492 1356 3587 naturales,
1383 3492 1502 3588 primo

328 3618 416 3713 petit
440 3616 489 3691 ab
513 3622 646 3691 autore
670 3614 717 3691 de
742 3614 913 3710 opinione
929 3635 1007 3708 sua,
1029 3613 1170 3689 dicens:
1195 3618 1257 3687 Mo
1282 3616 1403 3687 ommi
1425 3616 1505 3706 poet
1588 3665 1593 3674 -

328 3738 388 3810 cte
412 3742 448 3811 tu
472 3738 521 3810 do
546 3744 577 3810 te
600 3758 644 3809 ne
662 3738 777 3830 pensi,
809 3734 913 3830 quasi
946 3734 1064 3808 dicat:
1095 3734 1190 3808 bene
1224 3734 1298 3808 scio
1330 3734 1429 3827 quod
1461 3740 1499 3809 tu

330 3856 441 3932 sentis
465 3877 551 3931 cum
577 3856 656 3931 aliis
679 3853 910 3955 philosophis,
934 3854 1032 3927 unde
1056 3853 1231 3927 continuo
1257 3853 1423 3947 sequitur
1442 3874 1501 3929 re-

331 3977 477 4072 sponsio
501 3975 641 4052 autoris
665 3974 835 4050 dicentis:
861 3980 895 4048 et
915 3976 965 4065 io,
986 3971 1124 4068 suppte,
1144 3973 1323 4067 respondi,
1349 3973 1502 4047 credens

330 4096 453 4172 dicere
480 4117 613 4171 verum
644 4095 743 4189 qnod
776 4096 847 4169 boc
879 4093 1099 4188 procedebat
1132 4114 1155 4167 a
1189 4114 1276 4168 raro
1301 4098 1338 4168 et
1370 4092 1501 4186 dens03

331 4217 431 4291 unde
455 4215 562 4290 dicit:
588 4218 694 4290 credo
718 4218 779 4288 obe
802 4218 817 4289 i
839 4218 940 4308 corpt
961 4218 1044 4288 ron·
1067 4235 1087 4287 e
1110 4216 1221 4305 deut,
1242 4212 1344 4307 idest,
1372 4212 1502 4287 raritas

331 4344 370 4412 et
393 4334 552 4411 densitas
576 4336 614 4409 in
639 4354 794 4430 corpore
809 4334 919 4428 tnnae,
942 4338 1056 4428 sonno
1072 4327 1126 4407 eid
1142 4336 1203 4408 cte
1221 4335 1414 4427 n'oppare,
1431 4332 1502 4407 sci·

330 4456 426 4551 iicet,
452 4454 556 4531 nobis
580 4455 790 4532 bominibus
815 4452 1053 4529 existentibus
1079 4453 1115 4528 in
1141 4459 1253 4543 terra,
1274 4457 1412 4527 diuerso
1432 4470 1502 4551 qno

331 4598 386 4669 su,
411 4576 556 4670 scilicet,
581 4576 619 4650 in
652 4576 757 4670 ueto,
784 4574 833 4650 ita
861 4574 962 4669 quod
991 4574 1123 4649 raritas
1152 4574 1188 4647 in
1221 4594 1376 4669 corpore
1405 4574 1503 4647 lunae

331 4696 416 4771 tacit
441 4695 730 4789 umbrositatem,
752 4694 910 4790 spissitas
926 4688 962 4787 (¹)
982 4714 1072 4770 vero
1093 4694 1326 4770 luciditatem.
1344 4694 1388 4767 Et
1401 4685 1439 4787 (¹)
1457 4694 1502 4768 ad

331 4816 441 4890 huius
466 4816 580 4889 iitcrae
605 4814 825 4889 evidentiam
854 4821 909 4890 cst
939 4814 1219 4909 advertendum,
1246 4814 1345 4909 quod
1376 4814 1502 4889 multe

394 5072 422 5138 (¹)
438 5072 469 5124 R
485 5072 632 5136 ‘effim-
921 5069 951 5134 (¹)
966 5076 990 5133 ί»
1006 5070 1064 5122 sod.
