4342 6692
692 866 760 939 rto
1047 875 1253 935 somnum
1274 875 1496 933 runorronn

688 1022 793 1117 quasi
817 1020 986 1114 materia,
1005 1023 1043 1095 tn
1068 1023 1183 1113 poeto
1195 1024 1331 1115 smero,
1346 1018 1494 1112 sciltoet,
1511 1018 1676 1113 corporis
1692 1018 1857 1113 humani,

687 1144 760 1235 oie,
775 1142 877 1236 idest,
889 1162 1003 1236 quam
1022 1140 1194 1234 sormam,
1209 1142 1368 1231 soqtho
1388 1142 1428 1213 tn
1445 1141 1508 1232 tui,
1527 1138 1633 1232 idest,
1650 1158 1855 1233 repraeseo·

688 1268 742 1338 tat
766 1262 803 1339 in
832 1261 909 1357 ipso
939 1282 1039 1357 aere,
1065 1263 1304 1338 reuomente
1332 1262 1467 1333 totum
1494 1260 1555 1335 cte
1581 1262 1723 1351 mnne,
1751 1259 1857 1351 idest,

688 1382 810 1464 anima
836 1404 920 1476 qnae
953 1382 1129 1457 remansit
1152 1380 1214 1475 ibi,
1239 1400 1325 1475 quae
1355 1380 1466 1455 habe
1496 1379 1696 1474 potentiam
1729 1380 1857 1476 impri-

690 1502 812 1580 mendi
838 1505 947 1580 talem
974 1504 1143 1579 sormam.
1157 1507 1252 1575 -Ε
1272 1503 1501 1592 rorntqtonte.
1531 1500 1597 1574 llio
1629 1499 1766 1575 Statim
1789 1520 1856 1595 per

688 1622 797 1699 mom
830 1624 1000 1699 subtilem
1031 1622 1346 1718 comparationem
1379 1619 1538 1697 ostendit
1570 1620 1744 1697 virtutem
1775 1620 1858 1699 talis

688 1742 822 1820 animae
846 1743 898 1818 sic
915 1743 1133 1836 habituatae3
1150 1748 1189 1820 et
1203 1741 1369 1817 breviter
1384 1740 1481 1834 dicit,
1497 1740 1597 1835 quod
1612 1740 1736 1817 anima
1752 1740 1856 1817 dein-

689 1882 773 1957 oeps
797 1870 919 1959 portat
942 1884 1089 1958 semper
1117 1882 1245 1938 secum
1273 1861 1433 1939 formam
1458 1861 1602 1937 noviter
1625 1861 1856 1956 requisitam,

688 1980 783 2057 sicut
802 1982 894 2078 iguis
911 1983 1112 2059 flammam.
1130 1982 1175 2057 lit
1191 1988 1248 2057 est
1264 1980 1411 2077 propria
1427 1980 1654 2076 comparatio
1669 1981 1716 2056 (le
1732 1980 1857 2060 anima

688 2099 904 2197 incorporea
927 2103 975 2177 ad
999 2102 1137 2199 ignem,
1160 2101 1225 2195 qui
1250 2108 1306 2179 est
1331 2121 1466 2195 eorpus
1481 2099 1627 2194 subtile,
1646 2100 1857 2197 spiritnolo3

690 2219 787 2297 unde
811 2221 923 2315 aliqui
949 2221 1083 2317 opinati
1100 2229 1187 2297 sunt
1206 2220 1368 2297 animam
1386 2240 1468 2297 erse
1483 2219 1618 2317 ignem.
1637 2219 1730 2296 Dicit
1749 2241 1856 2318 erqo:

688 2344 862 2436 Esorrno
885 2346 1036 2435 novello,
1062 2362 1176 2436 quam
1202 2341 1319 2417 induit
1346 2339 1414 2415 sibi
1430 2340 1562 2415 anima
1586 2360 1634 2415 ex
1664 2341 1725 2415 illo
1753 2362 1854 2437 aere,

688 2480 790 2550 repre
814 2464 886 2535 olto
909 2465 1032 2555 specu
1056 2483 1134 2554 suo,
1154 2460 1258 2554 idest,
1274 2460 1450 2553 animam,
1466 2462 1684 2551 soroqlr'unte
1704 2464 1769 2553 pot
1783 2465 1858 2539 atta

686 2582 898 2677 ptommetlm
928 2591 985 2659 ert
1016 2582 1115 2657 enim
1147 2583 1298 2657 llamma
1329 2582 1456 2656 tumus
1484 2600 1662 2657 accensus
1690 2581 1728 2655 in
1756 2602 1856 2675 aere,

688 2703 748 2781 tlte
772 2722 873 2793 cepoe
896 2705 1025 2798 ttsoco
1054 2693 1091 2776 tt
1114 2705 1262 2795 ’amque
1284 2706 1316 2777 si
1338 2709 1448 2793 mutu,
1473 2702 1520 2778 de
1543 2702 1625 2777 loco
1648 2701 1696 2777 ad
1720 2703 1854 2777 locum.

688 2824 733 2900 tt
757 2823 876 2897 subdit
903 2844 1040 2899 novum
1072 2842 1207 2898 nomen
1237 2822 1336 2918 qnod
1366 2821 1523 2917 acquirit
1551 2821 1687 2917 anima,
1712 2822 1854 2899 dicens:

685 2936 774 3037 perol
799 2946 859 3019 oie
889 2946 1021 3037 quincti,
1056 2943 1203 3045 scilicet,
1232 2944 1281 3018 ab
1317 2944 1379 3019 illa
1402 2942 1534 3037 torma,
1562 2946 1610 3017 llo
1635 2947 1760 3037 porcio
1789 2964 1855 3019 suu

685 3072 830 3159 porum,
855 3065 957 3160 idest,
982 3064 1233 3160 apparentiam
1259 3084 1436 3159 persone,
1461 3064 1556 3141 sicut
1578 3064 1712 3142 dicitur
1729 3064 1774 3137 Vl
1792 3085 1857 3139 eu·

689 3186 801 3281 pitulo
826 3185 971 3279 luterni,
997 3184 1103 3281 quasi
1126 3184 1234 3279 dicat,
1251 3184 1338 3279 qnia
1358 3184 1517 3259 efficitur
1534 3180 1737 3278 visibitis3e*
1758 3187 1855 3259 otta-

688 3312 786 3381 moto
801 3306 948 3399 omlrro;
966 3325 1049 3399 quoe
1066 3325 1090 3380 a
1106 3304 1282 3401 principio
1298 3304 1369 3379 luit
1383 3304 1555 3399 quedam
1574 3305 1707 3380 umbra
1724 3305 1855 3381 dirinae

687 3424 779 3501 lucis
805 3446 903 3501 nunc
930 3424 1025 3520 capit
1050 3424 1223 3499 umbram
1248 3423 1414 3520 corporis
1441 3431 1610 3520 separata
1640 3425 1866 3519 acorpore(

687 3544 773 3623 ltloo
797 3545 945 3638 quidam
975 3546 1102 3621 volunt
1126 3545 1226 3639 quod
1250 3544 1435 3641 passiones
1464 3566 1664 3640 corporum
1694 3566 1769 3621 non
1793 3566 1856 3621 re·

688 3671 838 3740 manent
862 3666 899 3737 in
923 3664 1046 3739 anima
1071 3670 1152 3763 post
1177 3664 1439 3741 resolutionem
1460 3666 1635 3760 corporis,
1653 3665 1717 3741 sed
1736 3666 1857 3761 potios

688 3784 822 3862 smiles
846 3784 925 3879 illis,
938 3786 961 3829 *
972 3784 1067 3861 siout
1091 3785 1129 3859 io
1153 3785 1293 3859 artitioe
1317 3792 1468 3862 carente
1493 3785 1647 3861 materia
1664 3791 1702 3860 et
1718 3784 1856 3860 instro·

689 3904 820 3981 mentis
845 3911 995 3980 manent
1019 3906 1166 3982 habitus
1188 3913 1227 3982 et
1250 3906 1381 3981 iormoe
1410 3906 1546 3979 similes
1576 3905 1677 3980 illis*
1691 3897 1741 3998 (¹),
1770 3925 1856 3999 que

688 4045 753 4119 per
769 4024 1013 4101 instrumenta
1030 4032 1253 4102 exercentur
1269 4032 1307 4101 et
1322 4025 1361 4100 in
1378 4027 1570 4103 materiam
1594 4025 1853 4102 traducuntur.

688 4146 780 4221 Cum
807 4145 905 4221 enim
929 4145 1054 4222 anima
1078 4146 1296 4221 naturaliter
1323 4146 1370 4221 sit
1394 4146 1568 4240 perfectio
1592 4146 1767 4242 corporis,
1794 4166 1856 4223 re*

599 4261 602 4269 ’
688 4272 838 4341 manent
862 4265 899 4340 io
924 4284 969 4341 ea
994 4271 1031 4341 et
1055 4264 1094 4339 in
1118 4266 1286 4361 potentiis
1315 4266 1398 4360 eius
1428 4266 1574 4341 habitus
1604 4272 1642 4341 et
1670 4266 1856 4361 passiones

688 4384 900 4461 inclinantes
925 4383 971 4459 ad
997 4392 1120 4461 motus
1144 4384 1320 4480 corporis,
1345 4385 1440 4459 sicut
1465 4393 1658 4463 remanent
1679 4386 1717 4460 io
1742 4392 1854 4462 nauta

687 4503 964 4601 imaginationes
993 4504 1097 4581 navis
1121 4510 1313 4601 postquam
1339 4526 1363 4581 a
1387 4506 1471 4580 navi
1495 4512 1700 4601 separatur.
1729 4508 1774 4581 Et
1800 4505 1857 4584 di·

687 4623 759 4699 oit:
785 4646 804 4695 e
835 4627 967 4719 queem,
994 4624 1142 4719 scilicet,
1167 4625 1238 4701 sub
1263 4625 1323 4702 illa
1349 4625 1469 4701 torma
1497 4646 1610 4701 aereo
1634 4626 1696 4701 itta
1719 4626 1854 4721 anima,

686 4764 828 4835 orporea
848 4749 923 4839 poi,
948 4744 1052 4840 idest,
1078 4746 1268 4843 organizat
1284 4752 1421 4841 postea,
1437 4750 1578 4821 norom
1593 4750 1734 4838 sentire,
1751 4746 1854 4843 idest,

747 4957 1796 5071 tltepronunltwutaetrettmuppltountcoutullmerrr.
