4342 6692
668 919 807 976 CANTUS
832 921 1027 978 viellermus
1051 922 1195 977 uulnus.
1492 911 1515 976 7

343 1061 519 1157 principio
543 1057 653 1140 de'tus
677 1071 731 1140 est
758 1067 893 1142 homini
921 1067 1101 1142 terminus
1118 1068 1273 1143 vivendi.
1292 1070 1368 1143 lloc
1388 1075 1514 1144 antem

344 1191 461 1258 totum
489 1204 563 1258 non
589 1186 668 1258 vult
692 1184 791 1261 aliud
817 1187 939 1263 dicere
958 1188 1024 1262 nisi
1045 1189 1145 1282 quod
1171 1188 1238 1264 iste
1263 1190 1384 1264 adbuc
1409 1192 1516 1266 vivus

205 1345 209 1352 ,
327 1324 415 1406 ¹non
441 1309 585 1399 poterat
609 1306 709 1380 solus
733 1307 808 1381 huc
839 1301 1103 1401 ascenderel')‚
1133 1309 1220 1402 quia
1252 1330 1359 1384 more
1390 1317 1516 1384 nostro

342 1442 416 1498 non
442 1429 585 1518 poterat
609 1427 860 1521 contemplari.
886 1428 931 1500 Et
955 1428 1158 1503 concludit:
1179 1431 1262 1502 ond'
1275 1433 1310 1501 io
1332 1433 1386 1524 sot
1410 1435 1516 1502 oeteo

340 1547 426 1638 soor
460 1548 503 1618 de
535 1547 688 1638 inrupto
717 1549 802 1638 pola
838 1549 874 1620 d'
885 1551 1038 1642 inferno,
1073 1549 1177 1643 idest,
1210 1549 1257 1623 de
1294 1549 1418 1644 limbo,
1449 1548 1516 1643 qni

343 1671 399 1740 est
423 1665 564 1760 primus
590 1685 747 1760 magnus
771 1666 931 1742 circulus
958 1667 994 1742 in
1016 1669 1167 1742 introitu
1193 1669 1335 1764 inferni,
1350 1690 1417 1762 per
1437 1689 1515 1740 mo-

342 1789 479 1878 noculi,
503 1786 649 1880 scilicet,
676 1805 802 1881 poenas
827 1786 1108 1882 damnatorum3
1134 1811 1153 1860 e
1178 1791 1389 1862 mostrerolli
1412 1791 1515 1878 oltre,

343 1906 490 1999 scilicet,
515 1925 646 2000 poenas·
668 1912 923 2002 purgatorum,
950 1915 1079 1998 quanto
1098 1910 1124 1980 ’l
1152 1898 1261 2002 potrd
1286 1928 1410 1980 mernor
1442 1910 1515 1980 mio

213 2057 215 2062 ¹
342 2028 475 2115 scocie,
501 2024 605 2117 idest,
631 2045 714 2100 mea
739 2025 915 2100 doctrina.
935 2027 1035 2101 Bene
1058 2027 1156 2120 dicit,
1173 2028 1260 2121 quia
1286 2027 1379 2102 ratio
1405 2033 1515 2101 natu·

344 2146 429 2220 ralis
452 2165 519 2240 per
544 2144 731 2219 scientiam
757 2147 958 2220 humanam
984 2148 1183 2243 cognoscit,
1204 2147 1304 2241 quod
1329 2147 1424 2221 vitiis
1448 2147 1515 2221 de-

343 2265 477 2369 bentur
502 2265 696 2360 supplicia;
723 2272 761 2339 el
785 2266 904 2340 omnis
929 2267 987 2340 lex
1015 2267 1084 2341 hoc
1104 2267 1211 2362 jubet
1236 2274 1272 2342 el
1297 2269 1415 2341 omnis
1433 2267 1513 2362 plri-

342 2384 504 2480 losophia
532 2385 600 2459 hoc
614 2376 652 2477 (²)
680 2386 798 2459 sentit.

416 2509 479 2578 Mo
502 2507 633 2578 dimoti.
660 2505 731 2579 lsta
757 2511 812 2580 est
837 2506 996 2581 secunda
1023 2527 1109 2601 pars
1134 2507 1350 2602 principalis,
1376 2506 1513 2602 inqua

344 2624 515 2721 Virgilius
540 2625 674 2720 querit
698 2646 720 2700 a
745 2625 859 2702 Statio
881 2625 927 2701 dc
944 2646 1055 2700 causa
1078 2631 1311 2702 terraemotus
1328 2632 1366 2700 et
1385 2631 1515 2700 cantus

344 2744 438 2820 iacti.
466 2745 559 2819 Dicit
584 2766 694 2842 ergo:
721 2750 783 2820 lla
807 2749 928 2820 dimoti
950 2767 987 2819 ae
1012 2753 1047 2820 tu
1063 2749 1132 2836 aad,
1155 2745 1396 2820 verisimiliter
1413 2745 1512 2819 enim

342 2865 455 2940 debes
479 2867 574 2942 scire
606 2887 692 2940 cum
720 2867 863 2942 steteris
895 2867 953 2941 hic
985 2887 1050 2962 per
1080 2871 1133 2941 tot
1162 2867 1286 2940 secula
1316 2887 1512 2961 annorum,

337 2983 468 3081 percle*
484 2989 510 3062 ’t
531 2995 645 3060 monte
669 2981 727 3062 die*
749 2991 871 3061 diuam¹
903 2991 952 3060 tui
980 2989 1093 3079 crolli,
1125 2986 1229 3080 idest,
1259 3007 1377 3080 quare
1408 3007 1514 3060 mons

342 3089 441 3182 dedit
466 3109 575 3202 paulo
601 3114 687 3181 ante
711 3113 788 3181 tam
808 3107 986 3182 terribiles
1006 3113 1127 3180 motus
1144 3112 1181 3181 et
1200 3106 1406 3202 agitatus‚o
1429 3128 1514 3198 per·

341 3223 404 3301 cte*
426 3231 501 3300 tutti
525 3229 575 3299 od
599 3247 686 3316 una,
712 3232 749 3302 et
774 3247 891 3321 quare
915 3247 1044 3303 omnes
1069 3226 1216 3322 spiritus
1233 3226 1355 3321 simul,
1378 3247 1512 3321 parocr

263 3335 268 3350 '
339 3349 483 3439 prtdur,
509 3346 659 3442 scilicet,
684 3347 801 3445 gloria
826 3348 863 3421 in
889 3347 1041 3422 excelsis
1066 3347 1143 3422 Deo
1159 3354 1241 3440 etc,
1257 3349 1368 3440 influo
1388 3351 1423 3420 α’
1435 3351 1513 3422 suot
1633 3361 1640 3376 ·

336 3465 398 3562 pid
420 3471 539 3542 molli?
561 3468 663 3562 idest,
682 3489 800 3562 usque
824 3468 870 3542 ad
896 3467 1036 3543 radices
1062 3469 1207 3562 montis,
1225 3468 1286 3542 ubi
1305 3476 1392 3542 sunt
1407 3469 1510 3564 junci

340 3597 378 3664 et
403 3589 514 3663 limus
540 3589 670 3685 mollis,
697 3596 739 3663 ut
764 3589 879 3684 patuit
905 3589 1024 3683 primo
1049 3587 1208 3683 capitulo
1230 3589 1338 3662 huius
1358 3589 1450 3663 libri.
1469 3588 1514 3662 Et

341 3709 463 3784 subdit
487 3718 606 3806 poeta,
633 3710 732 3806 quod
757 3730 803 3783 ex
829 3710 906 3783 sola
931 3707 1104 3804 petitione
1131 3706 1269 3804 Virgilii
1295 3711 1381 3782 satis
1407 3709 1514 3802 quie·

341 3819 440 3908 latum
464 3837 521 3905 est
545 3830 690 3906 animus
718 3829 808 3921 eius,
830 3828 932 3922 quia,
954 3828 1100 3919 scilicet,
1122 3827 1287 3922 concepit
1306 3847 1409 3923 spem
1429 3849 1513 3904 cer·
1616 3883 1620 3892 .

334 3961 417 4028 ,tarn
444 3951 577 4025 sciendi
604 3950 703 4043 quod
728 3949 886 4043 optabat.
912 3947 1015 4022 Unde
1039 3948 1144 4022 dicit:
1169 3940 1200 4020 ci
1224 3951 1272 4021 mi
1290 3945 1349 4022 die*
1371 3952 1513 4023 dimna-

342 4073 478 4163 duodo,
500 4057 567 4146 ,ille
597 4069 768 4165 Virgilius
792 4069 838 4143 de
862 4065 1060 4162 praedlctis3
1084 4089 1153 4160 per
1184 4071 1221 4140 lu
1245 4089 1336 4142 cuna
1361 4072 1419 4141 del
1443 4071 1513 4142 urio

342 4193 446 4280 dbia,
471 4189 573 4282 idest,
595 4189 823 4263 cunabulum
848 4187 1027 4281 desiderii,
1045 4188 1134 4280 quia
1154 4189 1391 4283 expectabam
1412 4189 1512 4262 velut
1578 4235 1582 4244 -

341 4331 435 4406 puer
459 4311 497 4388 in
522 4310 708 4386 cunabulo
733 4315 902 4404 expectat
920 4308 976 4381 lac
999 4329 1021 4383 a
1048 4307 1193 4384 nutrice
1211 4329 1298 4382 cum
1319 4315 1430 4383 acuto
1446 4328 1513 4403 ap-

341 4430 466 4526 petitu,
491 4433 552 4503 ele
576 4433 614 4504 lu
639 4431 711 4501 mia
733 4435 814 4518 sete,
840 4426 1190 4519 idest-desiderium
1211 4427 1357 4521 sciendi,
1386 4429 1425 4500 si
1439 4432 1513 4521 lece

340 4571 418 4624 men
443 4553 602 4641 diotone,
629 4548 732 4641 idest,
757 4553 942 4642 appetem,
965 4567 1036 4638 pur
1060 4567 1127 4618 oon
1152 4549 1189 4620 tu
1208 4567 1399 4639 speranza,
1426 4553 1513 4621 ante

341 4670 626 4766 responsionem.
650 4707 700 4724 -
724 4670 817 4755 Quoi.
853 4665 926 4740 llic-
952 4672 1058 4760 poeta
1098 4667 1198 4760 ponit
1237 4667 1508 4762 responsionem

341 4791 443 4866 Statii
475 4791 538 4884 qui
569 4789 759 4864 exorditur
773 4779 810 4880 (³)
844 4807 976 4881 parum
1009 4807 1031 4860 a
1065 4788 1192 4883 longe;
1222 4795 1260 4862 et
1289 4787 1386 4882 dicit,
1412 4787 1510 4880 quod

402 5053 429 5117 (¹)
446 5057 500 5113 ll'l,
517 5053 649 5104 accedere.
777 5049 804 5114 (¹)
820 5051 845 5102 S.
862 5050 912 5100 boe
929 5049 1024 5100 scribit.
1152 5049 1179 5109 (⁸)
1195 5049 1226 5100 Ε.
1242 5049 1377 5099 exorditur
1393 5061 1409 5097 ι
1425 5047 1510 5110 longo.
