4342 6692
635 920 772 979 cunnus
799 925 990 981 vrcnsruus
1015 925 1183 991 oururus.
1425 911 1494 982 113

324 1072 403 1140 tum
429 1065 627 1145 dubitabat.
655 1069 757 1145 Unde
782 1070 886 1145 dicit:
913 1078 945 1145 et
968 1074 1016 1162 io,
1035 1071 1099 1165 qui
1123 1072 1222 1145 solus
1239 1092 1341 1147 eram
1368 1074 1417 1148 ibi
1439 1074 1494 1149 vi-

323 1210 392 1262 vus
418 1208 504 1263 cum
530 1209 686 1286 corpore
703 1196 739 1267 et
756 1197 922 1287 poteram
941 1192 1034 1285 laedi,
1060 1198 1170 1265 tornea
1193 1194 1221 1264 o
1239 1196 1345 1286 suoco
1365 1196 1492 1286 qnod,

322 1329 345 1383 a
370 1308 486 1383 latere
512 1308 676 1405 dextero,
694 1333 713 1384 e
728 1314 862 1405 qmndt,
881 1312 1016 1387 scilicet
1033 1332 1055 1385 a
1072 1312 1189 1387 latere
1210 1312 1367 1407 sinistro,
1385 1320 1495 1387 nmen

322 1430 567 1521 codonniano,
592 1431 639 1504 ab
665 1436 780 1509 extra.
807 1432 851 1505 Et
877 1431 935 1506 lric
956 1438 1041 1506 nota
1064 1432 1163 1525 quod
1180 1438 1288 1527 poeta
1313 1434 1375 1508 dat
1399 1434 1493 1528 opti·

323 1569 423 1623 mam
442 1548 698 1645 purgationem
724 1550 933 1645 luxuriosis,
951 1573 1045 1646 quos
1066 1551 1168 1646 tingit
1188 1552 1310 1646 puniri
1330 1552 1367 1627 in
1388 1553 1493 1651 igne,

323 1668 497 1763 quoniam
523 1669 649 1743 volens
675 1691 837 1767 purgare
862 1671 899 1746 in
920 1691 960 1746 se
980 1672 1110 1745 vitium
1129 1672 1287 1745 luxuriae
1305 1672 1414 1747 debet
1433 1693 1493 1747 re-

323 1808 458 1864 vocare
481 1788 527 1863 ad
553 1796 714 1865 mentem
741 1792 913 1867 ardorem
941 1791 1043 1865 istius
1068 1791 1212 1866 voracis
1237 1791 1341 1888 igniS,
1369 1798 1406 1866 et
1430 1813 1495 1866 ar·

321 1908 411 1985 dere
436 1915 535 1983 totus
561 1910 698 1985 rubore
723 1910 883 2006 pudoris,
902 1918 939 1985 et
956 1911 1190 1985 considerare
1207 1910 1372 1986 incendia
1390 1911 1493 1986 istius

322 2029 423 2125 ignis.
450 2029 575 2103 Libido
601 2030 698 2106 enim
724 2031 857 2105 ardens
882 2030 992 2104 simul
1012 2037 1155 2105 cremat
1174 2030 1337 2105 animam
1355 2037 1391 2105 et
1408 2051 1492 2105 cor-

321 2167 408 2244 pus;
436 2168 521 2223 nam
547 2170 612 2223 nor
638 2170 781 2225 veneno
807 2149 1009 2224 extinctum
1035 2149 1128 2245 ignis
1145 2149 1277 2224 dieitur
1296 2171 1370 2224 non
1387 2172 1493 2247 posse

323 2288 509 2363 cremare3
535 2270 598 2343 sed
624 2269 721 2344 istud
745 2270 877 2351 ardens
903 2289 1087 2345 venenum
1119 2268 1170 2343 sic
1200 2290 1265 2344 cor
1290 2271 1494 2345 inflammat

239 2411 244 2421 ·
320 2396 357 2464 et
383 2389 467 2483 urit,
494 2389 593 2483 quod
622 2389 693 2464 cito
723 2388 916 2463 consumit.
943 2390 1067 2463 Venus
1100 2388 1181 2463 lace
1212 2410 1280 2464 sua
1314 2391 1492 2465 cremavit
1616 2448 1620 2453 .

322 2510 480 2603 Troiam,
506 2528 591 2604 quae
615 2510 739 2585 omnia
760 2509 932 2585 animalia
957 2509 1115 2585 incendit
1140 2516 1178 2583 et
1202 2510 1327 2584 incitat
1340 2504 1397 2603 (¹),
1418 2531 1493 2584 non

321 2630 417 2704 aetati
442 2629 568 2725 parcit,
595 2650 669 2704 non
693 2630 798 2704 sexui
813 2621 849 2722 (²)
878 2628 1072 2724 imperiosa
1098 2630 1233 2724 Venus,
1259 2629 1326 2704 nisi
1352 2630 1490 2703 bomini

320 2769 433 2844 quem
461 2771 640 2825 curarum
671 2750 815 2823 mordet
844 2749 1007 2823 aculeus.
1044 2748 1129 2823 ldeo
1161 2750 1256 2824 bene
1292 2756 1400 2845 poeta
1425 2770 1493 2824 no-

321 2876 397 2943 ster
427 2875 556 2963 sponte
587 2868 696 2970 subiit
728 2868 929 2943 maximam
965 2888 1096 2943 curam
1131 2868 1241 2941 buius
1274 2870 1395 2963 operis
1426 2889 1491 2965 per

320 2990 420 3083 quod
436 2988 563 3064 vitavit
579 2995 616 3063 et
633 2988 729 3063 istud
747 2994 784 3063 et
801 2994 935 3063 caetera
952 2988 1048 3062 vitia.
1061 2993 1168 3061 -Lo
1185 2991 1285 3063 duca.
1303 2990 1368 3064 llic
1384 2996 1491 3085 poeta

319 3108 421 3203 ponit
446 3108 608 3183 salutare
632 3107 825 3181 consilium
843 3107 980 3204 Virgilii
998 3107 1044 3181 ad
1061 3107 1156 3181 sein
1173 3108 1241 3182 ista
1260 3108 1331 3203 via,
1348 3109 1489 3185 dicens:

320 3232 370 3301 Lo
394 3230 487 3317 duca
513 3231 595 3319 mio,
616 3228 750 3303 scilicet
767 3226 937 3324 Virgilius
955 3228 1018 3322 qui
1039 3227 1269 3322 praecedebat
1286 3249 1358 3322 me,
1376 3228 1490 3304 Statio

320 3348 453 3443 medio,
479 3352 601 3423 dicen:
621 3370 689 3441 per
713 3355 831 3440 questo
857 3351 932 3421 loco
957 3351 1090 3421 sinunt
1111 3355 1225 3421 tenere
1249 3352 1324 3439 opti
1347 3351 1443 3422 oceli
1466 3352 1494 3423 o

317 3472 422 3562 freno
445 3475 574 3543 stretto.
602 3469 646 3542 Et
675 3468 733 3543 bic
759 3472 845 3542 nota
871 3467 969 3562 quod
996 3488 1085 3542 vere
1110 3467 1169 3541 bic
1197 3474 1284 3541 sunt
1315 3468 1489 3543 iraenandi

319 3590 416 3665 oculi
442 3610 489 3664 ne
506 3610 570 3685 pes
589 3588 734 3663 labatur
755 3589 791 3661 in
810 3588 1028 3663 incendium.
1047 3588 1113 3662 llic
1129 3589 1228 3663 enim
1246 3588 1339 3685 ignis
1360 3588 1491 3663 blande

321 3730 360 3784 se
384 3709 492 3785 ollert
518 3709 682 3804 lucontio,
708 3714 745 3783 et
770 3730 837 3783 sua
865 3708 900 3783 vi
924 3714 1093 3803 penetrat
1121 3708 1169 3783 ad
1200 3709 1377 3784 medullas
1402 3730 1490 3784 cum

319 3828 447 3905 lecerit
470 3830 686 3925 sanguinem
713 3828 868 3903 ebullire
894 3827 1127 3903 inflammatis
1148 3826 1269 3922 renis3
1296 3835 1333 3902 et
1358 3828 1490 3902 iterato

320 3950 402 4026 visu
420 3972 515 4025 nova
533 3951 803 4025 contrahuntur
820 3949 996 4043 incendia,
1015 3968 1099 4042 quae
1117 3969 1203 4022 raro
1221 3948 1489 4044 extinguuntur

320 4074 398 4148 sine
423 4072 659 4146 inundatione
685 4070 948 4166 lacrymarum,
967 4074 1005 4143 et
1025 4074 1107 4163 post
1131 4068 1364 4143 tolerantiam
1391 4069 1489 4141 mul-

319 4200 444 4267 torum
463 4190 633 4266 laborum
646 4190 791 4265 deducit
805 4189 989 4264 hominem
1004 4188 1050 4263 ad
1066 4193 1236 4281 mortem,
1247 4195 1284 4262 et
1302 4187 1486 4262 interdum

319 4313 366 4387 ad
391 4314 566 4405 laqueum
592 4312 651 4385 vel
676 4310 839 4407 gladium
865 4308 1065 4404 proprium.
1085 4308 1130 4381 Et
1153 4307 1314 4403 assignat
1337 4326 1488 4381 causam

320 4432 491 4529 Virgilius
520 4431 577 4505 sui
606 4430 702 4524 dicti,
732 4429 878 4505 dicens:
903 4430 1182 4521 peroccb'error
1207 4427 1402 4519 potrebbesi
1421 4448 1489 4517 per

313 4574 420 4647 poco,
452 4550 556 4647 quasi
590 4550 697 4644 dicat,
723 4548 874 4624 faciliter
903 4555 1024 4645 posset
1049 4547 1143 4621 latit:
1179 4547 1209 4621 si
1244 4547 1341 4621 enim
1376 4547 1488 4620 bomo

319 4674 505 4748 adbaereat
526 4670 612 4765 igni,
630 4669 810 4762 aduritur,
828 4674 865 4743 et
882 4668 911 4742 si
928 4667 1092 4742 adhaeret
1107 4666 1329 4742 extremitati
1347 4671 1487 4760 apertae

318 4794 414 4869 cadit
430 4792 468 4866 in
484 4792 587 4887 peius
612 4790 864 4886 precipitium.
883 4789 926 4861 Et
943 4789 1038 4862 bene
1061 4786 1217 4861 consulit
1233 4786 1406 4882 Virgilius
1430 4786 1488 4860 bic

1393 4954 1485 4961 -—..

383 5054 411 5116 (¹)
426 5053 452 5105 S.
468 5053 549 5104 vitiat.
799 5049 826 5113 (¹)
842 5050 874 5101 E.
890 5050 984 5101 mmai.
1360 5100 1363 5107 Ι

456 5160 494 5203 rr.
1341 5154 1355 5195 0
