4342 6692
653 905 791 960 emaus
816 907 1009 963 vronuuus
1034 907 1228 964 smuuuus.
1475 893 1523 962 23

353 1053 575 1146 adverterat,
601 1052 687 1146 quia
713 1051 835 1126 luerat
859 1051 1004 1128 locutus
1029 1073 1116 1127 uum
1134 1052 1248 1126 Statio
1265 1051 1525 1128 lacundissimo

354 1179 430 1248 tarn
456 1171 728 1265 delectabiliter,
754 1177 792 1245 et
816 1171 903 1265 quia
929 1193 1061 1266 parum
1087 1171 1266 1247 laboravit
1283 1173 1414 1245 morbo
1433 1193 1526 1246 ava·
1591 1172 1593 1175 ’

355 1292 505 1366 ritiaeet
522 1290 793 1388 prodigalitatis,
810 1313 832 1366 a
854 1311 929 1386 quo
952 1293 1099 1386 recedit,
1117 1299 1155 1368 et
1171 1292 1293 1365 minus
1310 1291 1397 1366 vitio
1414 1293 1524 1386 gule,

353 1411 401 1486 ad
432 1411 529 1504 quod
562 1431 661 1485 nunc
690 1411 839 1487 accedit.
872 1412 977 1486 Nunc
1006 1411 1053 1486 ad
1087 1412 1251 1505 literam,
1283 1411 1368 1486 dicit
1399 1417 1525 1505 poeta:

355 1534 520 1624 L'aapet,
553 1531 600 1606 de
629 1551 704 1627 quo
730 1532 815 1606 nibil
839 1532 960 1606 adbuc
985 1533 1086 1626 dixit,
1113 1532 1176 1606 sed
1203 1552 1302 1607 nuno
1326 1531 1412 1607 dicit
1435 1531 1528 1606 arti·

356 1651 520 1726 lieialiter
535 1651 747 1736 breviando,
763 1643 825 1743 pul
841 1675 905 1725 era
921 1657 1056 1726 rimam
1075 1656 1188 1728 dubo
1204 1674 1229 1726 a
1244 1656 1318 1743 noi,
1340 1653 1377 1726 in
1394 1652 1525 1746 quinto

222 1849 232 1868 ‚
354 1772 519 1867 circulo;
558 1777 596 1848 et
633 1771 787 1866 repetit:
823 1773 1178 1866 retractationem
1202 1775 1238 1846 η’
1251 1793 1341 1846 aueo
1377 1775 1461 1846 volti
1487 1776 1528 1846 ul

354 1899 444 1966 sesto
469 1896 562 1984 piro,
587 1893 817 1989 gulosorum,
841 1897 1028 1968 ouendomi
1052 1914 1153 1982 roso,
1179 1893 1280 1988 prius
1305 1915 1419 1986 quam
1444 1895 1525 1969 vol-

356 2020 461 2088 veret
483 2033 561 2108 noe,
586 2033 633 2092 un
657 2017 770 2104 eolpo,
788 2012 889 2105 idest,
907 2013 1040 2087 vulnus
1062 2013 1229 2106 mortale,
1247 2013 1394 2107 scilicet,
1415 2014 1525 2108 quin·

356 2139 435 2206 tum
462 2139 664 2228 peccatum,
690 2135 753 2206 dal
772 2137 859 2223 vaso,
877 2133 1022 2226 scilieet,
1039 2153 1062 2207 a
1089 2133 1219 2207 ironte.
1238 2133 1282 2206 ut
1301 2133 1422 2206 suddit
1437 2154 1526 2228 gra-

356 2252 571 2328 tulationem
600 2253 757 2328 aliorum
792 2252 999 2346 spirituum,
1032 2252 1174 2326 dicens:
1207 2274 1226 2325 e
1256 2254 1346 2345 quei,
1378 2253 1526 2342 scilicet,

355 2372 489 2447 auimae
517 2393 716 2448 avarorum
748 2373 810 2466 qui
834 2368 870 2465 (¹)
904 2380 1159 2448 remanserant
1191 2371 1227 2445 in
1260 2373 1388 2466 quinto
1419 2393 1526 2468 gyro,

356 2496 407 2567 ob'
418 2496 537 2567 banno
562 2497 619 2568 lor
644 2496 755 2569 dubo
772 2514 796 2567 u
811 2496 986 2585 piurtzta,
1004 2493 1106 2587 idest,
1123 2492 1170 2566 ad
1189 2492 1464 2587 justificandum
1486 2513 1527 2568 se

357 2633 424 2708 per
450 2613 719 2710 purgationem,
739 2615 830 2688 delto
847 2615 892 2686 m'
905 2635 1019 2686 auena
1044 2615 1158 2706 beati,-
1175 2613 1253 2687 vult
1278 2612 1401 2687 dicere
1425 2611 1525 2707 quod

357 2733 525 2808 dixerant
550 2734 637 2808 illud
662 2734 800 2808 dietum
818 2734 972 2808 Matthaei
990 2734 1020 2805 v
1038 2734 1215 2828 capitulo:
1242 2736 1342 2806 Beati
1366 2736 1427 2825 pai
1448 2754 1527 2807 etu-

356 2855 453 2928 ra'unt
475 2860 509 2925 et
529 2855 649 2926 odiunt
661 2855 848 2944 justitiam,
867 2857 1031 2945 quoniam
1046 2857 1116 2945 ipsi
1137 2853 1403 2943 saturabuntu,
1420 2860 1457 2926 et
1477 2852 1527 2926 ita

357 2972 517 3047 infelices
543 2972 606 3065 qui
632 2972 801 3047 esuriunt
817 2981 855 3047 et
871 2973 997 3046 sitiunt
1013 2970 1034 3015 *
1045 2965 1261 3067 pecuniam,
1283 2979 1320 3046 et
1339 2971 1441 3046 dicit:
1467 2973 1528 3045 alte

356 3112 416 3166 ate
441 3095 517 3166 voci
536 3095 680 3187 sorrdro
704 3085 770 3182 oid,
795 3092 942 3184 scilicet,
961 3093 1030 3165 boc
1055 3091 1233 3166 verbum:
1260 3091 1350 3164 beati
1373 3111 1451 3163 oum
1474 3094 1526 3163 si-

357 3215 466 3306 t'rmt3
483 3211 583 3305 idest,
597 3211 806 3306 simpliciter
819 3232 907 3286 cum
925 3213 994 3286 boc
1011 3211 1126 3285 verbo
1141 3214 1233 3304 satio,
1248 3210 1335 3304 quia
1351 3209 1526 3283 dixerunt

356 3331 598 3424 solummodo,
623 3333 714 3404 beati
738 3335 797 3422 put
811 3331 959 3404 ntum*
974 3322 1023 3422 (²).
1041 3329 1108 3404 dlii
1127 3337 1249 3405 tamen
1275 3328 1443 3404 subtilius
1459 3348 1528 3404 ex·

332 3459 531 3555 ¹ponentes
559 3451 696 3547 dicunt,
722 3450 821 3546 quod
846 3451 893 3524 illi
920 3451 1067 3545 spiritus
1099 3451 1287 3525 dixerunt:
1317 3451 1415 3522 Beati
1438 3469 1528 3540 puo-

356 3593 438 3646 mm
461 3575 616 3648 rnaben
646 3579 729 3646 sunt
758 3573 953 3665 mtqudntaa
986 3579 1018 3645 et
1042 3591 1190 3662 pueram
1221 3577 1309 3644 teuto
1341 3577 1422 3642 sunt
1440 3591 1525 3662 peo-

230 3717 231 3720 ‘
358 3697 448 3766 outa.
475 3693 519 3766 Et
539 3693 608 3768 boo
626 3699 775 3787 propter
790 3693 943 3767 Dantem
962 3696 999 3764 et
1016 3690 1183 3782 Statium,
1202 3691 1388 3784 quierant
1405 3710 1524 3784 nuper

357 3811 526 3904 absoluti,
543 3812 637 3886 alter
661 3812 708 3885 ab
733 3810 898 3904 avaritia,
918 3811 1012 3885 alter
1037 3832 1059 3884 a
1085 3810 1357 3905 prodigalitate:
1376 3816 1414 3884 et
1429 3809 1528 3884 dioe-

359 3929 446 4004 baut
477 3929 514 4003 iu
546 3929 629 4024 fine,
659 3933 752 4017 rito,
777 3931 875 4025 quia,
900 3930 995 4004 siout
1020 3929 1184 4004 Christus
1209 3929 1246 4002 in
1272 3949 1381 4024 poena
1407 3927 1527 4002 crucis

358 4049 448 4124 dixit
471 4049 568 4124 istud
594 4051 751 4128 verbum
776 4053 868 4140 sitio,
893 4049 1042 4144 cupiens
1067 4049 1211 4124 salvare
1234 4051 1439 4123 bumanum
1459 4068 1527 4143 ge·

359 4191 441 4262 nus,
466 4167 516 4245 ita
541 4170 597 4244 isti
623 4170 733 4248 adlini
758 4177 870 4244 terrae
895 4169 931 4242 in
957 4189 1025 4243 suo
1051 4168 1219 4244 cruciatu
1243 4167 1414 4243 dixerunt
1434 4169 1526 4259 sito,

360 4290 505 4383 scilicet,
535 4290 688 4385 salvari3
722 4291 785 4368 sed
817 4288 916 4384 prior
946 4288 1123 4383 expositio
1157 4289 1274 4386 magis
1303 4287 1448 4362 videtur
1480 4285 1527 4361 de

361 4415 484 4484 mente
507 4410 658 4484 autoris.
684 4411 729 4484 llt
752 4409 873 4486 subdit
898 4409 1070 4484 ellectum
1101 4427 1180 4482 suae
1209 4406 1446 4504 purgationis,
1471 4405 1527 4479 di·

359 4549 465 4604 oens:
490 4535 524 4602 et
544 4531 580 4602 io
601 4525 664 4622 piri
687 4532 772 4604 lieoe
795 4532 856 4604 elie
875 4551 943 4622 per
968 4532 1101 4602 lettre
1109 4531 1194 4623 soci,
1220 4527 1321 4621 idest,
1342 4527 1433 4601 alios
1457 4526 1529 4600 oir-

360 4648 474 4741 uulos,
504 4654 542 4722 et
575 4647 719 4742 merito,
749 4650 836 4744 quia
865 4649 1086 4744 deposuerat
1117 4648 1282 4743 quinque
1313 4646 1529 4745 gravissima

362 4766 523 4863 pondera
555 4788 578 4842 a
608 4767 725 4861 capite
756 4789 841 4856 suo,
873 4774 911 4844 et
944 4767 1129 4842 restabant
1164 4767 1232 4842 sibi
1269 4766 1345 4841 duo
1378 4764 1530 4858 leviora,

412 4905 548 4913 r-—u—
557 4904 681 4911 ——--
713 4906 720 4910 .
731 4905 840 4910 -.-...—

435 4949 442 4978 ι

424 4953 452 5088 {¹}
467 4949 504 5076 ξε
515 4962 610 5089 2¹:3¹⁰
624 5025 665 5078 [η
679 5026 689 5076 l
704 5027 755 5076 due
772 5025 905 5078 astudaml
921 5039 967 5078 roa
983 5027 1096 5090 supplile
1111 5026 1152 5078 dri
1167 5025 1255 5078 (adid
1271 5025 1302 5076 B.
1317 5037 1334 5076 a
1350 5029 1405 5077 tlt.
