4342 6692
664 920 803 976 caurus
827 922 1017 977 uousruus
1041 925 1202 980 rannus.
1456 909 1503 979 lt)
1559 912 1562 917 ’

331 1063 420 1140 dum
447 1071 485 1140 et
509 1063 788 1161 glorificandum
815 1086 951 1142 nomen
976 1073 1084 1142 tuum
1105 1089 1192 1143 cum
1212 1076 1314 1146 tanto
1330 1070 1450 1145 studio
1466 1075 1505 1145 et

332 1185 474 1260 maiori.
493 1185 538 1258 Et
562 1183 665 1259 dicit:
681 1205 747 1278 per
764 1187 868 1260 modo
886 1189 948 1280 tal,
968 1186 1070 1282 idest,
1090 1209 1177 1263 cum
1196 1196 1296 1264 tanta
1313 1190 1505 1265 allectione

331 1315 369 1385 et
393 1305 568 1400 efficacia,
600 1308 660 1379 cde
683 1309 845 1398 partam
870 1309 984 1382 deletio
1015 1331 1034 1382 e
1059 1312 1194 1402 deplim
1224 1310 1502 1386 delectationem

332 1449 379 1504 ex
395 1429 530 1503 devoto
546 1434 669 1520 cantu,
687 1425 852 1502 dolorem
870 1449 915 1502 ex
934 1430 1187 1524 compassione
1206 1453 1346 1506 amara
1365 1449 1504 1525 poenae3

332 1549 419 1644 quia
444 1546 563 1622 allecti
590 1551 758 1620 extrema
784 1547 882 1623 lame
899 1553 935 1622 et
953 1548 1021 1644 siti,
1039 1549 1100 1623 rix
1118 1557 1288 1647 poterant
1307 1550 1402 1625 labia
1423 1569 1505 1624 mo·

333 1690 432 1763 vere,
457 1674 522 1742 aut
548 1667 661 1742 verba
676 1659 712 1758 (⁴)
740 1666 912 1744 formare.
932 1669 975 1743 Et
999 1671 1120 1744 subdit
1145 1671 1358 1767 petitionem
1383 1690 1503 1763 suam,

332 1791 455 1866 dicens
479 1809 565 1864 cum
593 1787 696 1863 brevi
722 1787 956 1882 responsione
975 1789 1115 1886 Virgilii
1136 1792 1235 1867 cirea
1260 1791 1375 1867 dictos
1395 1790 1504 1887 spiri·

333 1918 404 2004 tus,
429 1909 575 1984 dicens:
600 1910 781 1982 comode
793 1912 841 2000 io,
867 1911 1006 2005 supple,
1032 1911 1178 1988 dicere:
1205 1933 1227 1986 o
1253 1915 1351 1986 dolce
1371 1914 1503 2004 padre,

334 2030 479 2125 scilicet,
505 2027 641 2124 virgili,
667 2024 751 2102 cll'd
774 2032 852 2121 puel
874 2032 959 2102 ct'i'
984 2033 1079 2104 odo?
1103 2038 1137 2105 et
1159 2035 1229 2122 elli,
1253 2031 1400 2126 scilicet,
1419 2031 1503 2105 Vir-

333 2151 440 2249 gilius
458 2149 655 2244 respondit:
683 2150 823 2240 oreore,
841 2151 968 2246 supple
985 2157 1082 2244 sunt,
1100 2154 1161 2225 cte
1186 2173 1303 2225 vanno
1317 2156 1416 2246 forse
1431 2155 1504 2226 sol-

334 2273 445 2347 vendo
470 2274 499 2344 il
520 2272 614 2344 nudo
639 2273 677 2343 dt
701 2273 758 2342 lor
782 2272 905 2364 doum,
934 2271 1037 2364 idest,
1063 2271 1227 2346 debitum
1261 2273 1411 2368 peccati,
1438 2292 1504 2368 pro

334 2392 440 2467 cuius
464 2391 571 2486 culpa
598 2395 685 2464 sunt
710 2389 767 2464 hic
787 2391 965 2465 carcerati
991 2399 1029 2466 et
1055 2392 1231 2467 macerati
1249 2393 1347 2468 lame
1372 2400 1409 2468 et
1434 2392 1502 2467 siti.

333 2503 432 2586 —Si
455 2531 561 2584 oonoe.
588 2510 652 2584 llic
678 2516 783 2604 poeta
810 2509 980 2584 describit
1001 2511 1158 2586 sormam
1181 2511 1406 2587 venientium
1424 2512 1505 2586 ani-

335 2652 481 2706 marum
496 2649 562 2726 per
581 2650 693 2704 uuam
713 2629 1024 2724 comparationem
1045 2631 1196 2724 cleram,
1212 2631 1353 2706 dicens:
1373 2633 1503 2724 lurda,

334 2752 437 2844 idest,
465 2769 538 2823 une
564 2747 771 2842 multitudo,
801 2750 977 2840 d’aoime,
1009 2750 1155 2844 scilicet,
1185 2751 1414 2846 gulosorum,
1441 2751 1502 2845 qui

336 2878 420 2946 sunt
445 2869 572 2944 infiniti
596 2875 634 2942 et
658 2868 763 2942 multi
788 2869 988 2964 salvantur,
1006 2873 1111 2944 tacito
1135 2874 1304 2964 edioota,
1327 2871 1430 2966 idest,
1448 2879 1504 2944 ta·

335 2992 406 3067 cite
431 2996 468 3065 et
492 2989 624 3064 devote
648 2987 800 3062 tendens
825 2988 872 3063 ad
897 2990 1166 3086 purgationem,
1199 2999 1295 3065 mota
1314 2985 1378 3084 pid
1402 2999 1503 3084 msto,

335 3113 438 3205 idest,
464 3131 547 3204 quae
574 3110 792 3184 movebatur
818 3109 973 3184 celerius
999 3131 1110 3203 quam
1133 3132 1210 3205 nos,
1228 3112 1315 3206 quia
1333 3133 1407 3186 non
1424 3118 1504 3186 erat

335 3235 563 3309 homocum
592 3249 706 3304 carne
729 3230 767 3304 in
802 3249 933 3304 eorum
965 3229 1149 3327 societate,
1175 3233 1269 3306 sicut
1301 3232 1336 3306 in
1368 3239 1504 3326 nostra,

336 3357 488 3429 uomodo
513 3354 694 3426 diretroo
724 3352 784 3424 noi
814 3375 833 3426 e
861 3354 1112 3444 trapossuado,
1139 3353 1285 3446 scilieet,
1315 3352 1387 3427 cito
1417 3357 1504 3428 ante

336 3497 413 3569 nos,
439 3478 470 3548 ei
494 3475 695 3546 ammiratio
719 3464 802 3563 cosi,
822 3464 852 3544 si
872 3493 967 3545 come
992 3476 1193 3566 ipercprin
1211 3477 1352 3566 peresosi
1372 3478 1501 3568 sonno,

336 3595 479 3687 scilicet,
493 3592 734 3684 admirantur,
746 3595 944 3683 pinguendo
954 3613 1020 3684 pcr
1032 3596 1184 3665 commin
1195 3601 1294 3684 gente
1312 3615 1385 3668 non
1401 3601 1502 3688 nota,

336 3717 437 3809 idest,
461 3714 570 3788 aliam
596 3718 744 3808 gentem
771 3711 1002 3808 peregrinam
1030 3733 1103 3786 non
1130 3719 1255 3789 nomm
1281 3714 1344 3788 eis.
1377 3715 1422 3787 Et
1447 3713 1505 3788 hic

336 3841 421 3911 nota
446 3840 625 3928 quantum
652 3833 730 3906 haec
755 3832 982 3926 comparatio
1000 3837 1054 3906 est
1070 3833 1293 3927 applicabilis
1319 3833 1504 3929 proposito

326 3949 498 4031 autoris:
525 3953 742 4029 sicutenim
768 3952 1042 4048 peregrinantes
1068 3951 1207 4027 vadunt
1236 3973 1302 4047 per
1333 3953 1431 4028 viam
1457 3953 1504 4028 ad

335 4074 595 4172 indulgentiam
622 4079 857 4168 peccatorum
883 4093 1037 4146 suorum
1059 4093 1147 4146 cum
1164 4073 1359 4148 devotione
1383 4081 1420 4148 et
1445 4081 1502 4149 ta-

336 4199 406 4272 cite
430 4195 616 4288 oratione3
641 4195 689 4269 ita
716 4212 815 4268 nuuc
839 4193 895 4266 isti
921 4192 1067 4288 spiritus
1094 4193 1283 4268 tendentes
1301 4193 1347 4266 ad
1365 4215 1504 4290 purga·

337 4317 492 4392 tionem:
518 4319 555 4390 et
579 4313 672 4388 sicut
697 4313 921 4388 invenientes
945 4313 1035 4386 alios
1052 4312 1264 4408 peregrinos
1285 4312 1427 4408 ignotos
1444 4333 1505 4387 re·

337 4435 549 4531 trospiciunt
581 4433 648 4507 sibi
680 4454 703 4508 a
734 4440 850 4528 tergo,
877 4437 914 4508 et
945 4431 1030 4506 nihil
1064 4432 1209 4526 dicoot;
1238 4432 1288 4506 ita
1318 4453 1417 4507 nunc
1447 4431 1503 4506 isti

335 4555 559 4632 invenientes
588 4553 791 4650 Virgilium,
822 4552 989 4646 Statium,
1007 4558 1045 4625 et
1065 4553 1220 4627 Dantem
1242 4573 1315 4627 non
1340 4553 1505 4649 cognitos

336 4677 414 4772 sibi,
441 4675 633 4750 rellectunt
659 4695 710 4768 se,
737 4680 773 4748 et
799 4695 873 4748 nou
898 4673 1085 4748 retardant
1109 4695 1221 4746 suum
1248 4673 1328 4769 iter,
1352 4695 1398 4748 ne
1419 4694 1506 4768 per·

336 4797 423 4872 daut
441 4803 586 4890 tempus
599 4800 636 4868 et
652 4793 739 4868 nihil
752 4793 887 4867 dicunt.
902 4794 945 4866 Et
962 4791 1082 4866 subdit
1095 4793 1260 4866 habitum
1275 4784 1504 4885 dictarum(¹)
1576 4865 1579 4869 .

397 5051 426 5115 (¹)
442 5053 496 5110 tlt,
512 5049 620 5100 verbum
638 5047 760 5100 formare.
956 5046 983 5108 l'l
1001 5050 1053 5107 ¹¹⁷.
1071 5047 1179 5098 limum
1195 5047 1350 5099 mmmm·

471 5157 507 5199 rr.
1357 5157 1372 5197 ⁴
