4342 6692
642 911 714 979 l8t
856 956 858 962 -
1032 923 1237 980 counnruu
1261 925 1426 980 anaunia

640 1069 736 1146 bene
761 1068 917 1164 exprimi
942 1089 1064 1166 graece
1089 1071 1147 1145 vel
1172 1069 1294 1164 latine,
1312 1069 1376 1144 sed
1403 1077 1528 1145 tamen
1553 1069 1709 1146 dicimus
1733 1069 1818 1145 Sal-

639 1197 772 1284 vat0r3
797 1211 936 1264 senona
962 1193 1073 1264 diano
1099 1211 1124 1264 a
1148 1192 1239 1285 paci,
1267 1190 1360 1266 idest
1374 1183 1424 1284 (¹),
1450 1190 1519 1264 illis
1543 1191 1741 1286 spiritibus,
1756 1193 1818 1264 ebe

636 1306 700 1406 pot
723 1314 873 1386 innanzi
908 1314 1095 1406 apperire,
1136 1311 1283 1406 scilicet,
1317 1310 1460 1405 Carolo,
1495 1310 1660 1407 Cuuitiae,
1690 1311 1817 1404 Fulco,

641 1430 761 1526 Raab;
779 1423 820 1526 sl,
838 1430 941 1526 idest,
960 1439 1035 1506 tam
1060 1431 1228 1526 dulciter,
1246 1434 1307 1505 cte
1328 1451 1442 1524 namn
1462 1434 1526 1524 poi
1547 1452 1622 1505 non
1638 1434 1693 1526 ptri
1707 1453 1819 1525 cerno

641 1554 753 1626 disiro
778 1554 816 1626 di
839 1553 998 1648 riudam
1023 1553 1127 1648 quasi
1152 1552 1259 1648 dicat,
1286 1552 1386 1647 quod
1410 1572 1558 1646 semper
1574 1559 1700 1647 postea
1723 1551 1819 1628 desi-

640 1671 782 1748 deravit
808 1671 998 1766 reaudire3
1016 1683 1103 1746 nam
1121 1671 1151 1746 si
1170 1671 1409 1748 mercuriales
1426 1692 1538 1767 supra
1555 1671 1711 1747 dulciter
1728 1693 1819 1748 can·

642 1799 814 1868 taverunt
839 1794 933 1867 banc
957 1792 1165 1867 cantionem
1192 1792 1229 1867 in
1254 1812 1415 1887 recessu,
1440 1799 1580 1886 quanto
1596 1792 1739 1867 dulcius
1756 1793 1814 1866 isti

642 1911 790 1988 venerei
817 1911 854 1986 in
879 1915 1050 1987 accessu!

715 2035 797 2106 Indi
820 2034 954 2125 sileae.
982 2033 1052 2105 lsta
1078 2037 1135 2105 est
1159 2030 1320 2106 secunda
1346 2052 1432 2127 pars
1456 2030 1651 2128 generalis,
1676 2032 1715 2105 in
1739 2053 1815 2126 qua

642 2153 777 2227 Dantes
796 2151 840 2226 in
866 2151 1041 2249 singulari
1068 2151 1266 2227 introducit
1292 2174 1409 2226 unum
1435 2153 1603 2248 spiritum
1637 2152 1815 2227 illustrem

643 2273 864 2348 modernum
890 2273 1067 2367 despera
1093 2272 1256 2347 Veneris.
1291 2275 1335 2348 Et
1367 2273 1414 2347 ad
1433 2273 1678 2370 cognitionem
1711 2273 1829 2348 istius>

643 2401 680 2469 et
698 2413 852 2468 suorum
871 2391 982 2468 debes
998 2393 1119 2488 primo
1136 2393 1242 2486 scire,
1256 2392 1356 2487 quod
1372 2393 1570 2468 Carolusll
1593 2392 1687 2467 lilius
1705 2392 1814 2488 primi

643 2513 700 2590 vir
735 2513 979 2608 pulcerrimus
1013 2532 1170 2607 corpore
1203 2517 1241 2587 et
1274 2512 1487 2588 luxuriosus
1518 2513 1635 2608 valde,
1669 2512 1816 2587 vivente

643 2639 758 2729 patre,
790 2639 826 2708 et
860 2639 940 2727 post
971 2617 1130 2708 mortem
1166 2633 1288 2729 patriS,
1316 2633 1443 2708 babuit
1475 2635 1610 2707 multos
1643 2632 1735 2707 lilios
1768 2651 1815 2706 ex

642 2753 755 2828 blaria
785 2751 857 2826 lilia
888 2752 1059 2848 Stephani
1095 2753 1192 2849 regis
1229 2753 1450 2850 ilungariae:
1477 2774 1637 2849 qnorum
1672 2753 1816 2848 primus

643 2875 712 2948 luit
737 2873 889 2948 Carolus
914 2873 1112 2967 llartellus,
1133 2873 1196 2968 qui
1213 2882 1462 2968 praemortuus
1478 2881 1535 2950 est
1553 2873 1663 2970 patri3
1680 2892 1816 2948 secun-

565 3055 567 3062 .
642 2996 712 3070 dus
745 2994 813 3068 luit
841 2993 1058 3087 Ludovtcus,
1095 2994 1151 3067 vir
1183 2993 1349 3089 simplex,
1381 2994 1517 3070 inutilis
1548 2994 1700 3088 mundo,
1732 2992 1815 3068 ideo

643 3117 761 3190 iactus
787 3120 841 3190 est
866 3108 980 3189 irater
1006 3113 1149 3209 minor,
1181 3115 1310 3188 tertius
1342 3115 1525 3191 Robertus
1554 3116 1617 3211 qui
1647 3115 1716 3189 luit
1747 3135 1814 3189 rer

643 3244 724 3332 post
748 3242 904 3330 patrem,
923 3240 959 3309 et
976 3234 1066 3308 alios
1091 3235 1226 3329 plures.
1248 3235 1401 3310 Carolus
1426 3258 1517 3334 ergo
1534 3236 1812 3333 primogenitus,

643 3363 888 3452 cognomento
913 3355 1110 3448 Martellus,
1131 3355 1280 3450 juvenis
1306 3375 1449 3452 magnae
1473 3357 1613 3451 indolis,
1633 3356 1701 3429 luit
1726 3375 1814 3430 rere

644 3476 738 3551 filius
764 3475 915 3549 Veneris
940 3476 1026 3569 quia
1057 3496 1263 3570 amorosus,
1289 3477 1484 3572 gratiosos,
1514 3498 1643 3575 vagus,
1675 3476 1811 3550 babens

643 3598 680 3671 in
705 3617 745 3671 se
771 3595 935 3690 quinque
959 3595 1147 3671 invitantia
1175 3597 1362 3673 bominem
1388 3596 1436 3671 ad
1459 3618 1638 3693 amorem,
1663 3598 1810 3690 scilicet,

642 3715 847 3811 sanitatem,
874 3715 1168 3812 pulcritudinem,
1198 3716 1435 3812 opulentiam,
1460 3718 1591 3812 otium,
1616 3723 1653 3792 et
1677 3717 1813 3812 juven·

642 3843 772 3911 tutem.
798 3835 891 3910 Cum
924 3835 993 3909 isto
1023 3835 1157 3911 bantes
1189 3837 1317 3911 babuit
1347 3845 1486 3913 certam
1517 3837 1813 3930 familiaritatem,

642 3977 728 4032 cum
755 3955 911 4030 venisset
936 3956 1049 4030 semel
1076 3955 1297 4031 Florentiam
1324 3978 1409 4032 cum
1435 3959 1602 4033 ducentis
1612 3957 1813 4054 juvenibus

642 4075 817 4151 militibus
842 4074 1011 4151 accinctis
1036 4075 1072 4150 in
1098 4076 1177 4171 pari
1203 4077 1327 4150 babitu
1354 4079 1524 4172 vantium,
1542 4089 1579 4157 et
1602 4079 1708 4174 equis
1732 4099 1813 4152 ma-

642 4195 774 4294 gnifice
798 4195 936 4270 ornatis
957 4215 1062 4269 more
1082 4196 1332 4291 neapolitan03
1350 4219 1462 4291 quern
1482 4198 1711 4272 mirabantur
1739 4198 1811 4271 illas

642 4317 807 4408 sirenes3
836 4321 872 4389 et
902 4335 988 4388 cum
1016 4316 1145 4409 plausu
1173 4323 1344 4411 receptus
1369 4324 1425 4392 est
1448 4339 1471 4392 a
1496 4317 1716 4393 tarentinis:
1747 4337 1813 4392 ve-

643 4444 750 4512 uerat
775 4435 871 4510 enim
906 4435 1052 4510 obviam
1087 4437 1192 4531 patri,
1217 4437 1288 4531 fqui
1321 4438 1462 4513 redibat
1491 4438 1538 4512 de
1567 4438 1693 4534 Gallia,
1719 4439 1812 4513 laeta

643 4577 733 4652 pace
758 4576 844 4630 cum
871 4555 1019 4630 domino
1045 4557 1180 4631 lacobo
1207 4577 1297 4654 rege
1320 4558 1544 4654 Aragonum,
1569 4558 1668 4653 apud
1698 4578 1811 4653 quem

509 4677 513 4687 '
643 4671 799 4751 babebat
823 4682 898 4750 tres
921 4674 1015 4749 lilios
1040 4676 1194 4770 obsides,
1221 4677 1357 4753 scilicet
1381 4678 1814 4776 aubertumnaymun-

643 4795 731 4870 dum
759 4802 796 4870 et
820 4796 1040 4870 lobannem:
1059 4817 1135 4890 quo
1156 4804 1322 4892 tempore
1347 4799 1481 4874 Dantes
1505 4799 1659 4875 llorebat
1683 4799 1721 4872 in
1744 4819 1811 4894 pa·

705 5055 733 5118 (¹)
750 5057 779 5106 E.
797 5057 869 5118 idest,
885 5059 912 5108 ln
928 5059 987 5110 illis.
