4342 6692
683 884 755 955 Μ
1041 886 1245 953 couunrurr
1269 894 1489 951 runoarouu

683 1040 802 1115 libello
826 1041 874 1117 de
898 1042 973 1117 vita
997 1050 1035 1115 et
1060 1040 1225 1115 moribus
1250 1038 1385 1133 Dentis,
1412 1037 1558 1115 Beutrix
1587 1037 1691 1131 quasi
1718 1037 1756 1115 iu
1780 1037 1858 1115 due

682 1160 848 1256 vigesimi
873 1162 994 1257 quarti
1021 1162 1105 1237 anni
1139 1160 1268 1237 redivit
1296 1160 1343 1235 ad
1372 1158 1526 1255 gloriam
1559 1158 1856 1253 predestinatam

684 1280 821 1355 meritis
838 1282 933 1375 suis3
950 1282 1057 1357 cuius
1078 1287 1199 1355 morte
1216 1281 1351 1355 Dentes
1376 1278 1445 1353 fuit
1468 1277 1530 1353 diu
1556 1278 1593 1353 in
1620 1278 1779 1373 planctu,
1798 1279 1856 1357 la·

682 1401 816 1495 crymis
833 1407 870 1477 et
888 1420 1061 1493 moerore,
1074 1400 1167 1475 adeo
1185 1400 1284 1494 quod
1302 1400 1379 1475 sola
1397 1404 1517 1473 morte
1534 1398 1728 1473 videbatur
1747 1420 1858 1493 posse

678 1520 825 1614 iuvari:
852 1540 897 1595 ex
924 1541 999 1613 quo
1026 1520 1143 1595 iactus
1168 1526 1223 1594 est
1250 1519 1478 1613 macilentus,
1497 1517 1673 1595 barbulus
1687 1512 1723 1611 (¹)
1751 1520 1852 1597 velut

684 1639 794 1715 bomo
807 1640 1009 1735 sylvestris3
1025 1638 1172 1714 tandem
1190 1638 1446 1715 exhortatione
1462 1658 1617 1715 suorum
1635 1638 1740 1713 duxit
1757 1660 1851 1713 uro-

684 1779 764 1835 rem
790 1766 828 1834 et
851 1760 961 1853 ooepit
977 1779 1017 1833 se
1034 1758 1124 1833 dare
1141 1758 1293 1853 publicis
1312 1757 1439 1834 officiis
1456 1766 1494 1835 et
1510 1758 1710 1835 honoribus
1727 1759 1763 1837 in
1784 1780 1855 1837 sue

683 1880 888 1973 republica:
915 1871 1004 1972 et(¹)
1029 1879 1059 1953 si
1084 1884 1228 1974 poterat
1252 1878 1437 1955 interdum
1464 1879 1618 1955 vacabat
1643 1880 1790 1975 poeticis
1814 1888 1853 1959 et

682 1999 900 2093 eloquentiae
924 2000 971 2074 ad
996 2000 1195 2097 superbam
1213 2000 1380 2095 gloriam.
1400 2000 1443 2075 Et
1460 2000 1507 2077 de
1524 2000 1594 2075 boc
1611 2000 1851 2093 conqueritur

681 2119 829 2195 Beatrix
854 2120 997 2194 dicens:
1015 2144 1035 2195 e
1054 2122 1178 2195 volsci
1190 2122 1290 2211 possi
1304 2122 1381 2193 suoi
1394 2139 1461 2211 per
1476 2122 1536 2193 uia
1551 2140 1624 2195 lton
1640 2140 1739 2211 veo,
1757 2120 1852 2199 scut-

682 2245 742 2315 cet
766 2260 832 2334 per
856 2239 963 2315 devia
989 2239 1187 2333 mundana,
1208 2242 1383 2330 repoendo
1396 2242 1488 2333 sulse
1507 2242 1690 2330 immugiet
1713 2242 1751 2315 di
1774 2240 1852 2332 den,

532 2404 545 2423 κ
682 2358 829 2453 scilicet,
865 2360 1039 2453 bonores,
1072 2359 1276 2455 dignitates,
1311 2359 1559 2455 magistratus,
1593 2361 1651 2435 vel
1685 2360 1856 2437 scientius

685 2480 890 2557 mundanas
905 2471 942 2573 (³)
968 2487 1034 2557 aut
1058 2479 1230 2576 poeticas,
1247 2502 1331 2574 qum
1352 2500 1426 2555 non
1451 2486 1535 2556 suut
1558 2502 1645 2557 vera
1664 2482 1771 2575 bona,
1788 2481 1852 2559 sed

685 2599 921 2697 imaginaria3
947 2601 1046 2675 unde
1070 2600 1174 2674 dicit:
1193 2603 1253 2673 cte
1276 2602 1373 2675 nullo
1390 2604 1604 2693 monstratore
1620 2603 1779 2675 rendooo
1795 2605 1853 2677 rit·-

685 2727 775 2809 lero,
789 2740 874 2793 nam
892 2719 1025 2794 divitiae
1041 2720 1212 2795 videntur
1235 2720 1446 2814 promittere
1465 2720 1719 2797 sufficientiam
1739 2742 1851 2815 quam

684 2847 860 2933 prestare
881 2860 954 2913 non
972 2845 1133 2933 possunt,
1152 2846 1189 2914 et
1208 2839 1411 2936 dignitates,
1432 2840 1678 2915 reverentiam
1696 2847 1777 2935 etc,
1804 2842 1854 2919 si·-

685 2958 817 3034 mibter
841 2958 1000 3035 scientiae
1025 2959 1194 3033 liberales
1211 2959 1381 3035 videntur
1398 2960 1614 3055 promittere
1631 2960 1852 3056 felicitatem,

684 3099 796 3172 quam
822 3084 1046 3153 tamennon
1076 3085 1228 3173 possunt
1256 3080 1436 3173 conferre,
1463 3080 1546 3155 licet
1575 3088 1781 3176 praeparent
1805 3083 1852 3159 ad

683 3199 904 3293 felicitatem,
922 3199 1022 3273 velut
1047 3199 1218 3292 quaedam
1240 3219 1381 3296 organa
1402 3206 1440 3276 et
1459 3200 1712 3277 instrumenta.
1726 3242 1776 3257 -
1789 3198 1851 3277 Νέ.

681 3319 747 3397 llic
772 3319 917 3395 Beatrir
953 3320 998 3393 ad
1029 3319 1308 3417 aggravandum
1341 3340 1508 3397 errorem
1543 3322 1667 3395 Daulis
1697 3323 1856 3399 ostendit

683 3440 901 3515 dsbuatarn
927 3440 1099 3515 duritiem
1126 3440 1206 3515 eius
1232 3440 1267 3517 in
1300 3448 1376 3516 tam
1403 3463 1498 3517 vana
1523 3441 1609 3535 vita,
1634 3442 1773 3518 dicens:
1801 3441 1857 3521 Ne*

683 3562 706 3633 ἱ
718 3563 910 3652 bopctrorc
934 3564 1131 3653 vpbozimt,
1160 3560 1262 3652 idest,
1288 3561 1428 3658 gratie,
1452 3583 1544 3656 quas
1569 3562 1855 3658 impetraveram

683 3700 751 3775 pro
775 3700 821 3757 eo
845 3681 944 3775 apud
968 3680 1100 3775 Deum,
1125 3680 1210 3774 quia
1237 3682 1390 3777 rogabat
1403 3670 1440 3774 (⁴)
1469 3702 1536 3777 pro
1566 3704 1611 3757 eo
1640 3704 1725 3757 cum
1759 3692 1855 3761 essct

683 3800 779 3876 iacta
803 3800 921 3895 beata,
947 3803 997 3875 ml
1019 3803 1127 3892 colse,
1153 3800 1255 3894 idest,
1274 3799 1360 3878 nibil
1382 3802 1601 3896 protuerunt
1623 3801 1722 3895 mibi,
1739 3806 1854 3879 cocle

684 3923 780 4012 puel
804 3922 839 3995 lo
862 3924 1011 4012 rivocoi,
1036 3920 1139 4015 idest,
1165 3940 1342 3997 revocare
1362 3920 1473 4017 volui,
1490 3929 1524 3995 ct
1545 3924 1583 3997 io
1606 3942 1719 4012 soprw
1743 3930 1777 3995 et
1797 3926 1854 3997 ol-

685 4044 847 4135 aimone,
888 4042 991 4136 quasi
1022 4042 1143 4117 dicat:
1168 4048 1206 4117 et
1230 4042 1267 4119 iu
1293 4042 1435 4120 somnio
1465 4048 1502 4119 et
1533 4042 1573 4119 in
1603 4042 1735 4139 vigilia,
1767 4044 1855 4138 quia

683 4181 772 4238 vere
797 4161 853 4235 vir
869 4162 961 4237 tanti
977 4161 1112 4259 ingenii
1131 4160 1338 4239 meditando
1355 4168 1393 4239 et
1409 4160 1589 4241 studendo
1608 4168 1751 4258 poterat
1767 4184 1854 4259 per-
1997 4238 2000 4245 .

682 4280 844 4375 pendere
868 4280 981 4361 linem
1007 4302 1081 4359 non
1106 4282 1246 4359 bouum
1272 4302 1426 4359 suarum
1444 4282 1740 4378 occupationum,
1757 4284 1853 4361 sicut

681 4400 770 4477 olim
795 4401 932 4479 sciebat
955 4402 1129 4479 accidisse
1153 4401 1271 4479 Tullio
1296 4409 1335 4481 et
1358 4402 1496 4497 boetio,
1517 4403 1580 4498 qui
1605 4403 1852 4483 immiscentes

682 4539 724 4599 se
746 4520 1073 4621 gubernationibus
1084 4512 1122 4614 (⁵)
1143 4520 1196 4598 rel
1214 4521 1382 4616 publice,
1401 4522 1483 4618 jam
1502 4529 1652 4603 mortua
1669 4528 1709 4599 et
1725 4523 1854 4619 deplo-

681 4645 762 4717 retu
784 4640 962 4735 borae,
979 4641 1166 4719 consecuti
1183 4647 1269 4717 sunl
1285 4641 1437 4720 erilium
1453 4648 1491 4719 et
1508 4648 1668 4721 nortem
1684 4642 1853 4742 indigum

743 4868 770 4931 (¹)
786 4868 817 4923 Ε.
833 4869 966 4925 borbum
1215 4873 1245 4937 (¹)
1260 4874 1291 4929 E.
1308 4878 1335 4928 et
1350 4888 1412 4929 com
1427 4880 1536 4945 potunt.

744 4944 772 5007 (Ἴ
789 4950 843 5008 117,
859 4948 997 4999 seculares.
1216 4948 1242 5011 θ)
1258 4950 1289 5001 Ε.
1306 4951 1366 5021 qula
1382 4956 1528 5016 rogaverat.

744 5024 772 5086 t‘l
788 5025 819 5079 Β·
834 5026 1124 5090 m-ltr.
1140 5028 1331 5093 W
