4342 6692
728 938 868 994 CANTUS
892 938 1086 995 securibus.
1423 928 1494 996 355

317 1084 438 1177 modo,
465 1103 549 1177 quae
574 1088 702 1157 tamen
727 1088 921 1177 reputatur
941 1102 1032 1159 vera
1055 1103 1078 1157 a
1098 1082 1239 1179 magnis
1257 1074 1491 1179 sapientibus,

316 1202 470 1277 intendit
482 1201 666 1277 adducere
676 1222 803 1277 veram
818 1202 998 1277 rationem
1013 1201 1124 1275 huius
1138 1204 1310 1277 macula:
1324 1211 1360 1279 et
1375 1193 1493 1298 primo

319 1322 436 1399 reddit
460 1331 632 1398 autorem
657 1328 840 1397 attentum
865 1321 1025 1398 offerens
1041 1344 1082 1397 se
1099 1330 1330 1398 ostensuram
1358 1324 1495 1399 verita-

319 1449 396 1518 tem
422 1444 477 1518 rei
503 1464 569 1539 per
594 1442 907 1537 comparationem
939 1443 1098 1537 elaram3
1132 1448 1170 1517 et
1200 1442 1286 1516 dicit
1319 1443 1495 1538 brevitor,

321 1562 420 1657 quod
445 1563 540 1638 sicut
564 1562 619 1636 sol
644 1561 754 1636 radiis
778 1562 854 1636 suis
880 1562 1029 1636 resolvit
1054 1563 1190 1656 nivem,
1208 1562 1257 1637 ita
1278 1562 1376 1657 quod
1397 1584 1496 1657 aqua

322 1687 490 1757 remanet
515 1681 652 1757 nudata
676 1680 777 1756 omui
804 1681 981 1776 qualitate
1005 1682 1136 1777 prima,
1163 1682 1212 1757 ita
1243 1682 1320 1777 ipsa
1346 1684 1497 1757 rationi-

322 1803 392 1877 bus
417 1801 492 1878 suis
517 1803 678 1877 excussa·
697 1803 798 1876 nube
823 1801 869 1876 de
895 1807 1019 1876 mente
1035 1803 1175 1877 autoris
1201 1802 1349 1879 inducet
1373 1805 1496 1879 lucem

324 1944 450 1999 veram
476 1931 514 1999 et
538 1925 690 1999 claram.
717 1922 899 1997 Construe
915 1922 966 1997 sic
987 1922 1151 1998 literam:
1174 1926 1226 1996 Or
1243 1927 1358 2015 ooplio
1383 1914 1499 2020 tusorss

322 2063 405 2116 mor
422 2050 453 2117 te
469 2046 549 2117 nelt'
561 2046 720 2117 intelletto
744 2045 893 2132 rimam,
911 2041 1057 2136 scilicet,
1077 2044 1126 2117 ab
1149 2063 1278 2118 errore
1295 2034 1401 2117 dictae
1417 2044 1498 2140 opi-

322 2162 451 2257 nionis,
476 2166 515 2237 di
539 2156 667 2237 laceri
690 2166 821 2254 monce,
848 2162 950 2255 idest,
976 2163 1132 2237 veritate
1158 2170 1233 2237 tam
1261 2162 1412 2258 efficaci,
1439 2167 1499 2237 cle

323 2274 572 2375 dnenwlerd,
597 2283 744 2377 seilicet,
770 2282 817 2357 ad
842 2283 957 2358 instar
982 2283 1079 2375 solis,
1098 2283 1201 2376 quasi
1230 2283 1337 2377 dicat,
1362 2284 1499 2358 lucebit

321 2408 359 2478 et
382 2401 594 2497 splendebit,
611 2405 670 2477 nel
682 2422 746 2476 stro
769 2408 914 2497 uspetto,
935 2401 1028 2476 idest
1043 2394 1093 2497 (¹),
1111 2402 1335 2497 inspectione
1352 2410 1388 2479 et
1408 2423 1497 2479 con—

321 2521 542 2597 sideratione
565 2521 661 2595 illius
686 2521 788 2617 lucis,
815 2522 893 2597 sive
918 2521 1092 2617 veritatis,
1113 2516 1185 2596 cosi
1208 2516 1342 2597 coate'l
1356 2524 1497 2598 subluto

323 2644 416 2717 detto
440 2663 536 2734 moe,
563 2640 665 2735 idest,
692 2663 802 2737 aqua,
836 2646 956 2716 riman
979 2644 1089 2733 undo,
1115 2642 1218 2735 idest,
1241 2644 1435 2739 spoliatum
1462 2651 1499 2718 et

324 2763 521 2859 privatum,
546 2783 566 2835 e
590 2765 654 2837 dol
675 2765 793 2836 colore
809 2784 828 2835 e
843 2765 908 2837 dal
921 2764 1051 2858 [reddo
1072 2765 1218 2856 ptimai,
1239 2762 1341 2857 idest,
1359 2762 1498 2859 primis.

324 2884 401 2959 lloc
426 2882 571 2958 videtur
596 2881 719 2957 dicere
743 2882 830 2976 quia
862 2882 924 2955 uix
954 2890 1156 2978 generatur
1186 2902 1233 2957 en
1266 2904 1403 2979 vapore
1429 2885 1499 2957 hu-

326 3001 437 3097 mido,
457 3008 495 3077 et
511 3002 718 3098 aliqualiter
742 3001 858 3077 calido
874 3007 1031 3076 attracto
1051 3022 1074 3075 a
1092 3003 1180 3095 sole,
1199 3021 1283 3096 quae
1300 3008 1424 3077 tamen
1446 3008 1501 3077 est

326 3123 365 3198 in
389 3142 430 3197 se
454 3122 595 3219 frigida,
612 3130 739 3217 postea
755 3123 929 3197 calatacta
947 3144 969 3196 a
986 3123 1064 3197 sole
1082 3122 1278 3197 resolvitur
1295 3122 1331 3196 in
1349 3145 1499 3219 aquam,

327 3248 365 3318 et
389 3242 442 3316 sic
466 3242 643 3337 spoliatur
668 3241 904 3336 qualitatibus
929 3241 1066 3337 primis.
1099 3242 1143 3317 Et
1171 3242 1223 3315 sic
1252 3247 1351 3337 patet
1382 3241 1501 3338 quan-

329 3370 407 3437 tum
434 3362 661 3458 comparatio
684 3362 731 3437 sit
755 3361 903 3458 propria
927 3362 974 3437 ad
994 3362 1242 3458 propositum:
1261 3384 1384 3438 sermo
1401 3364 1500 3439 enim

246 3576 249 3580 q
327 3482 519 3580 theologia
545 3488 646 3558 recte
670 3482 894 3558 assimilatur
907 3472 945 3575 (¹)
966 3482 1070 3557 radio
1090 3482 1194 3578 solis;
1217 3482 1315 3557 unde
1339 3484 1376 3557 iu
1401 3484 1503 3579 priu-

328 3603 423 3699 cipio
440 3603 588 3698 capituli
601 3602 788 3698 sequentis
805 3609 913 3678 vocat
929 3602 1135 3677 Beatricem
1154 3605 1286 3698 solem3
1301 3626 1398 3700 aqua
1413 3596 1503 3681 vero

329 3723 568 3820 susceptibilis
593 3744 698 3799 novae
724 3722 908 3817 qualitatis
933 3723 1028 3797 bene
1051 3723 1233 3799 similatur
1259 3726 1373 3799 menti
1397 3732 1505 3802 auto-

331 3845 391 3920 ris.
404 3850 613 3919 -'Dentro.
638 3843 705 3919 llic
728 3842 876 3918 Beatrir
897 3843 977 3918 vult
992 3844 1187 3921 ostendere
1205 3846 1420 3940 promissam
1439 3867 1504 3922 ve·

331 3966 489 4059 ritatem,
508 3970 553 4040 'et
577 3964 748 4040 describit
773 3963 940 4039 ordinem
967 3984 1175 4059 sperarum,
1193 3972 1229 4039 et
1256 3966 1430 4041 virtutem
1449 3966 1506 4041 iu-

331 4083 616 4179 telligentiarum
642 4082 870 4159 moventium
896 4102 969 4157 eas.
996 4083 1040 4155 Et
1063 4062 1152 4177 quia¹
1167 4067 1242 4158 lota
1260 4084 1367 4159 litera
1385 4106 1505 4180 usque

331 4206 369 4279 iu
401 4204 512 4278 linem
547 4203 692 4279 videtur
724 4202 837 4296 tortis,
873 4201 955 4276 ideo
987 4209 1085 4295 nota,
1118 4203 1244 4297 lector,
1278 4204 1377 4298 quod
1412 4206 1507 4280 sicut

332 4328 520 4400 ostensum
545 4323 615 4398 luit
638 4345 749 4420 supra
775 4322 922 4398 realiter
947 4329 985 4397 et
1011 4342 1099 4397 vere
1128 4324 1504 4434 secundumopinio-

215 4436 225 4461 '
332 4465 416 4520 uem
442 4440 743 4532 excellentiorum
759 4434 810 4537 (³),
823 4444 942 4518 nuber
958 4443 996 4517 in
1012 4463 1169 4539 corpore
1190 4444 1288 4519 tunae
1306 4451 1362 4520 est
1378 4438 1400 4521 a
1419 4466 1506 4521 raro

332 4570 372 4640 et
385 4564 516 4659 deuso;
532 4571 658 4641 tamen
673 4571 782 4660 poeta
799 4570 924 4639 noster
937 4564 995 4639 vel
1011 4563 1058 4637 ad
1076 4565 1350 4640 excusationem
1362 4554 1399 4659 (⁴)
1409 4558 1508 4641 'alio-

333 4706 419 4759 mm
444 4685 504 4761 vel
528 4684 574 4760 ad
599 4684 880 4761 ostentationem
905 4684 962 4759 sui
986 4684 1243 4780 superinduxit
1268 4706 1402 4761 novam
1428 4680 1508 4783 opi-

398 4984 425 5047 l¹l
441 4984 472 5035 lt
488 4984 596 5047 scilicet,
612 4986 640 5036 ln
654 4986 820 5049 inspectione.
1022 4985 1050 5049 (Ἴ
1066 4970 1090 5044 t}
1107 4986 1283 5051 appropiatur.

399 5060 427 5125 (⁸)
441 5060 473 5111 B.
488 5060 775 5115 uoebcullsdmorum.
1024 5063 1052 5126 (⁸)
1068 5064 1100 5114 lt.
1116 5064 1305 5115 excitationem.
