4342 6692
604 917 742 981 cunnos
767 924 985 980 rnrossnrus
1009 925 1204 982 secunnus.
1422 911 1490 982 em

319 1075 363 1142 ut
386 1069 552 1144 omnium
587 1076 780 1165 poetarum
811 1070 986 1166 figmenta
1024 1071 1204 1165 omittam,
1231 1077 1268 1146 et
1300 1071 1489 1146 historiam

320 1208 448 1264 veram
479 1195 518 1265 et
545 1181 758 1288 allegoriam
794 1211 943 1285 sequar,
968 1192 1035 1265 luit
1067 1192 1200 1266 mulier
1231 1191 1349 1268 forma
1365 1184 1401 1284 (¹)
1428 1193 1496 1268 de-

320 1327 420 1404 eora,
446 1310 592 1407 ingenio
622 1309 763 1404 nobilis,
790 1331 874 1405 quae
899 1332 922 1386 a
947 1311 1038 1386 love
1071 1332 1208 1408 magno
1240 1311 1408 1386 adultero
1429 1312 1495 1388 de·

321 1430 447 1504 durata
474 1431 683 1527 virginitate
707 1432 802 1506 iacta
828 1437 883 1506 est
908 1433 1108 1507 meretrix:
1134 1432 1216 1507 ideo
1242 1432 1496 1508 benedicitur

321 1556 463 1624 mumta
480 1550 517 1623 in
535 1570 697 1644 vaccam,
715 1556 753 1626 et
773 1551 904 1626 tradita
929 1554 1028 1648 Argo
1050 1551 1297 1646 custodienda,
1318 1557 1421 1647 rapta
1438 1551 1494 1625 di-

319 1670 416 1746 citur
440 1691 463 1746 a
489 1670 681 1766 Mercurio,
707 1671 792 1766 quia
819 1692 931 1748 nemo
956 1679 1011 1746 est
1035 1679 1112 1747 tam
1135 1679 1303 1769 argutus,
1324 1673 1493 1746 oculatus

319 1798 357 1867 et
381 1797 526 1866 astutus
552 1791 613 1886 qui
642 1792 835 1867 mulierem
867 1793 988 1867 valeat
1019 1791 1204 1868 custodire
1238 1793 1285 1867 ab
1318 1793 1493 1867 insidiosis

317 1903 459 1987 artibus
484 1908 665 2005 Mercurii,
691 1912 755 2007 qui
784 1912 884 2008 riget
915 1913 1136 2008 eloquentia,
1162 1912 1296 1986 astutia
1330 1918 1367 1988 et
1392 1912 1492 1988 omni

317 2052 457 2130 genere
492 2031 638 2107 lurtivae
671 2030 837 2107 malitie:
872 2033 954 2108 ideo
987 2028 1248 2108 benedicitur
1281 2034 1493 2129 apposuisse

317 2145 368 2228 illl
399 2153 529 2228 asilum
565 2153 636 2227 sub
668 2153 837 2246 caudam,
871 2154 974 2248 idest,
1005 2152 1194 2228 stimulum
1227 2149 1391 2248 libidinis,
1418 2173 1493 2248 quo

319 2281 506 2370 pungente
529 2273 592 2347 diu
619 2294 713 2369 vaga
739 2273 918 2348 discurrit.
950 2272 1012 2347 Est
1040 2273 1148 2348 enim·
1166 2273 1278 2348 asilus
1302 2273 1379 2368 apis
1405 2290 1490 2367 qum

319 2392 504 2489 supposita
534 2393 661 2467 caudae
691 2392 794 2467 bovis
822 2393 908 2467 iacit
935 2393 1040 2466 illum
1067 2392 1204 2467 furiose
1233 2411 1388 2466 currere
1423 2409 1490 2486 per

321 2515 439 2589 multa
460 2513 644 2608 milliaria,
671 2513 753 2589 ideo
778 2514 873 2588 bene
898 2534 959 2589 res
984 2534 1057 2588 non
1083 2515 1235 2589 honesta
1253 2511 1414 2587 colorata
1437 2519 1493 2587 est

320 2634 391 2709 snb
411 2636 562 2709 honesta
588 2633 733 2708 fictione
758 2641 796 2710 et
821 2634 1003 2708 velamine
1027 2630 1171 2709 labulae.
1193 2633 1277 2708 llaec
1295 2633 1407 2730 igitur
1428 2631 1490 2706 diu

319 2759 450 2851 vagata
482 2775 549 2850 per
581 2755 724 2849 orbem,
751 2755 877 2829 multis
901 2754 1085 2850 percursis
1110 2755 1313 2851 provinciis,
1338 2753 1487 2828 tandem

317 2868 464 2950 devenit
492 2873 530 2947 in
554 2875 775 2972 AEgyptum3
803 2875 864 2948 ubi
892 2875 1026 2950 femina
1052 2895 1174 2972 graeca
1201 2875 1343 2969 sapiens
1368 2873 1491 2948 docuit

318 2995 492 3092 aegyptios
527 2993 693 3069 homines
724 2994 923 3070 imbecilles
952 2995 1197 3092 superstitioni
1232 3001 1336 3090 aptos
1368 2994 1491 3067 colere

317 3132 439 3213 agros,
465 3121 502 3192 et
528 3137 575 3190 er
609 3115 776 3212 frugibus
801 3137 933 3212 panem
959 3117 1165 3192 conficere:
1192 3121 1230 3190 et
1257 3113 1354 3209 quod
1380 3114 1489 3210 longe

315 3236 473 3312 nobilius
498 3236 566 3309 luit
591 3235 689 3311 dedit
714 3253 853 3310 novum
879 3256 989 3310 usum
1015 3236 1207 3310 literarum
1232 3232 1310 3308 illis.
1335 3235 1490 3328 Propter

315 3368 402 3451 puae
435 3361 511 3429 mm
543 3356 759 3430 excellentia
784 3375 896 3451 opera
923 3376 996 3430 non
1021 3375 1069 3430 er
1101 3355 1240 3429 Graecia
1266 3353 1395 3430 Isidem
1423 3371 1490 3426 ve—

317 3476 424 3570 nisse,
442 3476 505 3550 sed
525 3497 572 3550 ex
597 3477 693 3550 coelo
713 3471 884 3551 cecidisse
905 3476 972 3549 sibi
989 3461 1245 3570 crediderunt,
1265 3477 1419 3550 undeet
1440 3474 1487 3548 illi

316 3597 437 3673 adhuc
462 3595 598 3672 viventi
624 3595 834 3670 tribuerunt
858 3595 999 3672 divinos
1024 3598 1192 3672 honores.
1217 3597 1322 3672 Modo
1339 3596 1385 3669 ad
1403 3613 1489 3690 pro—

316 3718 474 3814 positum
501 3711 581 3792 ruit
605 3717 728 3792 dicere
755 3721 880 3813 poeta:
907 3717 1000 3792 sicut
1025 3717 1146 3814 Argus
1170 3719 1321 3793 audiens
1341 3719 1485 3792 Mercu-

316 3838 415 3912 rium
442 3838 649 3934 pulsantem
674 3835 896 3912 obdormivit
921 3839 1032 3912 nimia
1058 3837 1308 3933 delectatione,
1335 3840 1384 3913 ita
1407 3839 1484 3933 ipse

315 3959 429 4036 nimia
461 3954 653 4033 dulcedine
688 3965 820 4033 cantus
852 3959 966 4032 auditi
986 3957 1234 4033 obdormivit.
1270 3957 1313 4031 Et
1345 3959 1396 4031 sic
1432 3964 1487 4032 est

316 4079 453 4175 optima
478 4078 705 4174 comparatio
727 4077 775 4151 de
799 4084 907 4173 poeta
933 4086 1059 4151 nostro
1084 4077 1130 4151 ad
1150 4077 1304 4173 Argum,
1326 4095 1487 4170 quorum

314 4204 475 4292 uterque
499 4199 638 4292 sopitus
661 4204 718 4273 est
742 4197 933 4273 dulcedine
953 4217 1099 4293 magna.
1121 4195 1227 4272 Nunc
1251 4196 1298 4271 ad
1322 4195 1487 4272 literam:

315 4318 427 4392 Poeta
439 4318 556 4414 tangit
572 4318 691 4414 ipsum
711 4324 874 4413 cantum,
887 4318 1029 4392 dicens:
1049 4321 1090 4390 lo
1106 4337 1178 4390 own
1195 4319 1230 4389 lo
1244 4319 1344 4390 intest
1360 4319 1488 4408 timeo,

313 4437 418 4531 idest,
442 4435 591 4513 laudem
619 4439 693 4514 lleo
711 4437 883 4532 debitam,
900 4439 961 4511 cle
978 4439 1092 4529 quello
1108 4445 1219 4529 pente,
1238 4457 1322 4533 quae
1341 4457 1488 4512 reman-

316 4564 416 4634 serat
440 4557 489 4632 ibi
515 4558 612 4633 circa
638 4579 804 4654 currum,
831 4561 925 4632 oller
948 4565 1111 4650 cunmro,
1137 4577 1213 4654 prae
1247 4559 1383 4654 gaudio
1410 4577 1490 4632 mu-

313 4696 398 4776 gno,
426 4699 445 4753 e
477 4683 631 4772 quinon
657 4683 690 4753 ci
711 4683 743 4753 si
766 4685 885 4772 cunm,
902 4678 990 4773 quia
1011 4677 1092 4753 talis
1117 4679 1277 4776 hymnus
1301 4697 1376 4752 non
1402 4697 1491 4754 can-

287 4805 416 4900 ,tatur
440 4799 478 4873 ln
505 4800 644 4874 mundo
673 4800 754 4894 isto,
784 4799 842 4874 vel
875 4815 950 4872 non
983 4804 1154 4873 cantatur
1186 4799 1256 4892 hic,
1282 4798 1385 4891 idest,
1416 4815 1491 4872 non

379 5055 409 5120 (¹)
425 5056 456 5106 ll.
472 5057 586 5108 formosa
602 5062 630 5108 el
644 5057 747 5108 decora.
