4342 6692
631 893 771 950 cissos
795 894 1012 951 mtsrsruus
1037 894 1233 952 sscunnos.
1445 867 1516 953 dol

344 1041 453 1112 natus
479 1045 520 1113 ut
545 1037 670 1114 vivens
696 1040 821 1114 venias
846 1041 893 1116 ad
918 1041 1013 1116 banc
1038 1040 1241 1136 civitatem3
1253 1033 1344 1133 perd
1367 1045 1448 1116 tutat
1472 1051 1516 1114 o'r

341 1161 393 1250 pti
417 1160 513 1232 occdi
528 1161 568 1233 dl
584 1172 706 1251 curro,
727 1161 814 1254 quia
831 1159 862 1234 si
879 1153 1044 1236 Christus
1060 1156 1153 1234 fudit
1168 1161 1385 1258 sanguinem
1403 1163 1511 1236 suum

342 1294 410 1374 pro
436 1297 492 1375 eo,
518 1286 557 1355 et
581 1298 812 1356 successores
846 1279 902 1354 sui
937 1281 1000 1355 diu
1030 1281 1205 1358 fuderunt
1237 1303 1359 1378 suum,
1385 1285 1422 1356 in
1444 1292 1514 1374 pro

342 1401 401 1473 dcl
422 1401 566 1492 mondo,
586 1399 691 1494 idest,
711 1397 758 1474 ad
785 1394 990 1496 proiectum
1009 1408 1046 1476 et
1062 1401 1339 1478 instructionem
1359 1394 1516 1477 munus

344 1527 490 1614 norum,
513 1522 573 1593 cde
595 1523 671 1594 mat
692 1523 780 1611 vice,
801 1542 821 1593 c
844 1523 1021 1596 stomata
1045 1525 1083 1596 di
1108 1513 1157 1615 ld,
1174 1523 1321 1618 scilicet,
1339 1523 1385 1598 ad
1405 1543 1514 1597 mun-

342 1640 444 1735 dum,
476 1643 518 1735 su
542 1641 602 1713 cte
625 1647 662 1714 tu
684 1644 797 1714 serice
821 1645 900 1734 puel
927 1645 987 1717 cite
1020 1646 1110 1738 aedi,
1145 1644 1232 1738 quia
1257 1651 1298 1718 tu
1332 1645 1451 1719 bonus
1476 1641 1513 1718 111

342 1779 456 1856 opere
480 1767 547 1836 tuo
570 1759 725 1835 intendis
743 1761 864 1838 iacere
879 1761 971 1838 alios
988 1765 1113 1840 bonos.
1133 1765 1177 1839 Et
1197 1764 1372 1840 continuo
1389 1770 1513 1840 osten-¹

341 1880 393 1955 dit
409 1881 567 1976 qualiter
587 1879 789 1957 obediverit
809 1879 887 1978 sibi,
905 1882 1029 1959 diceus
1046 1883 1313 1960 continuative:
1332 1877 1403 1958 cosi
1420 1891 1513 1958 Bea-

342 2004 437 2095 tice,
466 2002 606 2097 supple,
631 2001 720 2076 dixit
745 2001 850 2076 mibi:
877 2012 910 2077 ct
931 2007 967 2076 io
992 2005 1116 2077 cb’era
1134 2011 1216 2078 tutto
1232 2007 1349 2078 diocto
1371 2008 1406 2077 α’
1420 2006 1515 2097 piedi

185 2193 190 2200 .
340 2123 395 2194 dc'
415 2123 817 2214 decantationem,
851 2130 983 2217 praesto
1015 2123 1061 2198 ad
1096 2143 1246 2199 omnem
1281 2124 1512 2220 famulatum,

341 2245 436 2317 otti
458 2245 496 2316 lo
520 2251 631 2317 mmtc
655 2265 674 2316 c
696 2245 748 2333 pt·
770 2244 878 2333 occdi,
896 2243 999 2337 idest,
1017 2244 1144 2319 oculos
1174 2247 1363 2341 mentales,
1385 2245 1514 2318 ov’etta

341 2365 443 2456 colle,
469 2333 615 2457 scilicet,
640 2362 687 2438 ad
712 2380 878 2437 currum.
892 2403 942 2416 -
957 2367 1046 2436 Non.
1072 2365 1178 2440 Nunc
1203 2372 1310 2460 poeta
1336 2365 1458 2460 incipit
1473 2359 1508 2457 (¹)

339 2483 548 2559 describere
561 2481 812 2557 tribulationes
829 2481 1003 2578 ecclesie,
1017 2490 1055 2558 et
1071 2483 1191 2579 primo
1208 2483 1356 2580 quidem
1375 2484 1513 2560 descri-

340 2603 393 2677 bit
418 2600 622 2700 ligumliter
645 2603 801 2697 primam
828 2603 1039 2699 generalem
1065 2603 1265 2680 maximam
1286 2604 1511 2700 persecutio·

341 2742 426 2797 nem
462 2742 574 2817 quam
608 2721 764 2798 ostendit
796 2744 863 2819 per
898 2724 1192 2819 persecutionem
1231 2726 1340 2800 unius
1378 2723 1512 2818 aquilae

341 2842 574 2916 fulminantis.
600 2839 678 2917 Sub
712 2845 780 2918 bac
811 2850 937 2918 autem
967 2843 1030 2919 dat
1058 2843 1207 2942 intelligi
1240 2843 1512 2940 persecutiones

340 2964 606 3058 imperatorum
633 2983 887 3057 romanorum,
908 2983 1069 3057 quorum
1087 2963 1234 3060 signum
1261 2971 1342 3039 erat
1366 2964 1507 3057 aquila:

341 3084 445 3158 multi
471 3083 567 3158 enim
595 3091 676 3179 post
688 3075 726 3175 (²)
753 3083 937 3158 Christum
969 3085 1152 3179 persecuti
1187 3089 1273 3158 sunt
1304 3084 1509 3178 ecclesiam,

339 3204 433 3280 sictd
456 3203 565 3298 Nero,
590 3203 829 3298 Domitianus,
850 3203 995 3297 Decius,
1016 3203 1251 3278 Dioclitiauus
1277 3209 1314 3279 et
1338 3204 1419 3278 alii:
1446 3203 1511 3278 de-

339 3344 421 3399 cem
437 3322 536 3398 enim
555 3322 706 3400 luerunt
722 3323 994 3418 persecutiones
1012 3344 1157 3420 maguae
1173 3324 1221 3398 ad
1238 3323 1510 3398 similitudinem

337 3444 465 3519 decem
491 3443 684 3540 plagarum
702 3443 860 3540 AEgypti,
881 3449 922 3516 ut
939 3443 990 3517 ait
1006 3442 1192 3538 Horosius‚
1210 3463 1279 3518 uec
1297 3449 1420 3518 tamen
1442 3463 1511 3537 pu-

338 3564 489 3640 tandum
516 3571 572 3640 est
596 3563 787 3640 ecclesiam
815 3585 890 3638 non
915 3564 1086 3639 babuisse
1111 3565 1170 3639 vel
1194 3561 1403 3638 babituram
1431 3583 1512 3638 esse
1655 3610 1658 3616 ·

338 3686 437 3781 alias,
465 3691 505 3759 ut
530 3685 581 3760 ait
606 3685 831 3780 Augustinus
848 3685 895 3760 de
914 3684 1068 3760 Civitate
1084 3684 1160 3759 liei.
1178 3684 1231 3760 dd
1248 3684 1391 3760 literam
1418 3703 1509 3780 ergo

339 3813 444 3902 poeta
463 3806 577 3903 tangit
594 3804 795 3882 terribilem
813 3805 1029 3880 descensum
1048 3805 1159 3879 unius
1174 3805 1306 3900 aquilas
1324 3825 1390 3900 per
1408 3825 1510 3878 com-

339 3926 565 4022 parationem
580 3925 864 4021 propriissimam
876 3925 1197 4019 iulminisdicens:
1212 3931 1328 3998 Fnoco
1339 3947 1410 3998 noa
1419 3943 1511 3996 scese

339 4050 412 4120 moi
424 4049 464 4120 di
478 4067 598 4142 messa
614 4045 702 4118 nube
718 4047 859 4137 quondo
872 4047 988 4138 prove,
1015 4045 1051 4118 in
1078 4045 1147 4120 hoc
1165 4045 1280 4142 tangit
1300 4044 1509 4141 generatio-

338 4181 424 4242 nem
451 4165 611 4240 fulminis
628 4165 674 4242 de
691 4184 765 4260 qua
781 4163 871 4240 alias
888 4164 1024 4239 dictum
1048 4170 1104 4238 est
1129 4171 1166 4238 et
1191 4165 1344 4259 dicetur,
1365 4167 1414 4239 da
1431 4162 1511 4255 quet

337 4290 471 4380 confine
492 4289 552 4360 cte
565 4283 629 4380 piit
650 4282 831 4376 dramate,
846 4284 984 4378 idest‚a
1004 4283 1193 4360 remotiori
1211 4292 1315 4379 parte
1334 4271 1508 4374 llediael³i

339 4407 508 4504 regionis,
526 4406 588 4480 ubi
614 4406 707 4480 liunt
732 4405 823 4480 tales
847 4403 1114 4499 impressiones,
1131 4425 1197 4478 con
1221 4398 1251 4476 si
1274 4406 1385 4476 veloce
1403 4409 1509 4494 moto,

336 4529 440 4623 idest,
450 4533 525 4602 tam
541 4527 730 4622 repentino
745 4526 896 4621 impetu.
907 4523 1061 4599 Fulmen
1073 4545 1163 4621 ergo
1174 4524 1308 4622 tigurat
1321 4525 1432 4598 altam
1447 4543 1510 4596 su-

398 4803 427 4866 (¹)
444 4807 498 4864 tlt,
515 4803 626 4853 ostendit
641 4807 669 4854 ci
684 4803 782 4866 incipit.

398 4881 427 4942 (¹)
442 4881 474 4931 B.
489 4886 547 4944 post
563 4881 703 4931 &minum
719 4886 838 4931 nostrum
853 4877 1068 4942 pretiosissimum
1084 4877 1287 4942 Redemptorem
1306 4879 1447 4929 Dominum
1463 4879 1506 4930 Je-

337 4972 396 5009 sum
411 4956 542 5007 Christum
558 4959 687 5020 persecuti
703 4962 763 5008 mut
778 4957 835 5008 eius
850 4956 996 5016 ecclesiam,
1013 4956 1087 5006 sicat.

398 5033 427 5097 tl
444 5039 498 5096 nn,
514 5034 594 5085 runs
609 5035 729 5100 mmm.

469 5142 507 5185 IV.
1350 5139 1375 5181 tt
