<?xml version="1.0" encoding="UTF-8"?>
<!DOCTYPE html PUBLIC "-//W3C//DTD XHTML 1.0 Transitional//EN"
    "http://www.w3.org/TR/xhtml1/DTD/xhtml1-transitional.dtd">
<html xmlns="http://www.w3.org/1999/xhtml" xml:lang="en" lang="en">
 <head>
  <title>
</title>
<meta http-equiv="Content-Type" content="text/html;charset=utf-8" />
  <meta name='ocr-system' content='tesseract 3.04.00' />
  <meta name='ocr-capabilities' content='ocr_page ocr_carea ocr_par ocr_line ocrx_word'/>
</head>
<body>
  <div class='ocr_page' id='page_1' title='image "benevenutideram01lacagoog_0257.png"; bbox 0 0 4342 6692; ppageno 0'>
   <div class='ocr_carea' id='block_1_1' title="bbox 622 913 1511 982">
    <p class='ocr_par' dir='ltr' id='par_1_1' title="bbox 622 913 1511 982">
     <span class='ocr_line' id='line_1_1' title="bbox 622 913 1511 982; baseline 0.006 -6"><span class='ocrx_word' id='word_1_1' title='bbox 622 921 762 978; x_wconf 77' lang='lat' dir='ltr'><strong>esurus</strong></span> <span class='ocrx_word' id='word_1_2' title='bbox 786 921 1003 978; x_wconf 81' lang='lat' dir='ltr'><strong>rmossrrrus</strong></span> <span class='ocrx_word' id='word_1_3' title='bbox 1028 923 1222 980; x_wconf 65' lang='lat' dir='ltr'><strong>muscus.</strong></span> <span class='ocrx_word' id='word_1_4' title='bbox 1439 913 1511 982; x_wconf 71' lang='lat' dir='ltr'><strong>bd&#39;l</strong></span> 
     </span>
    </p>
   </div>
   <div class='ocr_carea' id='block_1_2' title="bbox 338 1065 1513 1528">
    <p class='ocr_par' dir='ltr' id='par_1_2' title="bbox 338 1065 1513 1528">
     <span class='ocr_line' id='line_1_2' title="bbox 412 1065 1513 1169; baseline 0.005 -27"><span class='ocrx_word' id='word_1_5' title='bbox 412 1074 525 1142; x_wconf 83' lang='lat' dir='ltr'><strong>Forse</strong></span> <span class='ocrx_word' id='word_1_6' title='bbox 548 1071 585 1142; x_wconf 84' lang='lat' dir='ltr'><strong>iu</strong></span> <span class='ocrx_word' id='word_1_7' title='bbox 610 1077 673 1141; x_wconf 86' lang='lat' dir='ltr'><strong>tre.</strong></span> <span class='ocrx_word' id='word_1_8' title='bbox 699 1065 770 1142; x_wconf 88' lang='lat' dir='ltr'><strong>lsta</strong></span> <span class='ocrx_word' id='word_1_9' title='bbox 795 1074 851 1142; x_wconf 85' lang='lat' dir='ltr'><strong>est</strong></span> <span class='ocrx_word' id='word_1_10' title='bbox 875 1068 1036 1144; x_wconf 89' lang='lat' dir='ltr'><strong>secunda</strong></span> <span class='ocrx_word' id='word_1_11' title='bbox 1057 1089 1143 1164; x_wconf 89' lang='lat' dir='ltr'><strong>pars</strong></span> <span class='ocrx_word' id='word_1_12' title='bbox 1167 1072 1349 1166; x_wconf 86' lang='lat' dir='ltr'><strong>generalis</strong></span> <span class='ocrx_word' id='word_1_13' title='bbox 1374 1073 1412 1147; x_wconf 89' lang='lat' dir='ltr'><strong>in</strong></span> <span class='ocrx_word' id='word_1_14' title='bbox 1438 1095 1513 1169; x_wconf 83' lang='lat' dir='ltr'><strong>que</strong></span> 
     </span>
     <span class='ocr_line' id='line_1_3' title="bbox 338 1188 1510 1286; baseline 0.004 -23"><span class='ocrx_word' id='word_1_15' title='bbox 338 1196 446 1286; x_wconf 87' lang='lat' dir='ltr'><strong>poeta</strong></span> <span class='ocrx_word' id='word_1_16' title='bbox 462 1188 634 1264; x_wconf 82' lang='lat' dir='ltr'><strong>describit</strong></span> <span class='ocrx_word' id='word_1_17' title='bbox 649 1188 899 1264; x_wconf 76' lang='lat' dir='ltr'><strong>fundationem</strong></span> <span class='ocrx_word' id='word_1_18' title='bbox 918 1188 1111 1285; x_wconf 73' lang='lat' dir='ltr'><strong>primitive</strong></span> <span class='ocrx_word' id='word_1_19' title='bbox 1129 1191 1292 1266; x_wconf 79' lang='lat' dir='ltr'><strong>ecclesiae</strong></span> <span class='ocrx_word' id='word_1_20' title='bbox 1314 1192 1510 1270; x_wconf 87' lang='lat' dir='ltr'><strong>militantis.</strong></span> 
     </span>
     <span class='ocr_line' id='line_1_4' title="bbox 340 1308 1511 1410; baseline 0.001 -24"><span class='ocrx_word' id='word_1_21' title='bbox 340 1311 385 1386; x_wconf 83' lang='lat' dir='ltr'><strong>Et</strong></span> <span class='ocrx_word' id='word_1_22' title='bbox 408 1309 527 1404; x_wconf 92' lang='lat' dir='ltr'><strong>primo</strong></span> <span class='ocrx_word' id='word_1_23' title='bbox 555 1308 712 1384; x_wconf 73' lang='lat' dir='ltr'><strong>ostendit</strong></span> <span class='ocrx_word' id='word_1_24' title='bbox 740 1309 898 1402; x_wconf 83' lang='lat' dir='ltr'><strong>qualiter</strong></span> <span class='ocrx_word' id='word_1_25' title='bbox 922 1308 1069 1384; x_wconf 83' lang='lat' dir='ltr'><strong>Beatrix</strong></span> <span class='ocrx_word' id='word_1_26' title='bbox 1095 1309 1280 1386; x_wconf 88' lang='lat' dir='ltr'><strong>descendit</strong></span> <span class='ocrx_word' id='word_1_27' title='bbox 1309 1313 1355 1388; x_wconf 93' lang='lat' dir='ltr'><strong>de</strong></span> <span class='ocrx_word' id='word_1_28' title='bbox 1384 1333 1511 1410; x_wconf 84' lang='lat' dir='ltr'><strong>curru,</strong></span> 
     </span>
     <span class='ocr_line' id='line_1_5' title="bbox 341 1423 1513 1528; baseline 0.003 -24"><span class='ocrx_word' id='word_1_29' title='bbox 341 1449 428 1504; x_wconf 89' lang='lat' dir='ltr'><strong>cum</strong></span> <span class='ocrx_word' id='word_1_30' title='bbox 459 1428 794 1524; x_wconf 80' lang='lat' dir='ltr'><strong>appropinquarent</strong></span> <span class='ocrx_word' id='word_1_31' title='bbox 824 1429 870 1504; x_wconf 87' lang='lat' dir='ltr'><strong>ad</strong></span> <span class='ocrx_word' id='word_1_32' title='bbox 901 1423 1073 1504; x_wconf 87' lang='lat' dir='ltr'><strong>arborem</strong></span> <span class='ocrx_word' id='word_1_33' title='bbox 1106 1430 1168 1505; x_wconf 92' lang='lat' dir='ltr'><strong>cui</strong></span> <span class='ocrx_word' id='word_1_34' title='bbox 1195 1431 1399 1528; x_wconf 82' lang='lat' dir='ltr'><strong>alligandus</strong></span> <span class='ocrx_word' id='word_1_35' title='bbox 1432 1439 1513 1508; x_wconf 93' lang='lat' dir='ltr'><strong>erat</strong></span> 
     </span>
    </p>
   </div>
   <div class='ocr_carea' id='block_1_3' title="bbox 240 1549 1562 5134">
    <p class='ocr_par' dir='ltr' id='par_1_3' title="bbox 240 1549 1562 4170">
     <span class='ocr_line' id='line_1_6' title="bbox 341 1549 1513 1644; baseline 0.003 -20"><span class='ocrx_word' id='word_1_36' title='bbox 341 1569 489 1644; x_wconf 87' lang='lat' dir='ltr'><strong>currus,</strong></span> <span class='ocrx_word' id='word_1_37' title='bbox 512 1549 601 1643; x_wconf 87' lang='lat' dir='ltr'><strong>quia</strong></span> <span class='ocrx_word' id='word_1_38' title='bbox 628 1567 845 1624; x_wconf 87' lang='lat' dir='ltr'><strong>remansura</strong></span> <span class='ocrx_word' id='word_1_39' title='bbox 868 1556 950 1624; x_wconf 90' lang='lat' dir='ltr'><strong>erat</strong></span> <span class='ocrx_word' id='word_1_40' title='bbox 973 1549 1021 1624; x_wconf 90' lang='lat' dir='ltr'><strong>ad</strong></span> <span class='ocrx_word' id='word_1_41' title='bbox 1048 1551 1253 1625; x_wconf 82' lang='lat' dir='ltr'><strong>custodiam</strong></span> <span class='ocrx_word' id='word_1_42' title='bbox 1284 1572 1420 1627; x_wconf 89' lang='lat' dir='ltr'><strong>currus</strong></span> <span class='ocrx_word' id='word_1_43' title='bbox 1451 1571 1513 1628; x_wconf 88' lang='lat' dir='ltr'><strong>re-</strong></span> 
     </span>
     <span class='ocr_line' id='line_1_7' title="bbox 341 1668 1512 1767; baseline 0.003 -21"><span class='ocrx_word' id='word_1_44' title='bbox 341 1669 494 1746; x_wconf 89' lang='lat' dir='ltr'><strong>cedente</strong></span> <span class='ocrx_word' id='word_1_45' title='bbox 509 1670 670 1766; x_wconf 82' lang='lat' dir='ltr'><strong>grypho:</strong></span> <span class='ocrx_word' id='word_1_46' title='bbox 685 1677 724 1743; x_wconf 92' lang='lat' dir='ltr'><strong>et</strong></span> <span class='ocrx_word' id='word_1_47' title='bbox 739 1689 807 1764; x_wconf 95' lang='lat' dir='ltr'><strong>pro</strong></span> <span class='ocrx_word' id='word_1_48' title='bbox 823 1668 1097 1746; x_wconf 76' lang='lat' dir='ltr'><strong>continuatione</strong></span> <span class='ocrx_word' id='word_1_49' title='bbox 1115 1670 1228 1767; x_wconf 83' lang='lat' dir='ltr'><strong>tangit</strong></span> <span class='ocrx_word' id='word_1_50' title='bbox 1242 1679 1422 1765; x_wconf 84' lang='lat' dir='ltr'><strong>quantum</strong></span> <span class='ocrx_word' id='word_1_51' title='bbox 1444 1673 1512 1750; x_wconf 83' lang='lat' dir='ltr'><strong>viae</strong></span> 
     </span>
     <span class='ocr_line' id='line_1_8' title="bbox 342 1788 1514 1887; baseline 0.003 -25"><span class='ocrx_word' id='word_1_52' title='bbox 342 1789 505 1866; x_wconf 83' lang='lat' dir='ltr'><strong>lacerant</strong></span> <span class='ocrx_word' id='word_1_53' title='bbox 518 1789 665 1883; x_wconf 88' lang='lat' dir='ltr'><strong>quaudo</strong></span> <span class='ocrx_word' id='word_1_54' title='bbox 678 1796 926 1884; x_wconf 85' lang='lat' dir='ltr'><strong>pervenerunt</strong></span> <span class='ocrx_word' id='word_1_55' title='bbox 938 1788 985 1863; x_wconf 90' lang='lat' dir='ltr'><strong>ad</strong></span> <span class='ocrx_word' id='word_1_56' title='bbox 997 1790 1184 1885; x_wconf 88' lang='lat' dir='ltr'><strong>arborem,</strong></span> <span class='ocrx_word' id='word_1_57' title='bbox 1198 1811 1264 1887; x_wconf 93' lang='lat' dir='ltr'><strong>per</strong></span> <span class='ocrx_word' id='word_1_58' title='bbox 1283 1812 1396 1868; x_wconf 91' lang='lat' dir='ltr'><strong>unam</strong></span> <span class='ocrx_word' id='word_1_59' title='bbox 1409 1813 1514 1868; x_wconf 84' lang='lat' dir='ltr'><strong>corn-</strong></span> 
     </span>
     <span class='ocr_line' id='line_1_9' title="bbox 341 1907 1562 2005; baseline 0.002 -22"><span class='ocrx_word' id='word_1_60' title='bbox 341 1908 569 2003; x_wconf 87' lang='lat' dir='ltr'><strong>puratiouem</strong></span> <span class='ocrx_word' id='word_1_61' title='bbox 586 1909 740 2002; x_wconf 87' lang='lat' dir='ltr'><strong>claram,</strong></span> <span class='ocrx_word' id='word_1_62' title='bbox 753 1907 899 1983; x_wconf 83' lang='lat' dir='ltr'><strong>dicens:</strong></span> <span class='ocrx_word' id='word_1_63' title='bbox 916 1912 1034 1982; x_wconf 81' lang='lat' dir='ltr'><strong>Suettu</strong></span> <span class='ocrx_word' id='word_1_64' title='bbox 1051 1912 1259 2004; x_wconf 60' lang='lat' dir='ltr'><strong>defrenata,</strong></span> <span class='ocrx_word' id='word_1_65' title='bbox 1275 1911 1322 1984; x_wconf 88' lang='lat' dir='ltr'><strong>ad</strong></span> <span class='ocrx_word' id='word_1_66' title='bbox 1340 1918 1512 2005; x_wconf 87' lang='lat' dir='ltr'><strong>tractum,</strong></span> <span class='ocrx_word' id='word_1_67' title='bbox 1560 1907 1562 1912; x_wconf 79' lang='grc'><strong>’</strong></span> 
     </span>
     <span class='ocr_line' id='line_1_10' title="bbox 337 2027 1513 2129; baseline 0.006 -27"><span class='ocrx_word' id='word_1_68' title='bbox 337 2049 444 2122; x_wconf 81' lang='lat' dir='ltr'><strong>prese</strong></span> <span class='ocrx_word' id='word_1_69' title='bbox 464 2030 564 2124; x_wconf 78' lang='lat' dir='ltr'><strong>forse</strong></span> <span class='ocrx_word' id='word_1_70' title='bbox 588 2035 684 2102; x_wconf 80' lang='lat' dir='ltr'><strong>tanto</strong></span> <span class='ocrx_word' id='word_1_71' title='bbox 708 2032 846 2122; x_wconf 74' lang='lat' dir='ltr'><strong>spurio,</strong></span> <span class='ocrx_word' id='word_1_72' title='bbox 873 2027 976 2122; x_wconf 84' lang='lat' dir='ltr'><strong>idest,</strong></span> <span class='ocrx_word' id='word_1_73' title='bbox 1007 2029 1172 2105; x_wconf 84' lang='lat' dir='ltr'><strong>transivit</strong></span> <span class='ocrx_word' id='word_1_74' title='bbox 1200 2036 1344 2114; x_wconf 89' lang='lat' dir='ltr'><strong>tautum</strong></span> <span class='ocrx_word' id='word_1_75' title='bbox 1370 2033 1452 2129; x_wconf 79' lang='lat' dir='ltr'><strong>vias,</strong></span> <span class='ocrx_word' id='word_1_76' title='bbox 1476 2037 1513 2108; x_wconf 82' lang='lat' dir='ltr'><strong>r&#39;rr</strong></span> 
     </span>
     <span class='ocr_line' id='line_1_11' title="bbox 341 2148 1514 2245; baseline 0.003 -23"><span class='ocrx_word' id='word_1_77' title='bbox 341 2156 397 2222; x_wconf 80' lang='lat' dir='ltr'><strong>tre</strong></span> <span class='ocrx_word' id='word_1_78' title='bbox 422 2152 504 2243; x_wconf 84' lang='lat' dir='ltr'><strong>ooli,</strong></span> <span class='ocrx_word' id='word_1_79' title='bbox 524 2149 627 2242; x_wconf 84' lang='lat' dir='ltr'><strong>idest,</strong></span> <span class='ocrx_word' id='word_1_80' title='bbox 639 2149 682 2223; x_wconf 93' lang='lat' dir='ltr'><strong>iu</strong></span> <span class='ocrx_word' id='word_1_81' title='bbox 707 2148 836 2245; x_wconf 89' lang='lat' dir='ltr'><strong>triplici</strong></span> <span class='ocrx_word' id='word_1_82' title='bbox 856 2149 961 2244; x_wconf 86' lang='lat' dir='ltr'><strong>jactu</strong></span> <span class='ocrx_word' id='word_1_83' title='bbox 989 2159 1260 2243; x_wconf 66' lang='lat' dir='ltr'><strong>ansuescente</strong></span> <span class='ocrx_word' id='word_1_84' title='bbox 1286 2172 1432 2226; x_wconf 70' lang='lat' dir='ltr'><strong>marom</strong></span> <span class='ocrx_word' id='word_1_85' title='bbox 1456 2175 1514 2226; x_wconf 83' lang='lat' dir='ltr'><strong>re·</strong></span> 
     </span>
     <span class='ocr_line' id='line_1_12' title="bbox 342 2269 1515 2367; baseline 0.002 -21"><span class='ocrx_word' id='word_1_86' title='bbox 342 2274 460 2364; x_wconf 74' lang='lat' dir='ltr'><strong>moso,</strong></span> <span class='ocrx_word' id='word_1_87' title='bbox 480 2269 583 2364; x_wconf 84' lang='lat' dir='ltr'><strong>idest,</strong></span> <span class='ocrx_word' id='word_1_88' title='bbox 602 2277 783 2364; x_wconf 84' lang='lat' dir='ltr'><strong>quantum</strong></span> <span class='ocrx_word' id='word_1_89' title='bbox 800 2290 951 2346; x_wconf 87' lang='lat' dir='ltr'><strong>cramus</strong></span> <span class='ocrx_word' id='word_1_90' title='bbox 970 2271 1054 2344; x_wconf 88' lang='lat' dir='ltr'><strong>lacti</strong></span> <span class='ocrx_word' id='word_1_91' title='bbox 1068 2272 1257 2367; x_wconf 84' lang='lat' dir='ltr'><strong>longinqui</strong></span> <span class='ocrx_word' id='word_1_92' title='bbox 1274 2295 1297 2348; x_wconf 92' lang='lat' dir='ltr'><strong>a</strong></span> <span class='ocrx_word' id='word_1_93' title='bbox 1318 2273 1398 2348; x_wconf 89' lang='lat' dir='ltr'><strong>loco</strong></span> <span class='ocrx_word' id='word_1_94' title='bbox 1417 2273 1515 2348; x_wconf 92' lang='lat' dir='ltr'><strong>unde</strong></span> 
     </span>
     <span class='ocr_line' id='line_1_13' title="bbox 342 2389 1513 2487; baseline 0.002 -21"><span class='ocrx_word' id='word_1_95' title='bbox 342 2411 599 2484; x_wconf 81' lang='lat' dir='ltr'><strong>moveramus3</strong></span> <span class='ocrx_word' id='word_1_96' title='bbox 625 2389 730 2484; x_wconf 86' lang='lat' dir='ltr'><strong>quasi</strong></span> <span class='ocrx_word' id='word_1_97' title='bbox 746 2389 854 2484; x_wconf 88' lang='lat' dir='ltr'><strong>dicat,</strong></span> <span class='ocrx_word' id='word_1_98' title='bbox 872 2412 940 2465; x_wconf 92' lang='lat' dir='ltr'><strong>nos</strong></span> <span class='ocrx_word' id='word_1_99' title='bbox 965 2397 1052 2485; x_wconf 78' lang='lat' dir='ltr'><strong>tres,</strong></span> <span class='ocrx_word' id='word_1_100' title='bbox 1071 2392 1208 2466; x_wconf 90' lang='lat' dir='ltr'><strong>scilicet</strong></span> <span class='ocrx_word' id='word_1_101' title='bbox 1226 2393 1414 2487; x_wconf 75' lang='lat' dir='ltr'><strong>bathildis,</strong></span> <span class='ocrx_word' id='word_1_102' title='bbox 1432 2394 1513 2468; x_wconf 89' lang='lat' dir='ltr'><strong>Sta·</strong></span> 
     </span>
     <span class='ocr_line' id='line_1_14' title="bbox 341 2511 1514 2607; baseline 0.002 -21"><span class='ocrx_word' id='word_1_103' title='bbox 341 2511 414 2586; x_wconf 89' lang='lat' dir='ltr'><strong>tius</strong></span> <span class='ocrx_word' id='word_1_104' title='bbox 438 2517 475 2586; x_wconf 89' lang='lat' dir='ltr'><strong>ct</strong></span> <span class='ocrx_word' id='word_1_105' title='bbox 499 2531 571 2607; x_wconf 82' lang='lat' dir='ltr'><strong>ego</strong></span> <span class='ocrx_word' id='word_1_106' title='bbox 596 2511 695 2586; x_wconf 84' lang='lat' dir='ltr'><strong>leves</strong></span> <span class='ocrx_word' id='word_1_107' title='bbox 715 2512 903 2586; x_wconf 82' lang='lat' dir='ltr'><strong>iveramus</strong></span> <span class='ocrx_word' id='word_1_108' title='bbox 929 2511 1024 2586; x_wconf 90' lang='lat' dir='ltr'><strong>lorte</strong></span> <span class='ocrx_word' id='word_1_109' title='bbox 1049 2531 1116 2606; x_wconf 90' lang='lat' dir='ltr'><strong>per</strong></span> <span class='ocrx_word' id='word_1_110' title='bbox 1137 2519 1212 2587; x_wconf 92' lang='lat' dir='ltr'><strong>tres</strong></span> <span class='ocrx_word' id='word_1_111' title='bbox 1232 2513 1436 2587; x_wconf 85' lang='lat' dir='ltr'><strong>balistratas</strong></span> <span class='ocrx_word' id='word_1_112' title='bbox 1455 2534 1514 2588; x_wconf 92' lang='lat' dir='ltr'><strong>se-</strong></span> 
     </span>
     <span class='ocr_line' id='line_1_15' title="bbox 343 2632 1515 2727; baseline 0.001 -22"><span class='ocrx_word' id='word_1_113' title='bbox 343 2638 498 2725; x_wconf 85' lang='lat' dir='ltr'><strong>quentes</strong></span> <span class='ocrx_word' id='word_1_114' title='bbox 522 2652 695 2726; x_wconf 83' lang='lat' dir='ltr'><strong>currum3</strong></span> <span class='ocrx_word' id='word_1_115' title='bbox 721 2633 864 2723; x_wconf 72' lang='lat' dir='ltr'><strong>qomodo</strong></span> <span class='ocrx_word' id='word_1_116' title='bbox 887 2635 1046 2705; x_wconf 67' lang='lat' dir='ltr'><strong>renasca</strong></span> <span class='ocrx_word' id='word_1_117' title='bbox 1069 2653 1174 2726; x_wconf 78' lang='lat' dir='ltr'><strong>scere,</strong></span> <span class='ocrx_word' id='word_1_118' title='bbox 1198 2633 1304 2727; x_wconf 85' lang='lat' dir='ltr'><strong>idest,</strong></span> <span class='ocrx_word' id='word_1_119' title='bbox 1330 2632 1515 2707; x_wconf 84' lang='lat' dir='ltr'><strong>descendit</strong></span> 
     </span>
     <span class='ocr_line' id='line_1_16' title="bbox 342 2751 1513 2848; baseline -0.002 -20"><span class='ocrx_word' id='word_1_120' title='bbox 342 2751 390 2828; x_wconf 91' lang='lat' dir='ltr'><strong>de</strong></span> <span class='ocrx_word' id='word_1_121' title='bbox 413 2772 530 2826; x_wconf 92' lang='lat' dir='ltr'><strong>curru</strong></span> <span class='ocrx_word' id='word_1_122' title='bbox 554 2773 670 2848; x_wconf 91' lang='lat' dir='ltr'><strong>prope</strong></span> <span class='ocrx_word' id='word_1_123' title='bbox 687 2753 861 2828; x_wconf 88' lang='lat' dir='ltr'><strong>arborem</strong></span> <span class='ocrx_word' id='word_1_124' title='bbox 880 2751 1082 2828; x_wconf 83' lang='lat' dir='ltr'><strong>maximam</strong></span> <span class='ocrx_word' id='word_1_125' title='bbox 1100 2753 1300 2848; x_wconf 85' lang='lat' dir='ltr'><strong>spoliatam.</strong></span> <span class='ocrx_word' id='word_1_126' title='bbox 1320 2753 1405 2828; x_wconf 93' lang='lat' dir='ltr'><strong>ldeo</strong></span> <span class='ocrx_word' id='word_1_127' title='bbox 1425 2753 1513 2826; x_wconf 87' lang='lat' dir='ltr'><strong>sub-</strong></span> 
     </span>
     <span class='ocr_line' id='line_1_17' title="bbox 342 2868 1512 2969; baseline 0.003 -25"><span class='ocrx_word' id='word_1_128' title='bbox 342 2868 415 2944; x_wconf 88' lang='lat' dir='ltr'><strong>dit:</strong></span> <span class='ocrx_word' id='word_1_129' title='bbox 441 2875 476 2946; x_wconf 82' lang='lat' dir='ltr'><strong>to</strong></span> <span class='ocrx_word' id='word_1_130' title='bbox 507 2875 620 2946; x_wconf 73' lang='lat' dir='ltr'><strong>sendo</strong></span> <span class='ocrx_word' id='word_1_131' title='bbox 650 2875 774 2946; x_wconf 74' lang='lat' dir='ltr'><strong>omui</strong></span> <span class='ocrx_word' id='word_1_132' title='bbox 796 2891 1046 2946; x_wconf 71' lang='lat' dir='ltr'><strong>consorores</strong></span> <span class='ocrx_word' id='word_1_133' title='bbox 1070 2875 1222 2966; x_wconf 78' lang='lat' dir='ltr'><strong>Adomo,</strong></span> <span class='ocrx_word' id='word_1_134' title='bbox 1256 2872 1512 2969; x_wconf 82' lang='lat' dir='ltr'><strong>redarguendo</strong></span> 
     </span>
     <span class='ocr_line' id='line_1_18' title="bbox 342 2991 1514 3088; baseline 0 -22"><span class='ocrx_word' id='word_1_135' title='bbox 342 3009 432 3066; x_wconf 90' lang='lat' dir='ltr'><strong>eum</strong></span> <span class='ocrx_word' id='word_1_136' title='bbox 457 2991 504 3065; x_wconf 93' lang='lat' dir='ltr'><strong>de</strong></span> <span class='ocrx_word' id='word_1_137' title='bbox 527 2991 771 3067; x_wconf 82' lang='lat' dir='ltr'><strong>inobedientia</strong></span> <span class='ocrx_word' id='word_1_138' title='bbox 795 2997 946 3087; x_wconf 88' lang='lat' dir='ltr'><strong>propter</strong></span> <span class='ocrx_word' id='word_1_139' title='bbox 971 3011 1085 3086; x_wconf 85' lang='lat' dir='ltr'><strong>quam</strong></span> <span class='ocrx_word' id='word_1_140' title='bbox 1111 2992 1223 3066; x_wconf 83' lang='lat' dir='ltr'><strong>arbor</strong></span> <span class='ocrx_word' id='word_1_141' title='bbox 1249 2999 1329 3066; x_wconf 91' lang='lat' dir='ltr'><strong>erat</strong></span> <span class='ocrx_word' id='word_1_142' title='bbox 1354 2992 1403 3067; x_wconf 94' lang='lat' dir='ltr'><strong>ita</strong></span> <span class='ocrx_word' id='word_1_143' title='bbox 1430 3013 1514 3088; x_wconf 89' lang='lat' dir='ltr'><strong>spo-</strong></span> 
     </span>
     <span class='ocr_line' id='line_1_19' title="bbox 342 3110 1513 3205; baseline 0.003 -22"><span class='ocrx_word' id='word_1_144' title='bbox 342 3111 441 3203; x_wconf 86' lang='lat' dir='ltr'><strong>liata,</strong></span> <span class='ocrx_word' id='word_1_145' title='bbox 452 3110 559 3204; x_wconf 78' lang='lat' dir='ltr'><strong>quasi</strong></span> <span class='ocrx_word' id='word_1_146' title='bbox 575 3110 755 3187; x_wconf 86' lang='lat' dir='ltr'><strong>diceutes:</strong></span> <span class='ocrx_word' id='word_1_147' title='bbox 774 3111 904 3203; x_wconf 76' lang='lat' dir='ltr'><strong>Adam,</strong></span> <span class='ocrx_word' id='word_1_148' title='bbox 917 3110 1035 3186; x_wconf 75' lang='lat' dir='ltr'><strong>Adam</strong></span> <span class='ocrx_word' id='word_1_149' title='bbox 1053 3110 1116 3184; x_wconf 92' lang='lat' dir='ltr'><strong>ubi</strong></span> <span class='ocrx_word' id='word_1_150' title='bbox 1135 3131 1185 3205; x_wconf 90' lang='lat' dir='ltr'><strong>es,</strong></span> <span class='ocrx_word' id='word_1_151' title='bbox 1204 3111 1268 3205; x_wconf 90' lang='lat' dir='ltr'><strong>qui</strong></span> <span class='ocrx_word' id='word_1_152' title='bbox 1286 3111 1383 3186; x_wconf 91' lang='lat' dir='ltr'><strong>luisti</strong></span> <span class='ocrx_word' id='word_1_153' title='bbox 1402 3132 1513 3187; x_wconf 91' lang='lat' dir='ltr'><strong>causa</strong></span> 
     </span>
     <span class='ocr_line' id='line_1_20' title="bbox 344 3229 1514 3327; baseline 0.003 -23"><span class='ocrx_word' id='word_1_154' title='bbox 344 3229 433 3306; x_wconf 86' lang='lat' dir='ltr'><strong>tuuti</strong></span> <span class='ocrx_word' id='word_1_155' title='bbox 459 3229 547 3304; x_wconf 85' lang='lat' dir='ltr'><strong>mali</strong></span> <span class='ocrx_word' id='word_1_156' title='bbox 572 3231 756 3324; x_wconf 87' lang='lat' dir='ltr'><strong>peccando</strong></span> <span class='ocrx_word' id='word_1_157' title='bbox 779 3231 848 3304; x_wconf 88' lang='lat' dir='ltr'><strong>bic.</strong></span> <span class='ocrx_word' id='word_1_158' title='bbox 868 3231 969 3306; x_wconf 91' lang='lat' dir='ltr'><strong>Unde</strong></span> <span class='ocrx_word' id='word_1_159' title='bbox 985 3229 1091 3304; x_wconf 88' lang='lat' dir='ltr'><strong>dicit:</strong></span> <span class='ocrx_word' id='word_1_160' title='bbox 1115 3235 1177 3323; x_wconf 81' lang='lat' dir='ltr'><strong>pot</strong></span> <span class='ocrx_word' id='word_1_161' title='bbox 1199 3233 1392 3325; x_wconf 70' lang='lat' dir='ltr'><strong>moltero,</strong></span> <span class='ocrx_word' id='word_1_162' title='bbox 1410 3232 1514 3327; x_wconf 87' lang='lat' dir='ltr'><strong>idest,</strong></span> 
     </span>
     <span class='ocr_line' id='line_1_21' title="bbox 293 3349 1514 3444; baseline 0.002 -19"><span class='ocrx_word' id='word_1_163' title='bbox 293 3427 297 3432; x_wconf 79' lang='grc'><strong>,</strong></span> <span class='ocrx_word' id='word_1_164' title='bbox 342 3349 676 3444; x_wconf 88' lang='lat' dir='ltr'><strong>circumdederunt,</strong></span> <span class='ocrx_word' id='word_1_165' title='bbox 692 3371 766 3423; x_wconf 80' lang='lat' dir='ltr'><strong>mm</strong></span> <span class='ocrx_word' id='word_1_166' title='bbox 779 3353 917 3442; x_wconf 67' lang='lat' dir='ltr'><strong>penu,</strong></span> <span class='ocrx_word' id='word_1_167' title='bbox 930 3351 1010 3424; x_wconf 77' lang='lat' dir='ltr'><strong>baec</strong></span> <span class='ocrx_word' id='word_1_168' title='bbox 1023 3357 1104 3426; x_wconf 90' lang='lat' dir='ltr'><strong>erat</strong></span> <span class='ocrx_word' id='word_1_169' title='bbox 1123 3351 1235 3426; x_wconf 90' lang='lat' dir='ltr'><strong>arbor</strong></span> <span class='ocrx_word' id='word_1_170' title='bbox 1251 3351 1412 3426; x_wconf 77' lang='lat' dir='ltr'><strong>scientim</strong></span> <span class='ocrx_word' id='word_1_171' title='bbox 1427 3352 1514 3427; x_wconf 95' lang='lat' dir='ltr'><strong>boni</strong></span> 
     </span>
     <span class='ocr_line' id='line_1_22' title="bbox 341 3472 1515 3566; baseline -0.001 -20"><span class='ocrx_word' id='word_1_172' title='bbox 341 3477 380 3546; x_wconf 90' lang='lat' dir='ltr'><strong>et</strong></span> <span class='ocrx_word' id='word_1_173' title='bbox 414 3472 513 3565; x_wconf 84' lang='lat' dir='ltr'><strong>mali,</strong></span> <span class='ocrx_word' id='word_1_174' title='bbox 537 3475 749 3564; x_wconf 71' lang='lat' dir='ltr'><strong>dispoptrbtu</strong></span> <span class='ocrx_word' id='word_1_175' title='bbox 778 3475 816 3546; x_wconf 87' lang='lat' dir='ltr'><strong>dl</strong></span> <span class='ocrx_word' id='word_1_176' title='bbox 845 3474 931 3565; x_wconf 58' lang='lat' dir='ltr'><strong>fiori</strong></span> <span class='ocrx_word' id='word_1_177' title='bbox 961 3491 981 3542; x_wconf 83' lang='lat' dir='ltr'><strong>e</strong></span> <span class='ocrx_word' id='word_1_178' title='bbox 1012 3473 1152 3544; x_wconf 79' lang='lat' dir='ltr'><strong>d&#39;ultra</strong></span> <span class='ocrx_word' id='word_1_179' title='bbox 1183 3473 1319 3566; x_wconf 70' lang='lat' dir='ltr'><strong>frendo</strong></span> <span class='ocrx_word' id='word_1_180' title='bbox 1351 3493 1418 3546; x_wconf 81' lang='lat' dir='ltr'><strong>con</strong></span> <span class='ocrx_word' id='word_1_181' title='bbox 1451 3492 1515 3545; x_wconf 81' lang='lat' dir='ltr'><strong>suo</strong></span> 
     </span>
     <span class='ocr_line' id='line_1_23' title="bbox 342 3591 1515 3689; baseline 0.002 -23"><span class='ocrx_word' id='word_1_182' title='bbox 342 3613 458 3666; x_wconf 81' lang='lat' dir='ltr'><strong>ruoro.</strong></span> <span class='ocrx_word' id='word_1_183' title='bbox 483 3593 529 3668; x_wconf 84' lang='lat' dir='ltr'><strong>Et</strong></span> <span class='ocrx_word' id='word_1_184' title='bbox 552 3593 602 3668; x_wconf 88' lang='lat' dir='ltr'><strong>sic</strong></span> <span class='ocrx_word' id='word_1_185' title='bbox 629 3593 722 3689; x_wconf 84' lang='lat' dir='ltr'><strong>vide,</strong></span> <span class='ocrx_word' id='word_1_186' title='bbox 744 3593 843 3688; x_wconf 88' lang='lat' dir='ltr'><strong>quod</strong></span> <span class='ocrx_word' id='word_1_187' title='bbox 868 3592 938 3666; x_wconf 85' lang='lat' dir='ltr'><strong>ista</strong></span> <span class='ocrx_word' id='word_1_188' title='bbox 962 3591 1031 3665; x_wconf 89' lang='lat' dir='ltr'><strong>luit</strong></span> <span class='ocrx_word' id='word_1_189' title='bbox 1054 3591 1174 3687; x_wconf 91' lang='lat' dir='ltr'><strong>prima</strong></span> <span class='ocrx_word' id='word_1_190' title='bbox 1199 3592 1357 3668; x_wconf 90' lang='lat' dir='ltr'><strong>duarum</strong></span> <span class='ocrx_word' id='word_1_191' title='bbox 1385 3592 1515 3689; x_wconf 83' lang='lat' dir='ltr'><strong>despo-</strong></span> 
     </span>
     <span class='ocr_line' id='line_1_24' title="bbox 342 3711 1515 3809; baseline 0.002 -21"><span class='ocrx_word' id='word_1_192' title='bbox 342 3711 536 3788; x_wconf 77' lang='lat' dir='ltr'><strong>liationum</strong></span> <span class='ocrx_word' id='word_1_193' title='bbox 561 3714 608 3788; x_wconf 91' lang='lat' dir='ltr'><strong>de</strong></span> <span class='ocrx_word' id='word_1_194' title='bbox 639 3715 774 3809; x_wconf 88' lang='lat' dir='ltr'><strong>quibus</strong></span> <span class='ocrx_word' id='word_1_195' title='bbox 805 3713 891 3789; x_wconf 90' lang='lat' dir='ltr'><strong>dicit</strong></span> <span class='ocrx_word' id='word_1_196' title='bbox 920 3712 1013 3786; x_wconf 83' lang='lat' dir='ltr'><strong>inira</strong></span> <span class='ocrx_word' id='word_1_197' title='bbox 1047 3712 1206 3808; x_wconf 89' lang='lat' dir='ltr'><strong>capitulo</strong></span> <span class='ocrx_word' id='word_1_198' title='bbox 1237 3713 1406 3808; x_wconf 85' lang='lat' dir='ltr'><strong>proximo</strong></span> <span class='ocrx_word' id='word_1_199' title='bbox 1431 3733 1515 3808; x_wconf 83' lang='lat' dir='ltr'><strong>quoe</strong></span> 
     </span>
     <span class='ocr_line' id='line_1_25' title="bbox 343 3833 1515 3928; baseline 0.001 -22"><span class='ocrx_word' id='word_1_200' title='bbox 343 3833 438 3908; x_wconf 87' lang='lat' dir='ltr'><strong>lacta</strong></span> <span class='ocrx_word' id='word_1_201' title='bbox 465 3833 533 3908; x_wconf 89' lang='lat' dir='ltr'><strong>luit</strong></span> <span class='ocrx_word' id='word_1_202' title='bbox 555 3855 623 3928; x_wconf 88' lang='lat' dir='ltr'><strong>per</strong></span> <span class='ocrx_word' id='word_1_203' title='bbox 651 3835 779 3910; x_wconf 76' lang='lat' dir='ltr'><strong>Adam.</strong></span> <span class='ocrx_word' id='word_1_204' title='bbox 793 3839 907 3909; x_wconf 80' lang='lat' dir='ltr'><strong>-la</strong></span> <span class='ocrx_word' id='word_1_205' title='bbox 935 3835 1080 3906; x_wconf 64' lang='lat' dir='ltr'><strong>cbomu</strong></span> <span class='ocrx_word' id='word_1_206' title='bbox 1114 3833 1179 3907; x_wconf 90' lang='lat' dir='ltr'><strong>llic</strong></span> <span class='ocrx_word' id='word_1_207' title='bbox 1207 3839 1316 3928; x_wconf 87' lang='lat' dir='ltr'><strong>poeta</strong></span> <span class='ocrx_word' id='word_1_208' title='bbox 1345 3833 1515 3910; x_wconf 85' lang='lat' dir='ltr'><strong>describit</strong></span> 
     </span>
     <span class='ocr_line' id='line_1_26' title="bbox 343 3952 1513 4048; baseline 0 -20"><span class='ocrx_word' id='word_1_209' title='bbox 343 3953 417 4028; x_wconf 84' lang='lat' dir='ltr'><strong>alte</strong></span> <span class='ocrx_word' id='word_1_210' title='bbox 439 3953 549 4028; x_wconf 85' lang='lat' dir='ltr'><strong>istam</strong></span> <span class='ocrx_word' id='word_1_211' title='bbox 566 3955 739 4030; x_wconf 85' lang='lat' dir='ltr'><strong>arborem</strong></span> <span class='ocrx_word' id='word_1_212' title='bbox 758 3955 806 4030; x_wconf 91' lang='lat' dir='ltr'><strong>ab</strong></span> <span class='ocrx_word' id='word_1_213' title='bbox 825 3953 1015 4028; x_wconf 86' lang='lat' dir='ltr'><strong>altitudine</strong></span> <span class='ocrx_word' id='word_1_214' title='bbox 1031 3973 1100 4028; x_wconf 86' lang='lat' dir='ltr'><strong>sua</strong></span> <span class='ocrx_word' id='word_1_215' title='bbox 1118 3973 1185 4048; x_wconf 93' lang='lat' dir='ltr'><strong>per</strong></span> <span class='ocrx_word' id='word_1_216' title='bbox 1202 3952 1513 4047; x_wconf 88' lang='lat' dir='ltr'><strong>comparationem</strong></span> 
     </span>
     <span class='ocr_line' id='line_1_27' title="bbox 240 4061 1514 4170; baseline -0.002 -22"><span class='ocrx_word' id='word_1_217' title='bbox 240 4061 243 4068; x_wconf 70' lang='grc'><strong>’</strong></span> <span class='ocrx_word' id='word_1_218' title='bbox 344 4075 511 4170; x_wconf 91' lang='lat' dir='ltr'><strong>pulcram</strong></span> <span class='ocrx_word' id='word_1_219' title='bbox 534 4074 796 4150; x_wconf 83' lang='lat' dir='ltr'><strong>altissimamm</strong></span> <span class='ocrx_word' id='word_1_220' title='bbox 820 4073 1011 4149; x_wconf 89' lang='lat' dir='ltr'><strong>arborum.</strong></span> <span class='ocrx_word' id='word_1_221' title='bbox 1028 4075 1083 4149; x_wconf 76' lang='lat' dir='ltr'><strong>Ad</strong></span> <span class='ocrx_word' id='word_1_222' title='bbox 1109 4074 1214 4149; x_wconf 90' lang='lat' dir='ltr'><strong>cuius</strong></span> <span class='ocrx_word' id='word_1_223' title='bbox 1240 4071 1514 4168; x_wconf 82' lang='lat' dir='ltr'><strong>intelligentiam</strong></span> 
     </span>
    </p>

    <p class='ocr_par' dir='ltr' id='par_1_4' title="bbox 304 4190 1517 5134">
     <span class='ocr_line' id='line_1_28' title="bbox 304 4190 1515 4290; baseline -0.002 -20"><span class='ocrx_word' id='word_1_224' title='bbox 304 4214 306 4218; x_wconf 89' lang='grc'><em>·</em></span> <span class='ocrx_word' id='word_1_225' title='bbox 344 4201 400 4270; x_wconf 83' lang='lat' dir='ltr'><strong>ost</strong></span> <span class='ocrx_word' id='word_1_226' title='bbox 423 4193 544 4289; x_wconf 88' lang='lat' dir='ltr'><strong>primo</strong></span> <span class='ocrx_word' id='word_1_227' title='bbox 567 4195 772 4290; x_wconf 85' lang='lat' dir='ltr'><strong>sciendum,</strong></span> <span class='ocrx_word' id='word_1_228' title='bbox 789 4190 889 4290; x_wconf 84' lang='lat' dir='ltr'><strong>quod</strong></span> <span class='ocrx_word' id='word_1_229' title='bbox 905 4194 1000 4268; x_wconf 73' lang='lat' dir='ltr'><strong>deut</strong></span> <span class='ocrx_word' id='word_1_230' title='bbox 1022 4195 1148 4270; x_wconf 88' lang='lat' dir='ltr'><strong>scribit</strong></span> <span class='ocrx_word' id='word_1_231' title='bbox 1167 4192 1339 4289; x_wconf 83' lang='lat' dir='ltr'><strong>Virgilius</strong></span> <span class='ocrx_word' id='word_1_232' title='bbox 1355 4192 1385 4265; x_wconf 95' lang='lat' dir='ltr'><strong>ll</strong></span> <span class='ocrx_word' id='word_1_233' title='bbox 1401 4193 1515 4268; x_wconf 88' lang='lat' dir='ltr'><strong>Geor·</strong></span> 
     </span>
     <span class='ocr_line' id='line_1_29' title="bbox 342 4313 1515 4412; baseline -0.003 -22"><span class='ocrx_word' id='word_1_234' title='bbox 342 4314 526 4410; x_wconf 73' lang='lat' dir='ltr'><strong>picorum,</strong></span> <span class='ocrx_word' id='word_1_235' title='bbox 541 4315 579 4390; x_wconf 93' lang='lat' dir='ltr'><strong>iu</strong></span> <span class='ocrx_word' id='word_1_236' title='bbox 604 4323 710 4412; x_wconf 87' lang='lat' dir='ltr'><strong>parte</strong></span> <span class='ocrx_word' id='word_1_237' title='bbox 734 4316 856 4410; x_wconf 71' lang='lat' dir='ltr'><strong>Indiae,</strong></span> <span class='ocrx_word' id='word_1_238' title='bbox 872 4335 957 4410; x_wconf 77' lang='lat' dir='ltr'><strong>qrrae</strong></span> <span class='ocrx_word' id='word_1_239' title='bbox 981 4321 1038 4389; x_wconf 88' lang='lat' dir='ltr'><strong>est</strong></span> <span class='ocrx_word' id='word_1_240' title='bbox 1057 4315 1165 4409; x_wconf 83' lang='lat' dir='ltr'><strong>juxta</strong></span> <span class='ocrx_word' id='word_1_241' title='bbox 1189 4333 1373 4388; x_wconf 88' lang='lat' dir='ltr'><strong>oceanum</strong></span> <span class='ocrx_word' id='word_1_242' title='bbox 1394 4313 1515 4388; x_wconf 89' lang='lat' dir='ltr'><strong>orien-</strong></span> 
     </span>
     <span class='ocr_line' id='line_1_30' title="bbox 344 4433 1515 4530; baseline 0.001 -23"><span class='ocrx_word' id='word_1_243' title='bbox 344 4433 455 4508; x_wconf 82' lang='lat' dir='ltr'><strong>talem</strong></span> <span class='ocrx_word' id='word_1_244' title='bbox 472 4436 635 4510; x_wconf 87' lang='lat' dir='ltr'><strong>nascitur</strong></span> <span class='ocrx_word' id='word_1_245' title='bbox 657 4437 773 4512; x_wconf 84' lang='lat' dir='ltr'><strong>arbor</strong></span> <span class='ocrx_word' id='word_1_246' title='bbox 788 4442 900 4510; x_wconf 74' lang='lat' dir='ltr'><strong>tante</strong></span> <span class='ocrx_word' id='word_1_247' title='bbox 918 4433 1119 4510; x_wconf 73' lang='lat' dir='ltr'><strong>altitudinis</strong></span> <span class='ocrx_word' id='word_1_248' title='bbox 1139 4433 1237 4528; x_wconf 86' lang='lat' dir='ltr'><strong>quod</strong></span> <span class='ocrx_word' id='word_1_249' title='bbox 1255 4434 1356 4508; x_wconf 87' lang='lat' dir='ltr'><strong>nulla</strong></span> <span class='ocrx_word' id='word_1_250' title='bbox 1375 4435 1515 4530; x_wconf 86' lang='lat' dir='ltr'><strong>sagipta</strong></span> 
     </span>
     <span class='ocr_line' id='line_1_31' title="bbox 344 4553 1517 4652; baseline 0.002 -24"><span class='ocrx_word' id='word_1_251' title='bbox 344 4553 441 4629; x_wconf 79' lang='lat' dir='ltr'><strong>salet</strong></span> <span class='ocrx_word' id='word_1_252' title='bbox 464 4555 647 4652; x_wconf 74' lang='lat' dir='ltr'><strong>attingere</strong></span> <span class='ocrx_word' id='word_1_253' title='bbox 675 4557 926 4632; x_wconf 78' lang='lat' dir='ltr'><strong>summitatem</strong></span> <span class='ocrx_word' id='word_1_254' title='bbox 956 4555 1050 4648; x_wconf 91' lang='lat' dir='ltr'><strong>eius,</strong></span> <span class='ocrx_word' id='word_1_255' title='bbox 1080 4554 1164 4630; x_wconf 88' lang='lat' dir='ltr'><strong>licet</strong></span> <span class='ocrx_word' id='word_1_256' title='bbox 1196 4555 1267 4628; x_wconf 90' lang='lat' dir='ltr'><strong>sint</strong></span> <span class='ocrx_word' id='word_1_257' title='bbox 1304 4553 1353 4628; x_wconf 94' lang='lat' dir='ltr'><strong>ibi</strong></span> <span class='ocrx_word' id='word_1_258' title='bbox 1392 4555 1517 4650; x_wconf 87' lang='lat' dir='ltr'><strong>optimi</strong></span> 
     </span>
     <span class='ocr_line' id='line_1_32' title="bbox 344 4673 1516 4772; baseline -0.001 -22"><span class='ocrx_word' id='word_1_259' title='bbox 344 4673 594 4772; x_wconf 78' lang='lat' dir='ltr'><strong>sugiptatores</strong></span> <span class='ocrx_word' id='word_1_260' title='bbox 618 4679 664 4750; x_wconf 88' lang='lat' dir='ltr'><strong>Et</strong></span> <span class='ocrx_word' id='word_1_261' title='bbox 685 4677 858 4752; x_wconf 87' lang='lat' dir='ltr'><strong>describit</strong></span> <span class='ocrx_word' id='word_1_262' title='bbox 874 4675 1004 4750; x_wconf 90' lang='lat' dir='ltr'><strong>deinde</strong></span> <span class='ocrx_word' id='word_1_263' title='bbox 1021 4675 1192 4771; x_wconf 84' lang='lat' dir='ltr'><strong>Virgilius</strong></span> <span class='ocrx_word' id='word_1_264' title='bbox 1216 4675 1324 4750; x_wconf 89' lang='lat' dir='ltr'><strong>aliam</strong></span> <span class='ocrx_word' id='word_1_265' title='bbox 1343 4675 1516 4750; x_wconf 88' lang='lat' dir='ltr'><strong>arborem</strong></span> 
     </span>
     <span class='ocr_line' id='line_1_33' title="bbox 345 4795 1517 4890; baseline -0.002 -18"><span class='ocrx_word' id='word_1_266' title='bbox 345 4795 497 4872; x_wconf 84' lang='lat' dir='ltr'><strong>alterius</strong></span> <span class='ocrx_word' id='word_1_267' title='bbox 522 4796 720 4890; x_wconf 70' lang='lat' dir='ltr'><strong>provincie</strong></span> <span class='ocrx_word' id='word_1_268' title='bbox 744 4796 940 4888; x_wconf 78' lang='lat' dir='ltr'><strong>orientalis,</strong></span> <span class='ocrx_word' id='word_1_269' title='bbox 956 4795 1104 4890; x_wconf 84' lang='lat' dir='ltr'><strong>scilicet,</strong></span> <span class='ocrx_word' id='word_1_270' title='bbox 1120 4796 1256 4890; x_wconf 80' lang='lat' dir='ltr'><strong>ldediae,</strong></span> <span class='ocrx_word' id='word_1_271' title='bbox 1273 4817 1359 4890; x_wconf 84' lang='lat' dir='ltr'><strong>quae</strong></span> <span class='ocrx_word' id='word_1_272' title='bbox 1380 4803 1436 4872; x_wconf 87' lang='lat' dir='ltr'><strong>est</strong></span> <span class='ocrx_word' id='word_1_273' title='bbox 1453 4817 1517 4870; x_wconf 84' lang='lat' dir='ltr'><strong>ar·</strong></span> 
     </span>
     <span class='ocr_line' id='line_1_34' title="bbox 346 4915 1516 5012; baseline -0.001 -19"><span class='ocrx_word' id='word_1_274' title='bbox 346 4919 416 4993; x_wconf 93' lang='lat' dir='ltr'><strong>bor</strong></span> <span class='ocrx_word' id='word_1_275' title='bbox 440 4915 623 4992; x_wconf 88' lang='lat' dir='ltr'><strong>simillima</strong></span> <span class='ocrx_word' id='word_1_276' title='bbox 648 4918 755 4993; x_wconf 92' lang='lat' dir='ltr'><strong>lauro</strong></span> <span class='ocrx_word' id='word_1_277' title='bbox 781 4917 818 4990; x_wconf 90' lang='lat' dir='ltr'><strong>in</strong></span> <span class='ocrx_word' id='word_1_278' title='bbox 843 4915 1031 4991; x_wconf 81' lang='lat' dir='ltr'><strong>frondibus</strong></span> <span class='ocrx_word' id='word_1_279' title='bbox 1056 4923 1095 4992; x_wconf 89' lang='lat' dir='ltr'><strong>et</strong></span> <span class='ocrx_word' id='word_1_280' title='bbox 1118 4917 1244 5012; x_wconf 90' lang='lat' dir='ltr'><strong>odore,</strong></span> <span class='ocrx_word' id='word_1_281' title='bbox 1265 4917 1376 4992; x_wconf 90' lang='lat' dir='ltr'><strong>babet</strong></span> <span class='ocrx_word' id='word_1_282' title='bbox 1394 4923 1516 4992; x_wconf 88' lang='lat' dir='ltr'><strong>tamen</strong></span> 
     </span>
     <span class='ocr_line' id='line_1_35' title="bbox 349 5036 1517 5134; baseline 0.001 -20"><span class='ocrx_word' id='word_1_283' title='bbox 349 5037 529 5114; x_wconf 87' lang='lat' dir='ltr'><strong>maiorem</strong></span> <span class='ocrx_word' id='word_1_284' title='bbox 554 5036 728 5112; x_wconf 89' lang='lat' dir='ltr'><strong>odorem:</strong></span> <span class='ocrx_word' id='word_1_285' title='bbox 753 5039 833 5112; x_wconf 82' lang='lat' dir='ltr'><strong>baec</strong></span> <span class='ocrx_word' id='word_1_286' title='bbox 857 5043 983 5112; x_wconf 90' lang='lat' dir='ltr'><strong>autem</strong></span> <span class='ocrx_word' id='word_1_287' title='bbox 1009 5037 1120 5113; x_wconf 87' lang='lat' dir='ltr'><strong>arbor</strong></span> <span class='ocrx_word' id='word_1_288' title='bbox 1149 5037 1325 5112; x_wconf 90' lang='lat' dir='ltr'><strong>mirabilis</strong></span> <span class='ocrx_word' id='word_1_289' title='bbox 1349 5039 1517 5134; x_wconf 89' lang='lat' dir='ltr'><strong>producit</strong></span> 
     </span>
    </p>
   </div>
   <div class='ocr_carea' id='block_1_4' title="bbox 0 0 2185 6692">
    <p class='ocr_par' dir='ltr' id='par_1_5' title="bbox 0 0 2185 6692">
     <span class='ocr_line' id='line_1_36' title="bbox 0 0 2185 6692; baseline 0 0"><span class='ocrx_word' id='word_1_290' title='bbox 0 0 2185 6692; x_wconf 95' lang='lat' dir='ltr'><strong> </strong></span> 
     </span>
    </p>
   </div>
  </div>
 </body>
</html>
