4342 6692
612 920 750 977 caurus
775 922 967 976 vrnasruus
991 922 1175 977 summus.
1411 911 1479 977 157

311 1068 413 1160 rale3
433 1066 530 1141 unde
550 1067 657 1141 dicit:
687 1069 830 1157 Virpitio
842 1059 930 1159 fiand
954 1074 993 1139 in
1017 1088 1071 1139 me
1087 1070 1138 1158 pu
1153 1070 1248 1141 occdi
1266 1071 1355 1159 suoi,
1376 1068 1481 1162 idest,

311 1187 471 1262 firmavit
495 1187 674 1262 rationem
696 1194 733 1263 et
749 1187 974 1263 intellectum
993 1188 1199 1261 naturalem
1217 1187 1253 1260 in
1273 1208 1344 1281 me,
1365 1192 1406 1260 ut
1423 1208 1482 1262 es-

311 1328 390 1383 sem
415 1308 510 1383 bene
534 1313 761 1402 praeparatus
787 1312 824 1381 et
848 1306 1041 1404 dispositus
1058 1306 1104 1381 ad
1121 1306 1274 1381 videnda
1300 1327 1384 1401 quae
1405 1308 1483 1402 ipse

287 1426 438 1503 -videre
463 1448 536 1502 uon
561 1434 716 1521 poterat,
741 1449 838 1500 come
860 1431 897 1501 ta
920 1431 1032 1519 scala,
1057 1426 1160 1521 idest,
1182 1428 1242 1501 ilia
1268 1428 1325 1502 via
1351 1433 1482 1502 cavata

312 1546 348 1620 in
366 1553 492 1622 monte
508 1548 601 1622 iacta
619 1548 665 1621 ad
682 1547 831 1643 gradus,
841 1551 883 1641 su
899 1569 1005 1621 corsa
1018 1556 1104 1622 tatto
1120 1555 1208 1621 sotto
1225 1550 1298 1641 noi,
1314 1571 1332 1620 e
1345 1551 1481 1641 summo

310 1669 349 1740 in
371 1670 429 1740 sut
449 1670 567 1757 prado
591 1688 753 1759 superno
780 1668 882 1741 Unde
906 1667 1058 1743 adverte
1075 1668 1173 1762 quod
1193 1668 1250 1741 bio
1275 1674 1330 1742 est
1350 1688 1481 1763 supre-

313 1807 397 1860 mus
420 1786 558 1882 gradus
578 1792 688 1861 terrae
712 1792 749 1861 et
773 1786 914 1881 primus
932 1787 1117 1884 ingressus
1135 1787 1171 1860 in
1189 1786 1396 1883 paradisum
1416 1788 1481 1862 de-

312 1907 499 1999 liciarum3
520 1905 602 1980 ideo
618 1906 789 2001 Virgilius
806 1927 879 1980 uon
897 1913 1013 2002 potest
1032 1908 1188 2003 amplius
1205 1908 1415 1984 ascendere.
1435 1909 1479 1982 m

311 2026 433 2101 subdit
456 2024 660 2100 orationem
686 2026 836 2100 eiusad
867 2047 917 2120 se,
943 2026 1085 2102 dicens:
1112 2048 1131 2099 e
1155 2031 1258 2119 diosa
1285 2048 1390 2103 more
1415 2048 1481 2123 pa-

310 2154 436 2223 terno:
464 2149 619 2241 ofiptio,
646 2149 706 2219 bui
730 2149 866 2238 vadato,
892 2167 954 2221 me
984 2153 1221 2242 monstrante,
1251 2152 1278 2221 it
1309 2152 1482 2240 temporat

307 2273 426 2363 fitoco,
442 2268 577 2341 seilicet
593 2266 808 2363 purgatorii,
825 2288 844 2339 e
861 2270 1020 2358 interno,
1038 2268 1183 2362 scilieet,
1204 2268 1354 2361 inierni3
1376 2267 1480 2362 quasi

310 2389 423 2465 dicat:
440 2393 480 2463 tu
500 2387 616 2462 vidisti
634 2387 818 2462 internum
845 2394 883 2463 et
907 2390 1163 2484 purgatorium
1182 2394 1312 2481 totum,
1331 2391 1412 2462 ese’
1422 2409 1482 2459 ue-

310 2518 393 2585 nato
416 2513 455 2583 in
474 2515 579 2603 parte
603 2512 730 2583 doo'io
753 2529 819 2602 per
835 2530 889 2581 me
902 2504 964 2601 piri
988 2512 1077 2583 oltra
1100 2530 1173 2582 raon
1197 2513 1369 2598 decemo,
1391 2507 1478 2601 quia

311 2652 394 2725 quae
421 2636 559 2704 restant
583 2628 737 2703 videnda
763 2628 957 2722 requirunt
982 2629 1107 2703 ocutos
1131 2629 1309 2723 puriores,
1328 2635 1365 2701 et
1381 2626 1478 2701 ocuii

310 2752 428 2849 lyncei
446 2751 707 2825 hebetarentur
722 2741 758 2841 (¹)
778 2748 904 2823 ineis:
926 2749 1060 2823 suffieit
1077 2747 1140 2822 tibi
1157 2748 1256 2841 quod
1274 2747 1341 2821 ieci
1359 2752 1477 2820 totum

310 2893 416 2968 posse
434 2890 571 2946 meum.
589 2869 692 2944 Unde
711 2868 814 2943 dicit:
833 2875 939 2941 trutto
959 2871 1038 2941 t'bo
1058 2872 1129 2959 qui,
1152 2887 1270 2960 usque
1294 2866 1340 2940 ad
1366 2866 1476 2940 limen

311 2989 479 3087 paradisi,
504 3010 570 3061 con
593 2992 744 3079 inpepno
773 3010 792 3061 e
823 3009 890 3061 coo
919 2994 1009 3078 arte,
1036 2987 1182 3079 scilicet,
1210 2985 1409 3060 rationibus
1441 2993 1479 3060 et

311 3107 616 3207 persuasionibus,
643 3127 727 3200 quae
752 3112 903 3202 possunt
927 3105 1054 3180 baberi
1079 3127 1145 3201 per
1170 3113 1288 3181 artem
1319 3105 1479 3200 acquisi-
1516 3104 1519 3113 '

311 3239 386 3306 tam
422 3229 567 3325 ingenio
599 3228 785 3320 bumano;
820 3247 922 3323 ergo,
952 3231 1048 3301 omui
1072 3230 1204 3320 prmdi
1231 3248 1299 3320 per
1327 3230 1412 3300 duce
1444 3230 1480 3300 to

309 3362 368 3429 tuo
392 3355 546 3444 piabere
572 3348 674 3440 idest,
707 3348 946 3441 voluntatem,
973 3369 1057 3442 quae
1091 3348 1207 3423 estin
1235 3347 1394 3443 potentia
1425 3346 1481 3420 in·

309 3474 500 3564 teiiectus3
526 3490 611 3543 nam
639 3468 819 3562 appetitus
843 3469 1036 3543 sensitivus
1061 3476 1117 3543 est
1142 3468 1361 3543 rectificatus
1390 3488 1476 3541 oum

310 3593 452 3667 ratione
484 3591 522 3663 in
552 3596 598 3684 te,
625 3596 662 3662 et
686 3595 789 3683 potes
826 3589 960 3663 amodo
998 3589 1190 3663 ambulare
1228 3589 1306 3664 sine
1340 3589 1478 3681 labore,

309 3713 388 3787 sine
412 3710 637 3805 suspicione3
660 3708 759 3783 unde
782 3707 886 3781 dicit:
901 3712 988 3802 [πον
1006 3711 1056 3782 set
1074 3711 1229 3783 delierte
1246 3712 1311 3798 oie,
1326 3712 1411 3801 fitor
1429 3711 1480 3781 sei

309 3836 387 3907 dett’
400 3839 496 3925 arte,-
517 3829 621 3925 quasi
646 3829 760 3903 dieat:
788 3828 945 3902 transisti
971 3849 1037 3923 per
1061 3848 1190 3902 omnes
1207 3828 1284 3903 vias
1303 3828 1477 3921 difficiles

217 4012 220 4017 .
310 3954 401 4027 altas
418 3958 455 4026 et
471 3956 656 4046 angustas,
674 3970 740 4043 per
756 3948 939 4022 iniernum
959 3955 995 4021 et
1012 3948 1268 4043 purgatorium
1283 3972 1293 4041 ;
1319 3948 1475 4022 habuisti

305 4072 384 4168 iam
411 4068 653 4166 cognitionem
682 4067 854 4141 vitiorum
880 4066 916 4137 in
942 4065 1061 4161 primo
1089 4086 1203 4161 regno
1228 4073 1475 4159 mortuorum,

310 4199 349 4267 et
380 4190 634 4286 purgationem
669 4208 800 4262 eorum
832 4185 869 4257 in
903 4186 1087 4278 seeund03
1119 4185 1288 4259 sinemo
1326 4184 1477 4257 intrabis

312 4312 472 4385 tertium.
486 4315 691 4383 -Mentre
718 4308 782 4381 iiie
807 4306 977 4402 Virgilius
1009 4325 1224 4379 recessurus
1249 4325 1272 4378 a
1297 4312 1403 4400 poeta
1430 4324 1477 4379 ne

310 4431 478 4525 desperet
502 4430 532 4503 si
558 4433 724 4504 remanet
747 4426 825 4501 sine
850 4426 959 4519 duce,
984 4426 1114 4520 probat
1143 4423 1242 4518 quod
1268 4445 1340 4498 non
1366 4424 1477 4518 possit

309 4571 461 4627 errare:
488 4549 587 4624 unde
611 4548 714 4625 dicit:
748 4550 830 4621 Vedi
866 4549 894 4619 it
926 4549 1012 4637 sote,
1042 4544 1187 4636 scilicet,
1222 4550 1364 4637 quartae
1394 4543 1477 4637 diei,

308 4674 369 4744 obe
384 4674 420 4743 ’n
441 4675 560 4764 ponte
585 4672 610 4742 ti
633 4671 753 4755 ritum,
772 4666 876 4759 idest,
894 4665 956 4758 qui
970 4666 1049 4760 jam
1067 4664 1210 4757 oritur3
1228 4669 1266 4737 et
1282 4663 1479 4759 allegorice

309 4792 389 4864 vuit
414 4790 557 4863 dicere:
586 4777 759 4878 radiust²i
784 4785 894 4860 ducet
920 4792 967 4878 te,
993 4790 1031 4859 et
1055 4790 1153 4857 terra
1180 4802 1254 4856 nou
1279 4788 1334 4856 est
1358 4783 1479 4877 sylve-
1501 4784 1520 4849 u'

372 5050 402 5115 p)
417 5052 448 5101 Β.
464 5050 626 5101 hebetantur.
814 5047 840 5109 (¹)
858 5051 911 5108 117,
928 5047 1015 5097 radius
1030 5045 1165 5097 dominicas
1181 5042 1270 5108 gratia
1286 5042 1365 5092 dunat
1380 5046 1414 5091 te.
