4342 6692
780 891 920 946 esurus
945 891 1091 946 sununs.
1449 878 1519 945 lto

350 1055 469 1130 usque
484 1034 603 1110 Gades
622 1056 795 1111 reversus
813 1044 869 1112 est
885 1036 1081 1134 Hyspalim,
1100 1056 1184 1131 quae
1201 1056 1300 1110 nunc
1316 1034 1437 1110 sibilia
1456 1055 1523 1110 ro-

349 1163 467 1250 catur,
485 1161 522 1230 et
539 1155 813 1252 hyspalensibus
841 1177 1012 1254 maguam
1035 1155 1304 1251 querimoniam
1327 1156 1411 1231 iecit
1435 1155 1522 1249 quia

351 1277 515 1350 laverant
540 1275 653 1370 Gneo,
688 1275 811 1351 dicens
837 1277 996 1372 superbe
1028 1277 1127 1371 quod
1154 1278 1310 1372 populus
1345 1295 1522 1351 romanus

351 1395 567 1471 immortalis
592 1395 750 1470 habebat
766 1393 892 1472 decem
912 1398 1073 1494 legiones
1094 1418 1178 1491 quae
1195 1397 1330 1473 ooelum
1350 1397 1521 1492 frangere

351 1522 473 1590 essem
486 1521 668 1609 potentes3
683 1515 734 1590 sic
747 1517 867 1590 solum
883 1516 1075 1592 nominans
1089 1537 1186 1612 suas,
1201 1523 1242 1590 ut
1255 1516 1359 1610 quasi
1377 1522 1520 1590 caeterae
1590 1549 1594 1558 ·

351 1635 437 1710 nihil
464 1635 587 1710 valere
613 1636 835 1711 viderentur.
862 1637 906 1712 Et
931 1638 989 1713 hic
1014 1639 1081 1712 luit
1107 1637 1187 1712 linis
1208 1638 1292 1713 belli
1312 1636 1425 1712 civilis
1441 1636 1523 1710 Cae·

351 1755 442 1830 saris
467 1756 566 1849 quod
591 1755 737 1831 duravit
762 1763 923 1852 quatuor
947 1756 1061 1832 annis.
1089 1757 1143 1832 Ad
1169 1758 1321 1834 literam¹
1340 1777 1431 1853 ergo
1456 1775 1522 1830 ve·

352 1875 495 1970 aiendo,
520 1876 605 1950 dicit
630 1877 872 1952 lastinianus:
900 1883 959 1952 Do
982 1881 1085 1970 oudo,
1111 1878 1247 1954 scilicet
1271 1885 1352 1974 post
1381 1877 1520 1952 bellum

352 1996 649 2087 Alexandrinum,
666 2019 771 2089 scone,
789 1997 891 2091 idest,
908 1998 1093 2073 descendit
1120 1998 1208 2072 illud
1226 1999 1369 2094 siguum
1389 1996 1522 2092 aquilae

350 2125 538 2215 portatum
553 2139 574 2194 a
588 2119 744 2214 Caesare,
754 2121 1146 2214 soiporondoadtubo,
1156 2119 1292 2194 scilicet
1302 2118 1339 2193 in
1349 2117 1519 2211 Africam,

344 2241 409 2332 poi
431 2241 464 2310 si
486 2241 615 2312 mvobe
639 2242 698 2312 nel
719 2245 842 2312 nostro
868 2242 1050 2331 manente,
1077 2238 1212 2313 scilicet
1238 2238 1275 2311 in
1300 2236 1521 2332 Hispaniam,

279 2347 283 2354 ’
350 2379 434 2453 quae
460 2363 515 2432 est
540 2358 577 2431 in
603 2358 735 2434 tinibus
761 2359 873 2434 nostri
900 2359 1107 2452 occidentiS,
1125 2362 1213 2433 dooe
1228 2361 1339 2431 sentin
1364 2361 1401 2431 ta
1422 2377 1524 2450 pom·

347 2481 478 2572 panna
503 2479 596 2572 brba,
625 2478 711 2574 quia
736 2479 811 2554 dno
837 2479 1086 2575 Pompeiipro
1110 2499 1187 2552 uuo
1205 2478 1321 2554 renati
1347 2477 1524 2552 videban-

350 2603 431 2672 tur:
459 2598 557 2672 unde
583 2598 715 2673 Sextus
740 2599 899 2675 evadens
924 2600 971 2674 ab
997 2600 1066 2678 isto
1092 2599 1199 2693 bello,
1219 2605 1343 2695 postea
1362 2598 1521 2671 multum

351 2717 513 2814 fatigavit
538 2718 759 2814 Augustum,
786 2725 964 2814 occupata
991 2719 1110 2794 Sicilia
1135 2726 1173 2794 et
1197 2717 1373 2793 Sardinia.
1396 2717 1438 2790 Et
1464 2716 1523 2790 bic

352 2837 481 2912 ultimo
506 2844 604 2932 nota,
631 2839 760 2932 lector,
790 2840 888 2934 quod
918 2840 977 2914 bic
1008 2839 1120 2914 Gaius
1151 2840 1273 2914 Caesar
1301 2838 1395 2911 Lutii
1428 2837 1523 2911 lilius

351 2958 457 3053 plura
483 2957 676 3033 laudabilia
694 2958 840 3033 videtur
860 2959 1043 3055 habuisse,
1067 2982 1179 3056 quam
1199 2981 1365 3055 unquam
1391 2958 1523 3052 aliquis

351 3079 527 3173 princeps.
555 3079 646 3152 Nam
673 3077 740 3151 luit
761 3079 939 3176 sauguine
960 3080 1204 3156 nobilissimus
1220 3080 1267 3154 de
1286 3080 1397 3154 domo
1414 3077 1520 3168 lolia,

351 3217 506 3292 corpore
523 3197 778 3292 pulcerrimus,
797 3199 881 3274 licet
906 3199 973 3275 ists
991 3221 1065 3274 non
1085 3199 1277 3274 conserant
1293 3218 1420 3273 reram
1441 3197 1522 3271 lau·

350 3316 455 3392 dem:
491 3317 560 3391 luit
590 3338 782 3392 armorum
818 3319 1060 3414 peritissimus
1093 3320 1172 3394 sine
1203 3319 1419 3414 pariundo
1450 3337 1525 3392 non

351 3436 528 3534 Pyrrhus,
542 3457 615 3512 nou
629 3437 818 3533 Hannibal,
833 3459 906 3512 nou
920 3438 1127 3514 Alexander
1144 3459 1311 3536 magnus,
1322 3459 1395 3513 non
1408 3437 1526 3534 Scipio

351 3557 471 3631 maior
496 3556 581 3630 huic
608 3556 771 3630 marimo
788 3558 871 3632 duci
891 3565 1044 3654 possunt
1057 3551 1095 3652 (¹)
1122 3559 1334 3650 assimilari;
1354 3558 1418 3655 qui
1442 3558 1526 3632 lecit

352 3677 430 3753 lere
456 3677 688 3772 impossibilia
714 3678 863 3752 homini.
890 3679 955 3754 llic
986 3679 1053 3754 luit
1082 3680 1402 3776 eloquentissimus
1426 3679 1527 3774 prin·

352 3799 487 3894 cipum,
514 3799 612 3874 unde
636 3799 775 3873 Tullius
802 3806 973 3875 numerat
999 3821 1085 3874 euru
1105 3802 1201 3874 inter
1220 3800 1378 3896 optimos
1401 3805 1526 3874 orato·
1559 3807 1562 3812 ’

353 3939 430 4014 res;
458 3919 524 3993 luit
548 3926 668 4015 poeta,
687 3920 785 3994 unde
811 3916 895 3994 iecit
919 3920 1072 3995 metrice
1089 3921 1307 4016 opusculum
1336 3920 1434 4015 quod
1459 3939 1525 4013 ap·

352 4040 498 4137 pellavit
525 4039 648 4113 iterio
666 4045 823 4137 augusto
842 4061 967 4114 rerum
986 4040 1154 4136 articulo,
1176 4041 1323 4135 quando
1344 4041 1380 4114 in
1397 4039 1525 4136 viginti

353 4167 514 4254 quatuor
539 4157 668 4234 diebus
692 4159 740 4234 ab
763 4159 863 4252 ltalia
884 4160 948 4236 ivit
965 4159 1002 4234 in
1019 4159 1239 4256 Hispaniam.
1258 4159 1458 4235 llistoricns
1473 4151 1524 4252 (¹),

353 4281 451 4356 unde
476 4301 543 4356 sua
568 4286 670 4376 gesta
696 4279 884 4376 descripsit
909 4281 1097 4356 luculento
1117 4281 1210 4376 stilo,
1228 4287 1271 4354 ut
1286 4279 1372 4354 dicit
1394 4278 1524 4353 Sueto-

353 4401 452 4497 nins3
479 4401 562 4478 lecit
588 4401 697 4476 etiam
722 4401 966 4496 Anticatones,
984 4402 1146 4476 correxit
1172 4403 1272 4499 leges
1296 4401 1353 4475 sui
1380 4409 1524 4496 tempo·

352 4521 413 4614 ris,
442 4521 525 4597 lecit
547 4528 771 4616 compotum,
798 4520 980 4596 ordinavit
1012 4542 1164 4616 annum,
1193 4521 1341 4596 invento
1371 4520 1523 4612 bisexto,

351 4641 509 4716 dictabat
534 4640 643 4714 simul
661 4641 827 4736 pluribus
848 4640 1096 4737 scriptoribus
1115 4648 1156 4715 ut
1172 4641 1270 4716 idem
1289 4640 1384 4715 dicit.
1403 4641 1525 4715 unsar

353 4762 421 4834 luit
444 4760 738 4854 liberalissimum
764 4781 850 4835 nam
876 4767 923 4836 ex'
950 4766 1005 4836 tot
1030 4761 1189 4836 victoriis
1220 4760 1307 4834 nibil
1336 4759 1403 4835 sibi
1435 4758 1525 4834 reti·

416 5024 443 5090 (η
460 5023 490 5076 n
508 5029 614 5088 ponunt
629 5023 744 5076 sumtum.
994 5022 1022 5086 (p
1037 5023 1068 5074 n.
1083 5023 1146 5074 ruti
1160 5023 1307 5074 monem
