4342 6692
702 813 774 882 out
1094 824 1301 881 counnruu
1325 825 1491 879 nuuxuxsx

701 969 864 1045 romanis
886 968 1036 1044 recessit
1052 968 1100 1042 ab
1117 966 1314 1044 obsidione.
1335 970 1437 1043 Nunc
1454 966 1500 1042 ad
1518 966 1660 1042 literam
1679 965 1764 1041 dicit
1780 967 1875 1041 Bea-

700 1090 792 1164 trix:
807 1095 851 1165 Sc
860 1091 1096 1185 sossestutotl
1113 1091 1170 1163 lor
1188 1091 1285 1162 votor
1300 1092 1427 1179 intere,
1441 1087 1542 1182 idest,
1557 1088 1585 1161 si
1605 1088 1773 1162 voluntas
1793 1086 1874 1161 illa-

701 1232 786 1285 rum
810 1210 1045 1285 dominarum
1063 1208 1188 1284 luisset
1206 1208 1370 1304 infracta,
1389 1229 1485 1283 conte
1504 1216 1601 1283 bone
1619 1212 1793 1298 Lorcnzo,
1811 1205 1873 1301 qui

701 1335 830 1408 laurus
856 1331 978 1406 virens
1004 1350 1077 1404 non
1102 1330 1200 1403 aruit
1221 1329 1266 1405 ad
1284 1330 1419 1427 ignem,
1435 1333 1473 1404 in
1496 1351 1537 1403 su
1558 1332 1595 1403 to
1615 1332 1749 1421 orado,
1766 1350 1785 1400 e
1801 1331 1874 1421 soce

702 1454 822 1527 ltuaio
845 1452 921 1525 otto
944 1470 1011 1523 suo
1034 1470 1119 1524 mon
1144 1470 1279 1542 sevmo,
1305 1449 1408 1544 idest,
1435 1449 1604 1549 rigidum.
1632 1451 1676 1523 Et
1700 1449 1759 1523 bic
1788 1454 1873 1521 nota

702 1572 802 1667 quod
826 1571 886 1645 hic
912 1570 967 1644 vir
994 1569 1060 1643 luit
1085 1590 1175 1645 vere
1200 1570 1313 1664 tortis,
1331 1575 1368 1645 et
1389 1569 1474 1645 lecit
1497 1576 1620 1643 actum
1648 1588 1747 1644 rerae
1773 1566 1875 1643 torti-

701 1692 853 1785 tudinis;
879 1690 1010 1787 primo,
1028 1689 1116 1785 quia
1141 1689 1225 1765 lecit
1247 1709 1292 1764 ex
1315 1689 1493 1765 electione
1515 1697 1553 1764 et
1579 1688 1796 1782 deliberate,
1815 1707 1874 1762 se-

701 1812 834 1905 cundo,
856 1810 943 1905 quia
967 1809 1013 1884 ad
1039 1809 1178 1888 bonum
1197 1808 1320 1902 tinent,
1338 1808 1473 1884 scilicet
1490 1830 1557 1904 pro
1574 1810 1691 1904 patria
1711 1816 1749 1882 et
1764 1807 1875 1882 liber-

701 1932 785 2007 tatis
809 1930 1039 2024 defensione,
1065 1929 1186 2023 tertio,
1208 1929 1293 2024 quia
1319 1929 1387 2004 luit
1412 1929 1514 2004 tortis
1539 1930 1575 2003 in
1601 1928 1816 2022 invadendo,
1837 1926 1874 2000 in

702 2050 887 2148 fugiendo,
906 2056 944 2125 et
964 2050 1001 2124 iu
1018 2048 1275 2144 substinend03
1302 2070 1387 2124 nam
1413 2054 1540 2143 sponte
1570 2048 1703 2123 subivit
1728 2067 1872 2142 poenam

702 2170 806 2267 ignis,
830 2170 897 2264 qui
923 2176 979 2244 est
1003 2168 1121 2264 magis
1145 2170 1340 2243 afflictivus
1366 2190 1478 2262 quam
1497 2189 1614 2263 aqua3
1639 2160 1710 2241 cosi
1735 2171 1757 2241 t
1770 2170 1875 2239 aomo

702 2292 828 2383 rubintc
847 2311 917 2383 per
941 2293 978 2363 lu
1001 2292 1141 2379 stada,
1158 2290 1247 2364 illud
1268 2290 1362 2365 velle
1383 2290 1567 2386 integrum
1594 2289 1672 2363 illas
1697 2288 1875 2383 dominas,

703 2412 795 2484 erute
811 2430 901 2484 mon
917 2416 1032 2501 tute,
1058 2410 1237 2486 violenter
1260 2416 1298 2485 et
1321 2410 1476 2485 libenter
1496 2408 1708 2485 retraxisset
1724 2408 1769 2483 ad
1790 2407 1876 2483 reli-

703 2529 865 2627 gionem,
883 2551 979 2604 conse
1000 2536 1085 2624 furo
1101 2534 1230 2622 sciotte,
1249 2532 1285 2605 in
1311 2531 1477 2606 libertate
1495 2552 1572 2605 sua.
1594 2530 1637 2603 Et
1662 2528 1709 2605 ad
1734 2529 1876 2623 aliqua·

703 2649 777 2724 lem
803 2650 1077 2725 excusationem
1105 2650 1269 2745 ipsarum
1294 2650 1409 2725 addit:
1443 2670 1503 2724 mo
1531 2642 1602 2723 rost
1630 2652 1734 2723 suida
1759 2650 1876 2740 oooliu

703 2766 873 2863 troppo
896 2774 1005 2865 rodo,
1032 2770 1069 2843 in
1095 2770 1183 2845 viris
1213 2769 1378 2862 tortibuS,
1410 2770 1545 2845 nedum
1572 2769 1609 2842 in
1645 2768 1870 2842 mulieribus.

703 2889 747 2961 lit
772 2890 956 2964 concludit
979 2889 1147 2965 Beatrix:
1174 2912 1193 2962 e
1212 2911 1281 2985 per
1305 2897 1420 2983 queste
1437 2891 1575 2983 parole,
1592 2912 1629 2962 se
1645 2892 1764 2963 n'cote
1788 2890 1876 2961 t’bui

704 3029 801 3083 come
823 3012 893 3099 det,
918 3031 1005 3085 cum
1031 3011 1232 3085 attentione
1262 3010 1298 3084 in
1332 3016 1557 3104 mentetua,
1590 3006 1877 3101 dtoroomento

565 3158 568 3165 ·
704 3150 820 3221 cosso,
845 3131 944 3225 quod
970 3130 1127 3206 faciebas
1152 3137 1280 3205 contra
1309 3130 1440 3205 mede
1471 3130 1712 3205 diminutione
1744 3130 1876 3224 meriti,

651 3296 653 3299 >
703 3251 764 3323 cle
788 3253 931 3324 taurin
952 3256 1042 3346 sotto
1068 3254 1153 3325 noto
1177 3270 1289 3323 ancer
1308 3245 1372 3343 piri
1397 3253 1496 3324 volte.

780 3374 843 3442 tto
868 3390 913 3442 or
938 3373 963 3443 ti
985 3374 1236 3443 s’uttruucrso.
1259 3372 1328 3443 Ista
1350 3376 1405 3445 est
1426 3375 1559 3464 quarta
1585 3374 1622 3444 et
1647 3369 1774 3443 ultima
1791 3390 1877 3465 pars

704 3487 899 3582 generalis,
934 3489 970 3563 iu
1003 3510 1078 3583 qua
1113 3488 1260 3563 Beatrix
1284 3498 1462 3565 removet
1495 3489 1758 3564 dubitationem
1794 3510 1878 3584 quae

707 3607 827 3681 oritur
851 3608 949 3684 circa
974 3608 1166 3703 praedicta3
1193 3615 1230 3683 et
1259 3610 1379 3704 primo
1409 3610 1660 3684 difficultatem
1693 3608 1878 3684 contradi-

704 3728 844 3824 ctionis,
861 3727 1004 3803 dicens:
1018 3734 1081 3803 tta
1098 3750 1142 3803 or
1159 3732 1185 3803 u·
1202 3733 1435 3805 s’uttroucrso
1456 3752 1503 3805 un
1523 3735 1616 3803 altro
1634 3752 1757 3823 passo,
1773 3731 1876 3825 idest,

705 3849 860 3926 dubium
885 3870 1076 3946 maguum,
1095 3852 1242 3924 dinanzi
1266 3854 1341 3942 ooli
1357 3855 1464 3945 acob,
1485 3851 1631 3944 scilicet,
1650 3832 1879 3926 intellectua-

704 3968 813 4063 libus,
839 3973 901 4061 tut,
926 3968 1029 4063 idest,
1057 3976 1132 4043 tam
1158 3970 1314 4065 difficile,
1340 3974 1400 4044 otte
1420 3992 1487 4064 per
1511 3979 1542 4045 te
1565 3979 1686 4061 stesso,
1703 3971 1782 4046 sine
1806 3990 1878 4065 me,

705 4110 779 4163 non
795 4092 1005 4184 n'uscirestt,
1018 4093 1104 4182 prio
1120 4094 1248 4165 surestt
1264 4093 1371 4183 tasso,
1385 4092 1487 4187 idest,
1501 4091 1672 4189 fatigatus
1689 4092 1725 4165 in
1742 4091 1877 4165 animo.

707 4210 750 4283 Et
775 4210 890 4306 tangit
914 4210 1035 4305 ipsum
1061 4210 1214 4285 dubium
1242 4211 1341 4306 quod
1372 4210 1491 4287 oritur
1523 4234 1570 4287 ex
1604 4213 1748 4287 duobus
1776 4211 1879 4286 dictis

706 4330 895 4425 superius:
922 4337 961 4405 et
985 4332 1064 4404 vult
1089 4331 1350 4406 sententialiter
1374 4332 1507 4427 dicere,
1533 4332 1631 4428 quod
1657 4332 1795 4407 dictum
1821 4332 1881 4405 Pi·
1973 4398 1979 4408 .

705 4450 853 4527 chardae
877 4458 915 4526 et
939 4451 1076 4525 dictum
1096 4451 1270 4527 Beatricis
1290 4453 1460 4528 videntur
1477 4452 1774 4528 contradictoria:
1792 4474 1877 4529 nam

705 4569 883 4644 Picbarda
909 4570 946 4643 in
978 4571 1140 4666 capitulo
1168 4572 1387 4667 praecedenti
1418 4572 1519 4668 dixit,
1546 4573 1646 4668 quod
1669 4573 1877 4649 Constantia

708 4710 854 4785 semper
879 4691 1083 4767 retinuerat
1108 4694 1243 4767 bonam
1278 4693 1518 4787 voluntatem,
1544 4699 1581 4769 ct
1610 4693 1758 4768 Bcatrix
1791 4693 1880 4770 dixit

708 4808 767 4883 bic
792 4808 893 4901 quod
917 4830 986 4885 nec
1010 4810 1219 4886 Constantia
1245 4830 1313 4886 nec
1345 4812 1522 4886 Picbarda
1551 4812 1762 4887 babuerunt
1786 4812 1879 4890 inte-

707 4950 815 5029 gram
834 4931 1071 5008 voluntatem.
1085 4934 1162 5007 lloc
1179 4937 1304 5007 autern
1325 4932 1469 5009 videtur
1484 4934 1591 5009 nimis
1609 4934 1878 5031 inconveniens,
