4342 6692
502 1603 868 1718 COMENTUM
910 1603 1347 1721 PURGATORII.

856 1882 989 1892 ι---

336 2195 500 2265 CANTUS
531 2197 764 2266 VIGESIMUS
794 2199 966 2280 PRIMUS,
990 2203 1027 2267 iu
1055 2222 1116 2286 quo
1144 2207 1261 2268 tractat
1282 2204 1364 2268 ciart
1384 2204 1509 2269 iuuere·

412 2315 489 2375 suut
518 2309 654 2397 aliquem
681 2315 825 2376 uocatum
852 2310 989 2378 Statium
1013 2315 1050 2378 iu
1078 2313 1179 2380 medio
1200 2315 1334 2393 itineris,
1358 2315 1413 2397 qui
1441 2333 1511 2379 cum

412 2419 547 2504 Virgilio
568 2421 669 2486 multo
696 2423 866 2504 receptavit
892 2443 957 2489 uon
987 2425 1093 2507 meum
1119 2444 1326 2508 cognoscem
1349 2429 1379 2489 et
1393 2429 1511 2506 posteo

412 2513 493 2598 aar
512 2509 722 2617 interrogovit
736 2531 876 2599 Dantem
898 2536 969 2618 quis
991 2541 1071 2602 essct
1094 2534 1249 2620 Virgilius
1271 2540 1302 2602 et
1322 2535 1448 2601 Dmrtcs
1470 2555 1510 2601 err

412 2643 505 2710 ucrlm
526 2641 656 2728 Virgilii
678 2645 813 2712 dictitet
834 2647 950 2712 omnia.
1508 2659 1513 2676 ‘

325 3055 330 3069 ,
409 2885 516 3052 Lu
538 2988 606 3054 sete
622 2986 767 3056 uatmct
781 2985 840 3056 cte
857 2984 929 3056 mat
940 3003 1012 3055 uon
1023 2985 1135 3055 scria.
1150 2937 1348 3076 Postquam
1361 2981 1400 3055 iu
1412 3001 1509 3076 prae·
1573 2936 1576 2942 Ι

207 3115 211 3123 ’
336 3099 479 3176 cedenti
504 3100 662 3196 capitulo
687 3109 795 3197 poeta
820 3109 944 3176 noster
969 3103 1093 3177 docuit
1117 3102 1364 3198 multipliciter
1388 3102 1508 3177 vitare

336 3219 467 3294 vitium
493 3221 674 3316 avaritie,
705 3243 803 3296 nunc
835 3223 1104 3317 consequenter
1134 3223 1171 3296 iu
1205 3221 1374 3318 praescuti
1407 3222 1508 3317 capi·

337 3341 415 3414 tulo
433 3340 514 3414 Xlll
534 3341 664 3438 agitet
680 3348 812 3418 tractat
829 3343 875 3416 dc
893 3342 1112 3439 purgatione
1131 3341 1403 3438 prodigalitatis,
1421 3363 1506 3437 quae

335 3460 487 3554 punitur
512 3461 642 3536 eadem
668 3482 778 3557 poena
808 3461 916 3536 simul
945 3483 1032 3537 cunr
1062 3463 1216 3538 avaritia
1247 3462 1350 3537 etin
1375 3460 1505 3538 eodem

335 3579 485 3654 circulo.
511 3580 555 3654 Et
580 3579 676 3654 istud
701 3582 902 3678 capitulum
923 3589 1041 3678 potest
1057 3582 1165 3657 dividi
1184 3582 1220 3656 in
1238 3589 1399 3676 quatuor
1418 3604 1505 3679 par·

336 3704 391 3774 tes
415 3699 650 3795 principales;
677 3701 714 3774 in
739 3701 856 3796 prima
883 3723 1044 3795 quarum
1070 3702 1266 3777 introducit
1285 3724 1398 3778 uuam
1424 3704 1505 3779 ani·

337 3839 437 3894 mam
463 3819 641 3896 illustrem
667 3821 856 3914 antiquam
876 3843 995 3917 nuper
1011 3829 1207 3919 purgatam
1225 3821 1312 3896 vitio
1335 3824 1506 3920 prodiga·

338 3938 458 4034 litatis,
490 3939 552 4014 cui
576 3939 748 4037 Virgilius
773 3947 900 4014 narrat
925 3940 961 4014 in
986 3942 1149 4038 generali
1174 3942 1417 4018 conditionem
1448 3943 1505 4017 sui

337 4065 374 4134 ct
399 4059 533 4134 llautis.
559 4059 598 4132 ln
624 4060 783 4134 secunda
814 4059 984 4157 Virgilius
1016 4062 1167 4156 inquirit
1196 4085 1219 4137 a
1250 4062 1347 4137 dicto
1378 4062 1506 4158 spiritu

338 4181 384 4256 de
400 4201 513 4256 causa
531 4186 765 4254 terremotus
781 4187 819 4254 ct
836 4182 1007 4257 clamoris
1023 4182 1195 4278 praedicti,
1210 4183 1278 4257 ibi:
1296 4187 1359 4257 ltu
1375 4186 1505 4256 dimmi.

337 4301 378 4374 lu
402 4300 510 4378 tertia
535 4299 704 4396 Virgilius
728 4300 879 4395 inquirit
910 4302 957 4377 ab
983 4302 1113 4377 eodem
1140 4303 1222 4397 quis
1251 4303 1373 4397 luerit,
1400 4303 1507 4378 etde

338 4441 450 4496 causa
467 4440 544 4495 suae
561 4420 746 4496 diuturnae
761 4443 891 4517 poenae,
909 4423 976 4497 ibi:
995 4427 1063 4498 E’t
1077 4427 1177 4498 scoto
1196 4427 1297 4497 duco.
1315 4425 1356 4497 ln
1374 4431 1505 4519 quarta

337 4547 375 4616 et
401 4539 527 4614 ultima
553 4547 661 4636 poeta
686 4541 891 4618 manifestat
916 4542 1108 4640 Virgilium
1139 4542 1236 4617 dicto
1260 4542 1413 4638 spiritui,
1439 4543 1506 4617 ibi:

295 4687 300 4698 ·
344 4663 462 4734 Volser
482 4662 634 4751 Virgilio
653 4660 705 4736 ld
724 4662 884 4764 primum
912 4683 1002 4760 ergo
1027 4663 1108 4737 dico
1133 4663 1233 4757 quod
1257 4668 1366 4758 poeta
1390 4662 1507 4738 intro-

336 4781 437 4855 ducit
462 4779 623 4855 animam
642 4781 819 4857 illustrem
837 4781 978 4877 antiqui
995 4789 1112 4878 poetae
1128 4781 1289 4879 prodigi3
1307 4781 1371 4856 sed
1388 4782 1507 4877 primo

336 4900 640 4997 praemittitsuam
654 4901 965 4976 continuationem
978 4901 1024 4976 ad
1036 4902 1295 4998 precedentia:
1307 4901 1394 4996 quia
1408 4902 1506 4976 enim

337 5021 375 5095 in
400 5021 473 5096 fine
500 5021 646 5116 capituli
676 5021 912 5117 praecrdentis
938 5024 1168 5098 concluserat
1200 5028 1339 5118 quanto
1373 5022 1507 5098 ardore

471 5162 509 5206 Π.
754 5194 756 5202 l
1256 5172 1258 5175 ·
1361 5165 1372 5206 1
