4342 6692
561 940 564 948 ·
708 922 846 977 CANTUS
871 922 1097 977 TanFslbltts.
1414 912 1482 977 221

316 1072 464 1147 tabilem
490 1076 527 1145 et
552 1070 703 1162 claram,
729 1066 873 1142 dicens:
890 1088 950 1138 mo
965 1069 993 1139 u
1007 1073 1159 1161 torono,
1182 1066 1280 1160 quod
1302 1073 1357 1141 est
1382 1067 1428 1141 de
1446 1087 1486 1141 se

285 1243 288 1246 -
316 1191 516 1287 benignum
542 1198 580 1263 et
604 1186 857 1281 domesticum,
883 1189 978 1279 sisa
1003 1194 1100 1260 teoto
1120 1182 1184 1279 pid
1209 1190 1364 1277 mottpno
1386 1210 1405 1260 e
1424 1182 1486 1279 ptd

315 1316 472 1389 silvestro
504 1313 561 1383 col
583 1312 657 1381 mol
679 1329 771 1382 seme
794 1332 814 1381 c
837 1328 909 1380 non
934 1311 1035 1401 collo,
1063 1307 1166 1401 idest,
1194 1307 1385 1399 incultum,
1412 1326 1485 1379 non

316 1433 536 1523 laboratum,
552 1429 743 1521 quontcpti
758 1430 805 1499 lia
815 1422 879 1520 pid
899 1430 937 1501 di
954 1428 1046 1499 buon
1061 1430 1164 1519 oipor
1183 1434 1362 1520 terrestro,
1384 1425 1486 1519 idest,

316 1553 363 1628 de
387 1553 545 1625 humore
570 1549 706 1645 pingui.
725 1549 769 1621 Et
786 1548 844 1623 hic
863 1554 949 1623 uota
967 1548 1065 1641 quod
1086 1548 1311 1643 comparatio
1329 1554 1383 1623 est
1399 1568 1488 1642 pro·

317 1671 418 1768 pria3
445 1691 530 1743 nam
557 1668 745 1764 ingenium
772 1668 983 1764 vigorosum
1011 1673 1112 1743 recte
1144 1668 1366 1742 assimilatur
1395 1688 1487 1764 agro

318 1791 438 1886 fertili,
456 1790 515 1865 cui
533 1789 562 1863 si
580 1788 822 1863 committitur
842 1790 940 1863 mala
956 1788 1134 1881 doctrina,
1152 1796 1189 1863 et
1207 1809 1279 1863 non
1297 1790 1488 1863 excolatur

319 1912 465 2005 virtute,
496 1909 581 1985 lacit
610 1910 749 1981 malum
783 1908 957 2001 fructum,
987 1908 1074 2001 quia
1105 1908 1235 1983 melius
1267 1909 1332 1983 scit
1366 1908 1488 1982 lacere

319 2033 471 2106 malum.
485 2070 535 2084 -
547 2033 668 2103 Aleum
686 2030 751 2102 Hic
768 2029 914 2103 Beatrix
932 2027 1087 2103 ostendit
1108 2029 1206 2122 quod
1224 2034 1330 2123 poeta
1348 2050 1370 2103 a
1389 2030 1489 2123 prin-

318 2151 411 2247 cipio
424 2150 535 2244 coepit
553 2156 653 2224 recte
668 2149 874 2242 ambulare,
887 2148 951 2222 sed
967 2148 1038 2222 cito
1056 2148 1248 2222 declinavit
1266 2170 1286 2221 a
1303 2148 1358 2221 via
1377 2149 1484 2222 bona.

317 2272 420 2347 Unde
443 2270 548 2344 dicit:
574 2274 686 2344 Adon
712 2277 835 2362 tempo,
865 2268 1010 2361 scilicet,
1037 2268 1126 2340 dum
1159 2268 1227 2341 luit
1252 2288 1356 2363 puer,
1383 2271 1410 2342 tl
1433 2290 1492 2342 so-

316 2394 429 2465 stcnni
451 2393 507 2462 col
530 2392 599 2462 mab
624 2392 727 2482 oolto,
757 2408 804 2463 ne
828 2393 983 2479 erraret,
1006 2389 1210 2460 mostruodo
1230 2389 1280 2478 pti
1296 2390 1391 2460 occdi
1409 2366 1488 2478 pio·

318 2514 434 2585 oiocdi
457 2532 482 2582 α
506 2513 565 2601 tri,
593 2510 679 2604 quia
704 2508 781 2604 ipse
806 2514 886 2582 erat
906 2529 998 2603 puer
1024 2513 1061 2582 et
1086 2527 1156 2603 ego
1186 2507 1318 2603 puella,
1345 2528 1439 2581 nteco
1464 2511 1492 2580 it

319 2652 469 2706 αιαααυα
492 2635 530 2704 in
550 2634 658 2704 dritta
679 2636 782 2723 parte
807 2632 908 2702 oolto.
943 2628 985 2701 et
1015 2628 1072 2701 hic
1104 2633 1188 2701 nota
1220 2627 1319 2721 quod
1352 2647 1484 2702 verum

318 2752 422 2845 dicit;
448 2772 534 2824 nam
560 2756 725 2845 tempore
751 2749 915 2843 pueritiae
940 2750 1073 2822 Dantes
1100 2753 1226 2842 captus
1248 2768 1377 2821 amore
1394 2747 1487 2822 Baa-

319 2871 418 2946 tricis
435 2876 515 2945 erat
532 2870 637 2942 mirae
654 2869 792 2961 indolis,
810 2868 901 2943 etin
919 2889 964 2943 eo
982 2874 1233 2963 apparuerunt
1252 2868 1366 2941 multa
1385 2867 1487 2963 signa

321 2992 456 3066 luturae
482 2990 645 3083 virtutis3
671 2989 735 3064 sed
751 2989 968 3064 adveniente
986 2988 1179 3083 pubertate
1195 2988 1304 3082 coepit
1320 3006 1489 3061 crescere

323 3110 458 3185 malitia
484 3130 569 3207 cum
597 3114 715 3202 etate,
733 3116 771 3183 et
795 3108 937 3183 deditus
955 3115 1010 3183 est
1030 3108 1190 3182 vanitati.
1212 3107 1315 3182 Unde
1330 3106 1433 3181 dicit:
1452 3098 1490 3180 Sl

322 3238 408 3303 tosto
432 3251 528 3303 come
551 3233 589 3302 in
613 3251 654 3302 su
679 3231 715 3301 lo
737 3236 844 3321 porto
865 3231 930 3322 sui,
958 3229 1017 3302 vel
1041 3230 1169 3320 sopito,
1186 3230 1223 3301 di
1242 3231 1315 3300 mio
1337 3224 1489 3301 secondo

320 3358 418 3444 etate,
434 3350 537 3444 idest,
552 3350 588 3422 in
606 3349 705 3423 initio
722 3349 986 3441 adolescentia,
1003 3371 1023 3421 e
1039 3351 1147 3423 motai
1165 3352 1246 3443 olm,
1268 3349 1353 3441 quia
1372 3346 1489 3442 nupsi,

320 3473 474 3566 questisi
490 3472 574 3543 tolsc
590 3489 615 3541 α
632 3490 697 3562 ote,
713 3492 732 3542 e
748 3472 853 3542 dicssi
868 3470 986 3562 altrat,
1006 3468 1152 3561 scilicet,
1166 3469 1244 3542 aliis
1262 3467 1488 3541 mulieribus.

319 3589 438 3683 Aliqui
465 3596 589 3663 tamen
614 3593 803 3682 exponunt
827 3588 934 3661 istam
961 3587 1104 3662 literam
1126 3608 1199 3661 non
1219 3587 1400 3679 historice,
1425 3584 1489 3660 sed

319 3710 526 3806 allegorice,
547 3717 584 3783 et
603 3709 738 3800 dicunt,
760 3710 859 3802 quod
884 3730 951 3804 per
975 3697 1101 3783 oculos
1115 3710 1335 3805 juvenculos
1360 3706 1490 3783 intelli-

321 3830 373 3927 git
398 3830 554 3924 primam
580 3836 618 3903 et
643 3829 760 3902 levem
788 3835 930 3923 partem
958 3830 1169 3925 theologiae3
1195 3850 1261 3925 per
1290 3828 1488 3904 secundam

322 3956 481 4043 aetatem,
492 3948 691 4023 secundam
710 3955 852 4043 partem
870 3949 1073 4045 theologie,
1087 3956 1124 4023 et
1139 3957 1237 4043 tuuc,
1250 3949 1384 4041 dicunt,
1393 3947 1490 4023 dedit

322 4091 363 4145 se
379 4071 457 4144 aliis
474 4069 639 4145 scientiis.
660 4070 703 4143 m
723 4070 884 4164 procedit
910 4069 1064 4143 ulterius
1083 4070 1230 4144 Beatus
1247 4069 1426 4166 gradatim
1453 4069 1491 4141 in

325 4190 534 4265 narratione
563 4212 643 4283 sua,
675 4188 821 4265 dicens:
851 4192 993 4281 quando
1022 4192 1060 4263 dt
1092 4212 1200 4265 corne
1229 4212 1254 4263 α
1286 4194 1395 4283 spirtu
1425 4210 1491 4263 cro

324 4313 440 4400 solito,
461 4309 563 4404 idest,
589 4310 635 4383 de
660 4310 734 4383 vita
759 4309 938 4404 corporali
966 4309 1147 4383 advitam
1175 4310 1398 4405 spiritualem
1425 4330 1491 4403 per

326 4437 483 4505 mortem
499 4430 536 4502 in
555 4430 730 4525 vigesimo
749 4428 877 4522 quinto
894 4449 1003 4525 anno,
1018 4430 1164 4523 quando
1184 4432 1295 4504 homo
1309 4429 1418 4504 intrat
1436 4430 1492 4504 le-

323 4551 488 4647 gitimam
509 4555 668 4641 aetatem,
692 4549 883 4622 ebeltczzo
908 4571 926 4621 c
950 4544 1041 4623 voro
1067 4553 1184 4622 m'cro
1204 4553 1384 4639 ανααίαια,
1403 4548 1490 4642 quia

324 4671 447 4745 anima
472 4671 579 4743 beata
600 4675 769 4762 separata
785 4689 808 4742 a
824 4688 979 4763 corpore
996 4675 1051 4742 est
1071 4669 1219 4745 liberior
1236 4670 1273 4744 in
1291 4670 1493 4761 voluntate,

325 4792 467 4868 ratione
492 4796 529 4864 et
555 4788 745 4881 memoria,
771 4794 815 4860 ut
840 4788 965 4882 pulcre
994 4789 1133 4863 dictum
1167 4798 1222 4865 est
1250 4811 1362 4884 supra
1393 4786 1492 4883 capi-

326 4913 404 4987 tulo
428 4910 538 5004 XXV,
560 4910 612 5002 [α’
628 4911 663 4980 lo
688 4929 712 4980 α
738 4910 797 4999 toi,
823 4907 969 5005 scilicet,
995 4909 1112 5006 Danti,
1138 4930 1216 4983 men
1246 4930 1335 4982 cora
1366 4930 1385 4981 e
1414 4927 1492 4981 men

326 5034 479 5127 paea.
506 5030 549 5104 Et
573 5030 632 5104 bic
658 5035 742 5104 nota
764 5028 862 5123 quod
879 5028 972 5103 sicut
996 5030 1121 5105 scribit
1144 5030 1334 5106 Boccatius
1359 5030 1395 5103 in
1421 5048 1490 5103 suo
