4342 6692
654 932 798 989 cunnus
817 934 1010 989 rioms
1033 932 1204 989 munros.
1443 926 1512 994 titi

340 1078 450 1173 mani
472 1099 591 1173 prope
615 1098 774 1172 arpena,
799 1079 887 1173 quia
916 1079 1154 1175 propinquius
1185 1086 1294 1155 terrae
1328 1088 1533 1177 movetur,·'

339 1220 456 1294 qnam
478 1199 603 1274 caeteri
628 1198 802 1292 planato:
829 1218 896 1293 per
921 1199 1114 1274 Plutonem
1143 1220 1233 1274 vero
1258 1206 1409 1296 terram,
1436 1202 1514 1279 sive

342 1339 479 1415 eorpus
501 1325 622 1394 wora.
648 1316 753 1406 Quod
784 1338 874 1393 vero
904 1318 1121 1414 Proserpina
1146 1318 1280 1394 dieitur
1305 1318 1377 1394 iilia
1403 1327 1513 1396 terrm

345 1458 424 1513 non
444 1444 501 1513 est
523 1437 623 1513 aliud
648 1436 716 1511 nisi
740 1437 843 1531 quoti
863 1437 953 1512 luna
977 1439 1058 1534 pius
1081 1438 1244 1515 eontinet
1263 1438 1300 1512 in
1319 1460 1360 1515 se
1379 1438 1427 1515 do
1446 1460 1514 1515 na·-

341 1564 427 1632 tua
451 1564 576 1653 terrae,
591 1564 632 1633 et
650 1557 734 1653 plus
748 1556 891 1633 aceedit
905 1564 1049 1633 nature
1066 1558 1147 1633 eius
1165 1578 1277 1652 quam
1295 1560 1418 1634 caeteri
1436 1560 1515 1654 pia-

341 1684 450 1773 netoe,
475 1678 562 1773 qu‘m
586 1683 644 1754 est
666 1677 860 1753 obscurior
875 1670 912 1771 (¹)
938 1683 977 1753 et
999 1677 1169 1775 gravior3
1192 1677 1289 1753 uode
1305 1683 1423 1774 potest
1443 1678 1512 1753 (stoi

341 1798 401 1875 sen
427 1799 672 1893 planetarum,
694 1798 791 1873 sieut
815 1804 916 1873 terra
940 1799 1001 1873 ten
1026 1799 1307 1874 elementorum.
1325 1799 1427 1874 Hane
1443 1820 1513 1873 au·

342 1925 422 1994 tem
446 1918 540 2014 rapit
564 1919 686 2013 Pium,
708 1918 798 1992 dnm
824 1917 1097 2014 interpositione
1121 1916 1277 1992 tumoris
1295 1926 1404 1993 terrae
1423 1919 1512 1993 luna

342 2038 450 2112 nobis
465 2038 721 2132 abseonditur3
739 2042 779 2113 et
793 2058 877 2113 eam
896 2043 1021 2113 autem
1040 2038 1173 2132 quaerit
1190 2038 1301 2113 Ceres
1320 2059 1407 2113 cum
1424 2039 1513 2113 iaci-

340 2159 422 2254 bm,
439 2159 539 2253 quia,
555 2158 704 2253 scilieet,
720 2159 761 2231 in
781 2157 895 2233 nimio
919 2158 1054 2233 estatis
1070 2158 1218 2234 terrore
1235 2166 1334 2233 terra
1352 2160 1513 2235 maxime

341 2278 473 2374 repetit
496 2279 693 2353 humorem
711 2279 820 2371 inne,
839 2298 914 2371 quo
931 2277 1055 2353 terror
1080 2278 1141 2353 iiie
1167 2278 1365 2373 temperari
1390 2279 1512 2374 possit,

340 2405 380 2473 et
404 2398 501 2474 uode
526 2399 642 2473 etiam
662 2398 807 2473 fruetus
830 2398 888 2472 sui
915 2397 1065 2493 recipiat
1089 2404 1352 2494 augmentum3
1379 2404 1415 2473 et
1442 2400 1511 2473 hoe

341 2520 382 2595 in-
403 2527 524 2615 necte,
551 2521 639 2615 quia
656 2511 693 2612 (²)
724 2526 813 2594 tunc
842 2518 978 2594 seilicet
1009 2520 1146 2593 humor
1176 2520 1256 2613 pius
1284 2518 1510 2593 abundatio

340 2660 501 2716 seneen
526 2639 710 2715 vicinitate
734 2638 846 2734 ipsius
869 2639 982 2733 iunae3
1008 2638 1047 2712 in
1071 2638 1130 2713 die
1155 2638 1253 2713 enim
1280 2637 1367 2711 nihii
1391 2636 1511 2713 admi-

342 2760 473 2835 nistrat
497 2759 662 2834 humoris
685 2758 851 2853 subditis,
875 2760 935 2833 vei
960 2758 991 2832 si
1015 2758 1152 2852 aliquid
1181 2758 1304 2833 calore
1334 2757 1417 2832 solis
1448 2777 1515 2833 ex-

342 2881 518 2956 siccatur..
538 2880 644 2969 Quod
667 2885 795 2955 autem
818 2880 874 2953 soi
895 2878 1138 2953 manifestavit
1154 2898 1235 2953 eam
1258 2877 1383 2953 Cereri
1400 2877 1512 2975 signi-

342 3001 430 3078 teat
452 3000 551 3095 quod
568 3020 644 3075 non
658 2998 769 3075 habet
784 3018 965 3094 apparere
981 2997 1048 3071 nisi
1065 3016 1132 3093 per
1149 2995 1380 3092 splendorem
1398 3016 1511 3092 quem

343 3120 472 3216 recipit
494 3141 520 3195 a
541 3120 637 3195 soie:
664 3117 765 3213 quod
788 3122 922 3192 autem
945 3116 1079 3191 dioimr
1109 3136 1176 3211 per
1205 3114 1396 3190 dimidium
1425 3116 1512 3191 anni

343 3240 483 3315 morari
498 3260 586 3314 cum
602 3240 770 3333 Plutone,
781 3246 820 3313 et
836 3256 903 3333 per
918 3236 1109 3310 dimidium
1126 3236 1224 3332 apud
1241 3256 1405 3331 superos,
1424 3236 1512 3311 nihii

342 3361 445 3437 aiiud‘
467 3366 524 3436 est
539 3359 609 3434 nisi
631 3359 732 3454 quod
755 3360 843 3433 iuna
867 3378 934 3453 per
958 3376 1024 3433 sen
1048 3376 1194 3431 menses
1212 3362 1267 3431 est
1290 3356 1328 3429 in
1350 3355 1513 3432 interiori

342 3479 562 3576 hemisperio
587 3486 624 3554 et
649 3499 724 3553 nou
747 3478 893 3553 videtur
916 3497 941 3551 a
964 3475 1087 3569 nobis;
1105 3495 1171 3571 per
1191 3474 1340 3551 totidem
1368 3496 1459 3550 vero
1477 3476 1514 3551 in

343 3597 535 3695 superiori,
560 3604 600 3673 et
622 3596 727 3672 nobis
750 3600 912 3692 apparet
938 3593 1007 3669 Alii
1038 3614 1130 3669 vero
1160 3614 1227 3690 per
1256 3594 1513 3689 Proserpinam

344 3718 475 3793 solunt
496 3716 645 3813 intelligi
671 3734 868 3810 annonam,
889 3734 979 3811 qnae·
998 3715 1045 3789 ad
1072 3721 1217 3810 tempus
1234 3714 1333 3809 latet,
1351 3715 1398 3789 ad
1419 3722 1535 3791 tem-⁴

344 3859 419 3935 pus·
438 3844 601 3934 apparet,
626 3842 665 3911 et
688 3835 869 3929 queritur
892 3855 987 3909 enm
1006 3833 1160 3928 meinos,
1184 3834 1270 3928 quio
1296 3854 1369 3908 non
1392 3834 1458 3909 nisi
1479 3834 1515 3907 in

346 3978 482 4056 magno
505 3957 629 4033 aalore
652 3957 824 4050 naboon,
841 3962 878 4030 et
895 3954 1080 4029 invenitur
1097 3955 1133 4029 io
1150 3954 1269 4029 Sicilia
1295 3954 1514 4031 fertilissima

346 4080 507 4177 tutrgum.
530 4078 630 4175 apud
660 4077 784 4173 ignem
814 4082 852 4150 et
880 4096 1029 4169 aquam,
1055 4074 1157 4169 idest,
1185 4076 1347 4150 calorem
1377 4082 1416 4151 et
1445 4076 1516 4149 hu·

348 4220 514 4294 morem3
532 4198 597 4273 sed
613 4198 714 4293 prior
729 4194 904 4292 allegoria
920 4195 1067 4270 ridetur
1084 4194 1224 4271 melior.
1242 4196 1347 4270 Nunc
1367 4196 1414 4269 ad
1434 4194 1515 4270 lite-

346 4342 429 4396 nam
456 4320 548 4395 dicit
570 4324 680 4415 poeta
707 4316 755 4391 ad
789 4316 1009 4391 statutum:
1040 4322 1092 4390 iit
1129 4319 1177 4389 mi
1201 4320 1257 4412 soi
1286 4317 1511 4410 rimemiror,

346 4442 450 4536 idest,
477 4438 676 4532 reeordari,
700 4440 811 4529 dove,.
827 4437 916 4531 qnia
938 4437 1036 4532 apud
1060 4437 1183 4512 lacum
1210 4439 1384 4534 Pergusae
1405 4437 1442 4510 in
1459 4438 1516 4511 Si·

345 4564 438 4659 eiia,
469 4586 491 4639 e
519 4566 605 4657 quai
632 4584 698 4637 era
727 4564 960 4654 Proxumus,
990 4560 1027 4634 in
1049 4550 1086 4653 (³)
1113 4566 1233 4655 astate,
1264 4560 1301 4634 in
1331 4561 1450 4635 iorma
1479 4566 1517 4635 et

344 4693 444 4781 aeti,
469 4684 527 4759 ital
545 4692 671 4779 termo,
688 4682 836 4776 seilicet,
853 4680 962 4774 reris,
979 4683 1039 4755 ote
1056 4684 1093 4753 ln
1118 4684 1256 4773 madre,
1281 4680 1375 4756 dicta
1393 4680 1516 4774 Ceres,

344 4808 499 4900 perdetis
522 4806 579 4897 tei,
605 4810 747 4900 raptam
771 4823 794 4876 a
818 4802 986 4894 Plutone,
1019 4803 1157 4893 etalio,
1183 4800 1400 4895 Proserpina
1430 4820 1515 4895 per·

409 4994 436 5055 ρ)
454 4998 507 5053 tur,
525 4994 642 5045 obtusior
655 4998 683 5045 et
700 4992 813 5057 pravior.
969 4989 997 5054 (¹)
1012 4990 1044 5041 E.
1060 4990 1121 5055 quia
1136 4992 1234 5042 humor
1250 4995 1312 5041 tone
1328 4990 1393 5053 pius.

411 5070 438 5133 (·)
453 5070 485 5122 B.
500 5070 601 5121 seilicet
616 5070 642 5120 in
658 5074 743 5120 etate.
