4342 6692
756 926 896 984 murus
920 928 1100 995 Qunnrus.
1442 916 1510 983 391

416 1075 563 1147 L'ottro
586 1074 798 1147 dubitozion.
824 1073 896 1148 lsta
921 1079 977 1149 est
1002 1072 1109 1149 tertia
1141 1092 1226 1167 pars
1256 1071 1450 1169 generalis,
1477 1074 1515 1147 in

341 1214 416 1288 qua
440 1193 576 1267 Dentes
600 1192 764 1288 procedit
789 1192 836 1267 ad
860 1193 1080 1269 solutionem
1105 1193 1235 1289 primm
1260 1192 1514 1289 dubitationis,

341 1318 379 1387 et
403 1312 523 1408 primo
549 1312 735 1408 praemittit
760 1332 878 1406 quare
897 1312 1077 1387 distulerit
1098 1311 1319 1387 solutionem
1337 1312 1443 1407 illius,
1461 1313 1518 1387 di-

342 1452 449 1507 cens:
475 1436 512 1505 ι’
525 1435 621 1505 ultro
637 1433 850 1525 ἀιιῠιῖαιὶοπ,
868 1431 1003 1507 scilicet
1025 1430 1156 1527 prima,
1173 1433 1233 1504 ulte
1258 1436 1284 1505 n·
1302 1453 1517 1525 commove,

342 1551 445 1647 idest,
471 1552 663 1647 perturbat
689 1558 852 1627 mentem
877 1559 994 1647 tuam,
1012 1554 1059 1625 bo
1080 1555 1306 1647 menoclem,
1328 1553 1415 1647 quia
1442 1573 1516 1627 non

342 1681 463 1767 posset
491 1670 640 1745 inlicere
673 1672 835 1746 animam
861 1672 1032 1747 baeretica
1057 1671 1255 1767 pravitate3
1283 1672 1381 1747 unde
1405 1671 1515 1746 dicit:

342 1784 448 1866 stone
465 1813 532 1866 sno
553 1794 697 1865 monn
715 1812 787 1865 non
800 1795 826 1865 e·
835 1795 955 1884 potrio
967 1793 1154 1865 menardo
1173 1813 1227 1865 me
1244 1793 1390 1885 oltrooe,
1407 1791 1510 1884 idest,

342 1932 366 1987 n
383 1912 538 1987 veritate
553 1931 668 1987 sacrae
685 1912 877 2006 scripturae
893 1911 931 1985 in
952 1910 1195 2008 ignorantiam
1217 1910 1356 1985 falsam.
1371 1912 1413 1984 Et
1428 1931 1517 1985 con-

344 2030 466 2106 lirmat
491 2030 630 2106 dictum
659 2052 771 2105 suum
801 2051 868 2127 per
892 2030 1090 2105 notabilem
1121 2030 1350 2124 sententiam,
1373 2029 1514 2105 dicens:

343 2154 381 2225 lo
396 2158 521 2224 nostra
544 2150 881 2245 ptustizto,scilieet,
898 2150 1031 2245 divina,
1058 2170 1143 2243 quae
1169 2155 1224 2225 est
1248 2168 1395 2243 semper
1415 2170 1516 2244 vera,

338 2291 455 2363 parer
470 2273 623 2361 inpiusto
639 2274 714 2362 apti
729 2273 825 2343 ocelli
840 2273 893 2344 dd
905 2272 1060 2360 mortali,
1073 2268 1176 2361 idest,
1190 2268 1431 2343 intellectibus
1448 2270 1516 2344 bo·

343 2390 485 2463 minum
512 2390 677 2483 infirmis,
697 2387 719 2465 e*
741 2396 948 2481 argomento
972 2392 1011 2463 di
1030 2391 1122 2483 sede,
1144 2388 1290 2482 scilicet,
1309 2388 1518 2483 christiana,

343 2530 450 2582 enon
466 2512 502 2583 d’
513 2513 640 2583 cretico
655 2512 830 2603 nemesin,
850 2508 938 2603 quia
956 2510 1075 2583 bonus
1093 2510 1205 2582 bomo
1222 2508 1337 2583 credit
1361 2508 1516 2584 tirmiter

343 2630 463 2705 Deum
488 2650 570 2705 esse
598 2650 745 2725 semper
768 2631 925 2725 justum,
950 2630 1034 2705 licet
1064 2629 1184 2703 videat
1218 2649 1314 2724 saepe
1331 2620 1366 2720 (¹)
1394 2630 1517 2723 aliqua

344 2770 457 2846 opera
482 2750 734 2844 iniustissima3
760 2758 798 2825 et
828 2752 879 2825 sic
907 2750 1024 2825 credit
1054 2748 1152 2844 quod
1181 2770 1252 2823 non
1282 2749 1391 2842 videt,
1418 2750 1518 2843 quod

344 2876 400 2946 est
423 2877 686 2969 argumentum
717 2870 810 2944 fidei.
840 2872 884 2943 Et
913 2869 1090 2965 promittit
1114 2868 1348 2963 solutionem,
1373 2870 1515 2945 dicens:

345 3012 405 3065 mu
428 2995 464 3065 io
489 2995 517 3065 o·
535 2984 622 3084 sord
646 2997 816 3084 conone,
835 2991 882 3065 de
906 2990 975 3064 isto
995 2989 1119 3083 dubio,
1138 2992 1372 3081 comedumt,
1390 3010 1518 3084 aequa·

343 3111 427 3187 liter
450 3111 545 3186 siout
569 3111 800 3187 desiderabas
827 3111 904 3185 lieri
934 3111 981 3185 de
1008 3111 1087 3205 jam
1114 3109 1222 3203 dicto,
1242 3107 1373 3202 percle*
1396 3119 1515 3185 vostro

344 3233 613 3323 occorptmento,
631 3232 732 3325 idest,
750 3232 939 3327 ingenium
957 3232 1162 3304 humanum
1182 3250 1267 3305 cum
1287 3230 1437 3305 scientia
1458 3252 1518 3307 se-

344 3350 472 3445 culari,
486 3358 590 3443 puoto
605 3352 670 3424 ben
680 3358 870 3444 penetrare
894 3372 918 3424 α
943 3358 1063 3441 questo
1089 3352 1241 3424 cotton.
1262 3352 1354 3424 Nam
1379 3350 1519 3424 bristo-

344 3469 436 3547 teles
460 3470 568 3547 tertio
593 3470 805 3546 lltbicorum
824 3472 952 3566 pulcre
968 3475 1168 3566 pertractat
1191 3470 1298 3543 istam
1326 3470 1518 3547 veritatem

343 3590 392 3665 de
408 3589 617 3664 voluntario
634 3597 672 3666 et
687 3590 933 3665 involuntario
944 3582 994 3683 (')·
1008 3630 1058 3643 -
1070 3594 1123 3664 Sc.
1143 3591 1247 3665 Nunc
1264 3589 1411 3665 Beatrix
1430 3590 1520 3665 inni·

345 3708 397 3805 pit
421 3709 566 3784 solvere
589 3710 722 3785 dictam
749 3711 1001 3805 quaestionem,
1027 3716 1065 3785 et
1090 3710 1215 3806 arguit
1243 3729 1309 3804 per
1333 3709 1519 3785 diffinitio-

346 3848 432 3903 nem
458 3829 617 3923 riolenti,
643 3830 743 3924 quod
773 3831 851 3905 istae
880 3830 1055 3905 mulieres
1085 3848 1158 3903 non
1191 3836 1342 3924 possunt
1367 3830 1517 3904 omnino

345 3947 416 4022 dici
437 3947 654 4022 violentatae.
672 3950 716 4024 Et
732 3950 779 4024 ad
795 3949 1070 4045 intelligentiam
1089 3948 1199 4021 buius
1219 3948 1333 4021 literae
1350 3953 1405 4021 est
1422 3969 1517 4042 prae-

346 4065 549 4141 notandum
568 4068 666 4161 quod
687 4068 936 4143 voluntarium
953 4067 1086 4141 dicitur
1103 4066 1209 4141 cuius
1226 4065 1444 4162 principium
1463 4075 1517 4142 est

346 4188 384 4261 in
409 4186 487 4280 ipso
512 4194 708 4282 operante,
734 4188 1020 4262 involuntarium
1038 4192 1206 4261 econtra
1223 4192 1278 4261 est
1295 4186 1401 4260 cuius
1418 4187 1518 4281 prin·

347 4306 482 4403 cipium
509 4313 566 4381 est
580 4307 662 4381 *ab
686 4315 791 4383 extra
809 4308 908 4403 quod
926 4308 966 4382 lit
981 4307 1184 4403 dupliciter,
1204 4307 1261 4382 vel
1286 4327 1353 4402 per
1380 4307 1519 4381 violen-

347 4425 435 4501 tiam
462 4428 521 4501 vel
546 4448 614 4522 per
638 4428 903 4526 ignorantiam3
935 4428 1138 4503 violentum
1169 4433 1224 4502 est
1254 4428 1362 4503 cuius
1386 4430 1520 4524 princi-

347 4546 450 4641 pium
480 4545 569 4621 est*
582 4538 620 4640 (³)
647 4548 887 4643 extrinsecus,
913 4548 963 4623 ita
993 4547 1093 4642 quod
1119 4548 1258 4643 patiens
1289 4548 1374 4623 nibil
1395 4550 1520 4625 conte-

348 4674 407 4743 rat
438 4666 671 4762 violentanti3
706 4670 801 4744 sicut
829 4670 859 4742 si
895 4666 1061 4743 homines
1092 4674 1310 4763 potestatem
1345 4669 1521 4745 babentes

408 4898 439 4961 l‘t
454 4898 486 4949 R
502 4910 614 4961 sempor.

410 4972 439 5035 Ρ)
454 4974 485 5024 Ε.
501 4979 531 5023 ut
547 4974 583 5022 lbi
599 4974 744 5025 diuitum·
755 4975 796 5025 So.
812 4974 897 5026 Nunc.

411 5049 440 5111 n
454 5050 492 5101 oo
507 5049 596 5113 paron
612 5049 653 5101 tr·
668 5051 678 5101 i
693 5052 745 5103 due
760 5051 893 5102 ostentent
908 5064 955 5101 uon
970 5050 1082 5115 supputa
1098 5052 1168 5118 rign
1182 5052 1244 5104 artri
1260 5058 1300 5105 ue
1316 5052 1412 5105 onaret.
