<?xml version="1.0" encoding="UTF-8"?>
<!DOCTYPE html PUBLIC "-//W3C//DTD XHTML 1.0 Transitional//EN"
    "http://www.w3.org/TR/xhtml1/DTD/xhtml1-transitional.dtd">
<html xmlns="http://www.w3.org/1999/xhtml" xml:lang="en" lang="en">
 <head>
  <title>
</title>
<meta http-equiv="Content-Type" content="text/html;charset=utf-8" />
  <meta name='ocr-system' content='tesseract 3.04.00' />
  <meta name='ocr-capabilities' content='ocr_page ocr_carea ocr_par ocr_line ocrx_word'/>
</head>
<body>
  <div class='ocr_page' id='page_1' title='image "benevenutideram01lacagoog_0281.png"; bbox 0 0 4342 6692; ppageno 0'>
   <div class='ocr_carea' id='block_1_1' title="bbox 618 877 1481 944">
    <p class='ocr_par' dir='ltr' id='par_1_1' title="bbox 618 877 1481 944">
     <span class='ocr_line' id='line_1_1' title="bbox 618 877 1481 944; baseline 0.003 -3"><span class='ocrx_word' id='word_1_1' title='bbox 618 887 760 942; x_wconf 77' lang='lat' dir='ltr'>CANTUS</span> <span class='ocrx_word' id='word_1_2' title='bbox 784 888 999 944; x_wconf 76' lang='lat' dir='ltr'><strong>rumusnssls</strong></span> <span class='ocrx_word' id='word_1_3' title='bbox 1022 889 1188 944; x_wconf 76' lang='lat' dir='ltr'><strong>nunnius·</strong></span> <span class='ocrx_word' id='word_1_4' title='bbox 1413 877 1481 944; x_wconf 77' lang='lat'><strong>271</strong></span> 
     </span>
    </p>
   </div>
   <div class='ocr_carea' id='block_1_2' title="bbox 313 1031 1487 1368">
    <p class='ocr_par' dir='ltr' id='par_1_2' title="bbox 313 1031 1487 1368">
     <span class='ocr_line' id='line_1_2' title="bbox 313 1031 1487 1127; baseline 0.002 -21"><span class='ocrx_word' id='word_1_5' title='bbox 313 1040 438 1108; x_wconf 89' lang='lat' dir='ltr'><strong>noster</strong></span> <span class='ocrx_word' id='word_1_6' title='bbox 455 1032 621 1109; x_wconf 87' lang='lat' dir='ltr'><strong>incurret</strong></span> <span class='ocrx_word' id='word_1_7' title='bbox 636 1053 822 1127; x_wconf 88' lang='lat' dir='ltr'><strong>somnum,</strong></span> <span class='ocrx_word' id='word_1_8' title='bbox 833 1033 892 1110; x_wconf 87' lang='lat' dir='ltr'><strong>vel</strong></span> <span class='ocrx_word' id='word_1_9' title='bbox 909 1033 1017 1110; x_wconf 82' lang='lat' dir='ltr'><strong>saciet</strong></span> <span class='ocrx_word' id='word_1_10' title='bbox 1033 1033 1218 1108; x_wconf 92' lang='lat' dir='ltr'><strong>somnium</strong></span> <span class='ocrx_word' id='word_1_11' title='bbox 1235 1033 1273 1109; x_wconf 92' lang='lat' dir='ltr'><strong>in</strong></span> <span class='ocrx_word' id='word_1_12' title='bbox 1289 1037 1363 1109; x_wconf 91' lang='lat' dir='ltr'><strong>tota</strong></span> <span class='ocrx_word' id='word_1_13' title='bbox 1377 1031 1487 1110; x_wconf 88' lang='lat' dir='ltr'><strong>tertia</strong></span> 
     </span>
     <span class='ocr_line' id='line_1_3' title="bbox 314 1153 614 1248; baseline 0.003 -23"><span class='ocrx_word' id='word_1_14' title='bbox 314 1159 418 1248; x_wconf 87' lang='lat' dir='ltr'><strong>parte</strong></span> <span class='ocrx_word' id='word_1_15' title='bbox 444 1153 614 1229; x_wconf 79' lang='lat' dir='ltr'><strong>paradisi.</strong></span> 
     </span>
     <span class='ocr_line' id='line_1_4' title="bbox 387 1265 1485 1368; baseline 0 -20"><span class='ocrx_word' id='word_1_16' title='bbox 387 1277 497 1368; x_wconf 84' lang='lat' dir='ltr'><strong>Sappi</strong></span> <span class='ocrx_word' id='word_1_17' title='bbox 511 1276 573 1348; x_wconf 85' lang='lat' dir='ltr'><strong>cle</strong></span> <span class='ocrx_word' id='word_1_18' title='bbox 584 1276 610 1348; x_wconf 88' lang='lat' dir='ltr'><strong>&#39;l</strong></span> <span class='ocrx_word' id='word_1_19' title='bbox 625 1295 722 1348; x_wconf 82' lang='lat' dir='ltr'><strong>uaso.</strong></span> <span class='ocrx_word' id='word_1_20' title='bbox 740 1275 812 1349; x_wconf 88' lang='lat' dir='ltr'><strong>Ista</strong></span> <span class='ocrx_word' id='word_1_21' title='bbox 827 1280 883 1350; x_wconf 92' lang='lat' dir='ltr'><strong>est</strong></span> <span class='ocrx_word' id='word_1_22' title='bbox 898 1273 1059 1348; x_wconf 87' lang='lat' dir='ltr'><strong>secunda</strong></span> <span class='ocrx_word' id='word_1_23' title='bbox 1077 1265 1220 1368; x_wconf 55' lang='lat' dir='ltr'><strong>pared),</strong></span> <span class='ocrx_word' id='word_1_24' title='bbox 1239 1272 1276 1347; x_wconf 91' lang='lat' dir='ltr'><strong>in</strong></span> <span class='ocrx_word' id='word_1_25' title='bbox 1293 1293 1367 1367; x_wconf 84' lang='lat' dir='ltr'><strong>qua</strong></span> <span class='ocrx_word' id='word_1_26' title='bbox 1387 1293 1485 1348; x_wconf 89' lang='lat' dir='ltr'><strong>nnnc</strong></span> 
     </span>
    </p>
   </div>
   <div class='ocr_carea' id='block_1_3' title="bbox 185 1393 1486 1491">
    <p class='ocr_par' dir='ltr' id='par_1_3' title="bbox 185 1393 1486 1491">
     <span class='ocr_line' id='line_1_5' title="bbox 185 1393 1486 1491; baseline 0.003 -25"><span class='ocrx_word' id='word_1_27' title='bbox 185 1442 189 1449; x_wconf 75' lang='lat'><em>,</em></span> <span class='ocrx_word' id='word_1_28' title='bbox 314 1393 461 1468; x_wconf 83' lang='lat' dir='ltr'><strong>Beatrilr</strong></span> <span class='ocrx_word' id='word_1_29' title='bbox 478 1394 640 1490; x_wconf 77' lang='lat' dir='ltr'><strong>praedicit</strong></span> <span class='ocrx_word' id='word_1_30' title='bbox 656 1403 774 1491; x_wconf 82' lang='lat' dir='ltr'><strong>poetae</strong></span> <span class='ocrx_word' id='word_1_31' title='bbox 789 1394 982 1470; x_wconf 88' lang='lat' dir='ltr'><strong>vindictam</strong></span> <span class='ocrx_word' id='word_1_32' title='bbox 1001 1402 1244 1488; x_wconf 88' lang='lat' dir='ltr'><strong>sequuturam</strong></span> <span class='ocrx_word' id='word_1_33' title='bbox 1263 1393 1300 1469; x_wconf 89' lang='lat' dir='ltr'><strong>in</strong></span> <span class='ocrx_word' id='word_1_34' title='bbox 1316 1394 1421 1470; x_wconf 90' lang='lat' dir='ltr'><strong>brevi</strong></span> <span class='ocrx_word' id='word_1_35' title='bbox 1439 1393 1486 1470; x_wconf 93' lang='lat' dir='ltr'><strong>ad</strong></span> 
     </span>
    </p>
   </div>
   <div class='ocr_carea' id='block_1_4' title="bbox 312 1514 1490 4778">
    <p class='ocr_par' dir='ltr' id='par_1_4' title="bbox 312 1514 1490 4778">
     <span class='ocr_line' id='line_1_6' title="bbox 314 1514 1485 1611; baseline -0.003 -20"><span class='ocrx_word' id='word_1_36' title='bbox 314 1515 492 1591; x_wconf 83' lang='lat' dir='ltr'><strong>offensam</strong></span> <span class='ocrx_word' id='word_1_37' title='bbox 509 1515 691 1610; x_wconf 80' lang='lat' dir='ltr'><strong>eeclesiae3</strong></span> <span class='ocrx_word' id='word_1_38' title='bbox 710 1522 747 1592; x_wconf 93' lang='lat' dir='ltr'><strong>et</strong></span> <span class='ocrx_word' id='word_1_39' title='bbox 773 1523 940 1611; x_wconf 84' lang='lat' dir='ltr'><strong>repetens</strong></span> <span class='ocrx_word' id='word_1_40' title='bbox 964 1515 1054 1590; x_wconf 92' lang='lat' dir='ltr'><strong>illud</strong></span> <span class='ocrx_word' id='word_1_41' title='bbox 1079 1515 1178 1610; x_wconf 89' lang='lat' dir='ltr'><strong>quod</strong></span> <span class='ocrx_word' id='word_1_42' title='bbox 1203 1515 1342 1590; x_wconf 90' lang='lat' dir='ltr'><strong>dictum</strong></span> <span class='ocrx_word' id='word_1_43' title='bbox 1367 1521 1422 1590; x_wconf 87' lang='lat' dir='ltr'><strong>est</strong></span> <span class='ocrx_word' id='word_1_44' title='bbox 1448 1514 1485 1588; x_wconf 96' lang='lat' dir='ltr'><strong>in</strong></span> 
     </span>
     <span class='ocr_line' id='line_1_7' title="bbox 314 1635 1486 1732; baseline -0.002 -22"><span class='ocrx_word' id='word_1_45' title='bbox 314 1636 534 1732; x_wconf 81' lang='lat' dir='ltr'><strong>praecedenti</strong></span> <span class='ocrx_word' id='word_1_46' title='bbox 559 1636 717 1732; x_wconf 91' lang='lat' dir='ltr'><strong>capitulo</strong></span> <span class='ocrx_word' id='word_1_47' title='bbox 737 1635 784 1713; x_wconf 89' lang='lat' dir='ltr'><strong>de</strong></span> <span class='ocrx_word' id='word_1_48' title='bbox 802 1636 973 1730; x_wconf 87' lang='lat' dir='ltr'><strong>dracone,</strong></span> <span class='ocrx_word' id='word_1_49' title='bbox 1000 1635 1105 1711; x_wconf 87' lang='lat' dir='ltr'><strong>dicit:</strong></span> <span class='ocrx_word' id='word_1_50' title='bbox 1133 1639 1254 1729; x_wconf 79' lang='lat' dir='ltr'><strong>sappi,</strong></span> <span class='ocrx_word' id='word_1_51' title='bbox 1279 1636 1382 1730; x_wconf 89' lang='lat' dir='ltr'><strong>idest,</strong></span> <span class='ocrx_word' id='word_1_52' title='bbox 1400 1635 1486 1710; x_wconf 81' lang='lat' dir='ltr'><strong>volo</strong></span> 
     </span>
     <span class='ocr_line' id='line_1_8' title="bbox 314 1756 1485 1852; baseline -0.001 -21"><span class='ocrx_word' id='word_1_53' title='bbox 314 1757 473 1852; x_wconf 79' lang='lat' dir='ltr'><strong>rescire,</strong></span> <span class='ocrx_word' id='word_1_54' title='bbox 493 1759 554 1830; x_wconf 79' lang='lat' dir='ltr'><strong>cte</strong></span> <span class='ocrx_word' id='word_1_55' title='bbox 569 1759 596 1830; x_wconf 86' lang='lat' dir='ltr'><strong>’l</strong></span> <span class='ocrx_word' id='word_1_56' title='bbox 608 1777 709 1847; x_wconf 72' lang='lat' dir='ltr'><strong>eluso,</strong></span> <span class='ocrx_word' id='word_1_57' title='bbox 725 1756 871 1851; x_wconf 86' lang='lat' dir='ltr'><strong>scilicet,</strong></span> <span class='ocrx_word' id='word_1_58' title='bbox 891 1777 1038 1851; x_wconf 84' lang='lat' dir='ltr'><strong>currus,</strong></span> <span class='ocrx_word' id='word_1_59' title='bbox 1059 1759 1157 1830; x_wconf 79' lang='lat' dir='ltr'><strong>clre&#39;l</strong></span> <span class='ocrx_word' id='word_1_60' title='bbox 1179 1764 1337 1849; x_wconf 83' lang='lat' dir='ltr'><strong>serpente</strong></span> <span class='ocrx_word' id='word_1_61' title='bbox 1359 1777 1485 1850; x_wconf 82' lang='lat' dir='ltr'><strong><em>ruppe,</em></strong></span> 
     </span>
     <span class='ocr_line' id='line_1_9' title="bbox 314 1875 1485 1972; baseline 0.002 -22"><span class='ocrx_word' id='word_1_62' title='bbox 314 1876 462 1971; x_wconf 88' lang='lat' dir='ltr'><strong>quando</strong></span> <span class='ocrx_word' id='word_1_63' title='bbox 487 1875 565 1951; x_wconf 83' lang='lat' dir='ltr'><strong>mir</strong></span> <span class='ocrx_word' id='word_1_64' title='bbox 590 1877 746 1952; x_wconf 89' lang='lat' dir='ltr'><strong>caudam</strong></span> <span class='ocrx_word' id='word_1_65' title='bbox 772 1876 866 1950; x_wconf 87' lang='lat' dir='ltr'><strong>inter</strong></span> <span class='ocrx_word' id='word_1_66' title='bbox 890 1877 1019 1952; x_wconf 88' lang='lat' dir='ltr'><strong>ambas</strong></span> <span class='ocrx_word' id='word_1_67' title='bbox 1041 1884 1153 1970; x_wconf 90' lang='lat' dir='ltr'><strong>rotas,</strong></span> <span class='ocrx_word' id='word_1_68' title='bbox 1172 1876 1276 1971; x_wconf 86' lang='lat' dir='ltr'><strong>quasi</strong></span> <span class='ocrx_word' id='word_1_69' title='bbox 1293 1876 1400 1972; x_wconf 86' lang='lat' dir='ltr'><strong>dicat,</strong></span> <span class='ocrx_word' id='word_1_70' title='bbox 1421 1897 1485 1952; x_wconf 88' lang='lat' dir='ltr'><strong>ec-</strong></span> 
     </span>
     <span class='ocr_line' id='line_1_10' title="bbox 313 1995 1485 2090; baseline 0.002 -21"><span class='ocrx_word' id='word_1_71' title='bbox 313 1995 423 2070; x_wconf 87' lang='lat' dir='ltr'><strong>clesia</strong></span> <span class='ocrx_word' id='word_1_72' title='bbox 449 2018 563 2090; x_wconf 89' lang='lat' dir='ltr'><strong>quam</strong></span> <span class='ocrx_word' id='word_1_73' title='bbox 589 1998 853 2072; x_wconf 86' lang='lat' dir='ltr'><strong>Machomettus</strong></span> <span class='ocrx_word' id='word_1_74' title='bbox 878 1995 996 2071; x_wconf 71' lang='lat' dir='ltr'><strong>diruit</strong></span> <span class='ocrx_word' id='word_1_75' title='bbox 1017 2003 1054 2071; x_wconf 92' lang='lat' dir='ltr'><strong>et</strong></span> <span class='ocrx_word' id='word_1_76' title='bbox 1077 2015 1204 2070; x_wconf 89' lang='lat' dir='ltr'><strong>secum</strong></span> <span class='ocrx_word' id='word_1_77' title='bbox 1232 1996 1343 2070; x_wconf 82' lang='lat' dir='ltr'>traxit</span> <span class='ocrx_word' id='word_1_78' title='bbox 1369 1996 1485 2071; x_wconf 88' lang='lat' dir='ltr'><strong>maio·</strong></span> 
     </span>
     <span class='ocr_line' id='line_1_11' title="bbox 313 2115 1487 2218; baseline 0 -29"><span class='ocrx_word' id='word_1_79' title='bbox 313 2135 395 2190; x_wconf 89' lang='lat' dir='ltr'><strong>rem</strong></span> <span class='ocrx_word' id='word_1_80' title='bbox 421 2124 576 2212; x_wconf 75' lang='lat' dir='ltr'><strong>partem,</strong></span> <span class='ocrx_word' id='word_1_81' title='bbox 602 2117 651 2191; x_wconf 88' lang='lat' dir='ltr'><strong>ita</strong></span> <span class='ocrx_word' id='word_1_82' title='bbox 677 2117 776 2211; x_wconf 88' lang='lat' dir='ltr'><strong>quod</strong></span> <span class='ocrx_word' id='word_1_83' title='bbox 804 2116 920 2192; x_wconf 88' lang='lat' dir='ltr'><strong>maior</strong></span> <span class='ocrx_word' id='word_1_84' title='bbox 945 2137 1031 2218; x_wconf 85' lang='lat' dir='ltr'><strong>pars</strong></span> <span class='ocrx_word' id='word_1_85' title='bbox 1060 2116 1251 2191; x_wconf 92' lang='lat' dir='ltr'><strong>meliorem</strong></span> <span class='ocrx_word' id='word_1_86' title='bbox 1281 2115 1376 2210; x_wconf 86' lang='lat' dir='ltr'><strong>vicit,</strong></span> <span class='ocrx_word' id='word_1_87' title='bbox 1400 2119 1441 2210; x_wconf 82' lang='lat' dir='ltr'><strong>su</strong></span> <span class='ocrx_word' id='word_1_88' title='bbox 1468 2138 1487 2189; x_wconf 85' lang='lat' dir='ltr'><strong>e</strong></span> 
     </span>
     <span class='ocr_line' id='line_1_12' title="bbox 312 2229 1486 2331; baseline 0 -21"><span class='ocrx_word' id='word_1_89' title='bbox 312 2257 387 2310; x_wconf 83' lang='lat' dir='ltr'><strong>nou</strong></span> <span class='ocrx_word' id='word_1_90' title='bbox 403 2233 442 2330; x_wconf 78' lang='lat' dir='ltr'><strong>e&#39;‚·</strong></span> <span class='ocrx_word' id='word_1_91' title='bbox 459 2245 496 2312; x_wconf 94' lang='lat' dir='ltr'><strong>et</strong></span> <span class='ocrx_word' id='word_1_92' title='bbox 513 2238 570 2312; x_wconf 88' lang='lat' dir='ltr'><strong>hic</strong></span> <span class='ocrx_word' id='word_1_93' title='bbox 588 2229 722 2330; x_wconf 76' lang='lat' dir='ltr'><strong>notal‘)</strong></span> <span class='ocrx_word' id='word_1_94' title='bbox 743 2238 838 2312; x_wconf 88' lang='lat' dir='ltr'><strong>bene</strong></span> <span class='ocrx_word' id='word_1_95' title='bbox 855 2235 954 2331; x_wconf 89' lang='lat' dir='ltr'><strong>quod</strong></span> <span class='ocrx_word' id='word_1_96' title='bbox 971 2236 1135 2311; x_wconf 87' lang='lat' dir='ltr'>nonnulli</span> <span class='ocrx_word' id='word_1_97' title='bbox 1154 2236 1359 2331; x_wconf 81' lang='lat' dir='ltr'><strong>peritissimi</strong></span> <span class='ocrx_word' id='word_1_98' title='bbox 1378 2235 1486 2312; x_wconf 86' lang='lat' dir='ltr'><strong>intel-</strong></span> 
     </span>
     <span class='ocr_line' id='line_1_13' title="bbox 313 2354 1486 2450; baseline 0.003 -22"><span class='ocrx_word' id='word_1_99' title='bbox 313 2355 484 2430; x_wconf 82' lang='lat' dir='ltr'><strong>lexerunt</strong></span> <span class='ocrx_word' id='word_1_100' title='bbox 508 2357 614 2431; x_wconf 87' lang='lat' dir='ltr'><strong>istam</strong></span> <span class='ocrx_word' id='word_1_101' title='bbox 640 2357 785 2431; x_wconf 88' lang='lat' dir='ltr'><strong>literam</strong></span> <span class='ocrx_word' id='word_1_102' title='bbox 810 2355 873 2450; x_wconf 87' lang='lat' dir='ltr'><strong>sic,</strong></span> <span class='ocrx_word' id='word_1_103' title='bbox 900 2355 998 2450; x_wconf 87' lang='lat' dir='ltr'><strong>quod</strong></span> <span class='ocrx_word' id='word_1_104' title='bbox 1024 2354 1177 2431; x_wconf 89' lang='lat' dir='ltr'><strong>ecclesia</strong></span> <span class='ocrx_word' id='word_1_105' title='bbox 1198 2355 1263 2430; x_wconf 84' lang='lat' dir='ltr'><strong>lici</strong></span> <span class='ocrx_word' id='word_1_106' title='bbox 1288 2355 1397 2430; x_wconf 89' lang='lat' dir='ltr'><strong>luerit</strong></span> <span class='ocrx_word' id='word_1_107' title='bbox 1423 2375 1486 2431; x_wconf 88' lang='lat' dir='ltr'><strong>ec·</strong></span> 
     </span>
     <span class='ocr_line' id='line_1_14' title="bbox 314 2475 1486 2572; baseline 0.001 -22"><span class='ocrx_word' id='word_1_108' title='bbox 314 2476 422 2550; x_wconf 91' lang='lat' dir='ltr'><strong>clesia</strong></span> <span class='ocrx_word' id='word_1_109' title='bbox 448 2484 534 2552; x_wconf 90' lang='lat' dir='ltr'><strong>ante</strong></span> <span class='ocrx_word' id='word_1_110' title='bbox 558 2477 798 2571; x_wconf 87' lang='lat' dir='ltr'><strong>Boniiacium,</strong></span> <span class='ocrx_word' id='word_1_111' title='bbox 815 2477 879 2552; x_wconf 94' lang='lat' dir='ltr'><strong>sed</strong></span> <span class='ocrx_word' id='word_1_112' title='bbox 896 2482 1063 2572; x_wconf 88' lang='lat' dir='ltr'><strong>tempore</strong></span> <span class='ocrx_word' id='word_1_113' title='bbox 1080 2475 1255 2551; x_wconf 87' lang='lat' dir='ltr'><strong>Boniiacii</strong></span> <span class='ocrx_word' id='word_1_114' title='bbox 1277 2497 1351 2552; x_wconf 90' lang='lat' dir='ltr'><strong>non</strong></span> <span class='ocrx_word' id='word_1_115' title='bbox 1375 2476 1486 2552; x_wconf 89' lang='lat' dir='ltr'><strong>luerit</strong></span> 
     </span>
     <span class='ocr_line' id='line_1_15' title="bbox 315 2597 1487 2693; baseline 0.001 -22"><span class='ocrx_word' id='word_1_116' title='bbox 315 2597 478 2692; x_wconf 89' lang='lat' dir='ltr'><strong>ecclesia,</strong></span> <span class='ocrx_word' id='word_1_117' title='bbox 497 2597 595 2692; x_wconf 86' lang='lat' dir='ltr'><strong>quia,</strong></span> <span class='ocrx_word' id='word_1_118' title='bbox 614 2603 657 2672; x_wconf 90' lang='lat' dir='ltr'><strong>ut</strong></span> <span class='ocrx_word' id='word_1_119' title='bbox 672 2597 809 2693; x_wconf 87' lang='lat' dir='ltr'><strong>dicunt,</strong></span> <span class='ocrx_word' id='word_1_120' title='bbox 827 2618 901 2672; x_wconf 89' lang='lat' dir='ltr'><strong>non</strong></span> <span class='ocrx_word' id='word_1_121' title='bbox 918 2597 986 2671; x_wconf 88' lang='lat' dir='ltr'><strong>luit</strong></span> <span class='ocrx_word' id='word_1_122' title='bbox 1006 2602 1107 2673; x_wconf 89' lang='lat' dir='ltr'><strong>recte</strong></span> <span class='ocrx_word' id='word_1_123' title='bbox 1124 2617 1229 2692; x_wconf 88' lang='lat' dir='ltr'><strong>papa,</strong></span> <span class='ocrx_word' id='word_1_124' title='bbox 1243 2597 1329 2692; x_wconf 90' lang='lat' dir='ltr'><strong>quia</strong></span> <span class='ocrx_word' id='word_1_125' title='bbox 1348 2597 1487 2674; x_wconf 88' lang='lat' dir='ltr'><strong>electus</strong></span> 
     </span>
     <span class='ocr_line' id='line_1_16' title="bbox 314 2716 1485 2814; baseline 0.004 -25"><span class='ocrx_word' id='word_1_126' title='bbox 314 2736 380 2811; x_wconf 92' lang='lat' dir='ltr'><strong>per</strong></span> <span class='ocrx_word' id='word_1_127' title='bbox 402 2716 582 2792; x_wconf 80' lang='lat' dir='ltr'><strong>fraudem.</strong></span> <span class='ocrx_word' id='word_1_128' title='bbox 596 2718 666 2794; x_wconf 90' lang='lat' dir='ltr'><strong>Sed</strong></span> <span class='ocrx_word' id='word_1_129' title='bbox 683 2719 852 2813; x_wconf 88' lang='lat' dir='ltr'><strong>quamvis</strong></span> <span class='ocrx_word' id='word_1_130' title='bbox 865 2718 932 2794; x_wconf 88' lang='lat' dir='ltr'><strong>ista</strong></span> <span class='ocrx_word' id='word_1_131' title='bbox 949 2717 1126 2813; x_wconf 80' lang='lat' dir='ltr'><strong>expositio</strong></span> <span class='ocrx_word' id='word_1_132' title='bbox 1144 2717 1315 2793; x_wconf 87' lang='lat' dir='ltr'><strong>videatur</strong></span> <span class='ocrx_word' id='word_1_133' title='bbox 1333 2719 1485 2814; x_wconf 68' lang='lat' dir='ltr'><strong>subtilis</strong></span> 
     </span>
     <span class='ocr_line' id='line_1_17' title="bbox 315 2836 1486 2933; baseline 0.004 -23"><span class='ocrx_word' id='word_1_134' title='bbox 315 2857 388 2910; x_wconf 93' lang='lat' dir='ltr'><strong>non</strong></span> <span class='ocrx_word' id='word_1_135' title='bbox 406 2843 602 2912; x_wconf 89' lang='lat' dir='ltr'><strong>esttamen</strong></span> <span class='ocrx_word' id='word_1_136' title='bbox 620 2859 726 2933; x_wconf 80' lang='lat' dir='ltr'><strong>sana3</strong></span> <span class='ocrx_word' id='word_1_137' title='bbox 744 2838 826 2913; x_wconf 87' lang='lat' dir='ltr'><strong>ideo</strong></span> <span class='ocrx_word' id='word_1_138' title='bbox 847 2837 1041 2912; x_wconf 88' lang='lat' dir='ltr'><strong>dicendum</strong></span> <span class='ocrx_word' id='word_1_139' title='bbox 1063 2843 1119 2912; x_wconf 74' lang='lat' dir='ltr'><strong>est</strong></span> <span class='ocrx_word' id='word_1_140' title='bbox 1135 2836 1198 2932; x_wconf 88' lang='lat' dir='ltr'><strong>sic,</strong></span> <span class='ocrx_word' id='word_1_141' title='bbox 1216 2837 1315 2932; x_wconf 90' lang='lat' dir='ltr'><strong>quod</strong></span> <span class='ocrx_word' id='word_1_142' title='bbox 1332 2838 1486 2915; x_wconf 89' lang='lat' dir='ltr'><strong>ecclesia</strong></span> 
     </span>
     <span class='ocr_line' id='line_1_18' title="bbox 315 2956 1486 3054; baseline 0.002 -24"><span class='ocrx_word' id='word_1_143' title='bbox 315 2956 382 3030; x_wconf 86' lang='lat' dir='ltr'><strong>mit</strong></span> <span class='ocrx_word' id='word_1_144' title='bbox 407 2957 617 3053; x_wconf 88' lang='lat' dir='ltr'><strong>simpliciter</strong></span> <span class='ocrx_word' id='word_1_145' title='bbox 646 2966 683 3034; x_wconf 91' lang='lat' dir='ltr'><strong>et</strong></span> <span class='ocrx_word' id='word_1_146' title='bbox 712 2979 811 3033; x_wconf 92' lang='lat' dir='ltr'><strong>nunc</strong></span> <span class='ocrx_word' id='word_1_147' title='bbox 840 2965 895 3034; x_wconf 91' lang='lat' dir='ltr'><strong>est</strong></span> <span class='ocrx_word' id='word_1_148' title='bbox 924 2959 1129 3033; x_wconf 91' lang='lat' dir='ltr'><strong>secundum</strong></span> <span class='ocrx_word' id='word_1_149' title='bbox 1163 2957 1272 3053; x_wconf 90' lang='lat' dir='ltr'><strong>quid;</strong></span> <span class='ocrx_word' id='word_1_150' title='bbox 1303 2959 1389 3054; x_wconf 86' lang='lat' dir='ltr'><strong>quia</strong></span> <span class='ocrx_word' id='word_1_151' title='bbox 1419 2958 1486 3033; x_wconf 88' lang='lat' dir='ltr'><strong>luit</strong></span> 
     </span>
     <span class='ocr_line' id='line_1_19' title="bbox 315 3077 1487 3175; baseline 0.003 -25"><span class='ocrx_word' id='word_1_152' title='bbox 315 3078 418 3172; x_wconf 92' lang='lat' dir='ltr'><strong>prius</strong></span> <span class='ocrx_word' id='word_1_153' title='bbox 435 3078 550 3154; x_wconf 84' lang='lat' dir='ltr'><strong>libera</strong></span> <span class='ocrx_word' id='word_1_154' title='bbox 567 3099 666 3153; x_wconf 90' lang='lat' dir='ltr'><strong>nunc</strong></span> <span class='ocrx_word' id='word_1_155' title='bbox 683 3099 773 3153; x_wconf 85' lang='lat' dir='ltr'><strong>vero</strong></span> <span class='ocrx_word' id='word_1_156' title='bbox 789 3100 895 3154; x_wconf 82' lang='lat' dir='ltr'><strong>serva</strong></span> <span class='ocrx_word' id='word_1_157' title='bbox 913 3079 983 3152; x_wconf 94' lang='lat' dir='ltr'><strong>sub</strong></span> <span class='ocrx_word' id='word_1_158' title='bbox 1003 3077 1197 3175; x_wconf 81' lang='lat' dir='ltr'>tyrannide</span> <span class='ocrx_word' id='word_1_159' title='bbox 1213 3078 1378 3175; x_wconf 80' lang='lat' dir='ltr'><strong>gigantis.</strong></span> <span class='ocrx_word' id='word_1_160' title='bbox 1401 3080 1487 3154; x_wconf 89' lang='lat' dir='ltr'><strong>ldeo</strong></span> 
     </span>
     <span class='ocr_line' id='line_1_20' title="bbox 313 3198 1488 3297; baseline 0.001 -25"><span class='ocrx_word' id='word_1_161' title='bbox 313 3199 434 3273; x_wconf 87' lang='lat' dir='ltr'><strong>statim</strong></span> <span class='ocrx_word' id='word_1_162' title='bbox 461 3199 649 3297; x_wconf 90' lang='lat' dir='ltr'><strong>subiungit</strong></span> <span class='ocrx_word' id='word_1_163' title='bbox 676 3199 884 3294; x_wconf 86' lang='lat' dir='ltr'><strong>vindictam,</strong></span> <span class='ocrx_word' id='word_1_164' title='bbox 914 3198 1054 3292; x_wconf 82' lang='lat' dir='ltr'><strong>diceus3</strong></span> <span class='ocrx_word' id='word_1_165' title='bbox 1085 3219 1145 3270; x_wconf 83' lang='lat' dir='ltr'><strong>mu</strong></span> <span class='ocrx_word' id='word_1_166' title='bbox 1176 3201 1230 3271; x_wconf 81' lang='lat' dir='ltr'><strong>cti</strong></span> <span class='ocrx_word' id='word_1_167' title='bbox 1258 3201 1292 3271; x_wconf 74' lang='grc' dir='ltr'><strong>η’</strong></span> <span class='ocrx_word' id='word_1_168' title='bbox 1305 3201 1352 3272; x_wconf 80' lang='lat' dir='ltr'><strong>te</strong></span> <span class='ocrx_word' id='word_1_169' title='bbox 1385 3202 1488 3294; x_wconf 84' lang='lat' dir='ltr'><strong>colpe</strong></span> 
     </span>
     <span class='ocr_line' id='line_1_21' title="bbox 313 3318 1487 3410; baseline 0.003 -18"><span class='ocrx_word' id='word_1_170' title='bbox 313 3322 423 3392; x_wconf 73' lang='lat' dir='ltr'><strong>mede</strong></span> <span class='ocrx_word' id='word_1_171' title='bbox 446 3322 507 3393; x_wconf 78' lang='lat' dir='ltr'><strong>clue</strong></span> <span class='ocrx_word' id='word_1_172' title='bbox 534 3323 691 3394; x_wconf 81' lang='lat' dir='ltr'><strong>cendettu</strong></span> <span class='ocrx_word' id='word_1_173' title='bbox 715 3321 753 3392; x_wconf 88' lang='lat' dir='ltr'><strong>di</strong></span> <span class='ocrx_word' id='word_1_174' title='bbox 776 3322 845 3392; x_wconf 76' lang='lat' dir='ltr'><strong>Dm</strong></span> <span class='ocrx_word' id='word_1_175' title='bbox 876 3340 949 3392; x_wconf 85' lang='lat' dir='ltr'><strong>nou</strong></span> <span class='ocrx_word' id='word_1_176' title='bbox 979 3325 1066 3391; x_wconf 85' lang='lat' dir='ltr'><strong>teme</strong></span> <span class='ocrx_word' id='word_1_177' title='bbox 1094 3339 1211 3410; x_wconf 79' lang='lat' dir='ltr'><strong>ruppe.</strong></span> <span class='ocrx_word' id='word_1_178' title='bbox 1238 3318 1282 3391; x_wconf 86' lang='lat' dir='ltr'><strong>Et</strong></span> <span class='ocrx_word' id='word_1_179' title='bbox 1315 3319 1373 3393; x_wconf 89' lang='lat' dir='ltr'><strong>hic</strong></span> <span class='ocrx_word' id='word_1_180' title='bbox 1400 3326 1487 3395; x_wconf 85' lang='lat' dir='ltr'><strong>nota</strong></span> 
     </span>
     <span class='ocr_line' id='line_1_22' title="bbox 314 3437 1488 3535; baseline 0.003 -23"><span class='ocrx_word' id='word_1_181' title='bbox 314 3438 413 3534; x_wconf 89' lang='lat' dir='ltr'><strong>quod</strong></span> <span class='ocrx_word' id='word_1_182' title='bbox 440 3438 509 3514; x_wconf 88' lang='lat' dir='ltr'><strong>ista</strong></span> <span class='ocrx_word' id='word_1_183' title='bbox 533 3440 639 3514; x_wconf 90' lang='lat' dir='ltr'><strong>litera</strong></span> <span class='ocrx_word' id='word_1_184' title='bbox 663 3445 781 3534; x_wconf 79' lang='lat' dir='ltr'><strong>potest</strong></span> <span class='ocrx_word' id='word_1_185' title='bbox 798 3438 948 3535; x_wconf 83' lang='lat' dir='ltr'><strong>intelligi</strong></span> <span class='ocrx_word' id='word_1_186' title='bbox 965 3437 1168 3533; x_wconf 81' lang='lat' dir='ltr'><strong>dupliciter,</strong></span> <span class='ocrx_word' id='word_1_187' title='bbox 1188 3437 1399 3532; x_wconf 71' lang='lat' dir='ltr'><strong>scilicetne</strong></span> <span class='ocrx_word' id='word_1_188' title='bbox 1416 3439 1488 3515; x_wconf 92' lang='lat' dir='ltr'><strong>Bo-</strong></span> 
     </span>
     <span class='ocr_line' id='line_1_23' title="bbox 314 3558 1487 3655; baseline -0.001 -21"><span class='ocrx_word' id='word_1_189' title='bbox 314 3561 446 3636; x_wconf 89' lang='lat' dir='ltr'><strong>nilacio</strong></span> <span class='ocrx_word' id='word_1_190' title='bbox 464 3560 668 3636; x_wconf 90' lang='lat' dir='ltr'><strong>secundum</strong></span> <span class='ocrx_word' id='word_1_191' title='bbox 686 3560 843 3655; x_wconf 85' lang='lat' dir='ltr'><strong>primam</strong></span> <span class='ocrx_word' id='word_1_192' title='bbox 862 3559 1140 3654; x_wconf 82' lang='lat' dir='ltr'><strong>expositionem,</strong></span> <span class='ocrx_word' id='word_1_193' title='bbox 1153 3558 1217 3654; x_wconf 87' lang='lat' dir='ltr'><strong>qui</strong></span> <span class='ocrx_word' id='word_1_194' title='bbox 1236 3558 1364 3634; x_wconf 79' lang='lat' dir='ltr'><strong>fraude</strong></span> <span class='ocrx_word' id='word_1_195' title='bbox 1381 3560 1487 3637; x_wconf 88' lang='lat' dir='ltr'><strong>adul-</strong></span> 
     </span>
     <span class='ocr_line' id='line_1_24' title="bbox 315 3679 1487 3776; baseline -0.003 -20"><span class='ocrx_word' id='word_1_196' title='bbox 315 3681 447 3756; x_wconf 88' lang='lat' dir='ltr'><strong>teravit</strong></span> <span class='ocrx_word' id='word_1_197' title='bbox 473 3681 683 3776; x_wconf 82' lang='lat' dir='ltr'><strong>ecclesiam3</strong></span> <span class='ocrx_word' id='word_1_198' title='bbox 701 3687 739 3756; x_wconf 91' lang='lat' dir='ltr'><strong>et</strong></span> <span class='ocrx_word' id='word_1_199' title='bbox 756 3679 809 3755; x_wconf 89' lang='lat' dir='ltr'><strong>sic</strong></span> <span class='ocrx_word' id='word_1_200' title='bbox 825 3679 1033 3754; x_wconf 86' lang='lat' dir='ltr'><strong>Bonilacius</strong></span> <span class='ocrx_word' id='word_1_201' title='bbox 1057 3679 1153 3755; x_wconf 86' lang='lat' dir='ltr'><strong>bene</strong></span> <span class='ocrx_word' id='word_1_202' title='bbox 1178 3679 1246 3754; x_wconf 91' lang='lat' dir='ltr'><strong>luit</strong></span> <span class='ocrx_word' id='word_1_203' title='bbox 1265 3700 1412 3775; x_wconf 86' lang='lat' dir='ltr'><strong>poenam</strong></span> <span class='ocrx_word' id='word_1_204' title='bbox 1432 3679 1487 3753; x_wconf 93' lang='lat' dir='ltr'><strong>di-</strong></span> 
     </span>
     <span class='ocr_line' id='line_1_25' title="bbox 314 3789 1486 3900; baseline -0.001 -25"><span class='ocrx_word' id='word_1_205' title='bbox 314 3789 427 3900; x_wconf 87' lang='lat' dir='ltr'><strong>gnam</strong></span> <span class='ocrx_word' id='word_1_206' title='bbox 444 3802 534 3896; x_wconf 87' lang='lat' dir='ltr'><strong>quia</strong></span> <span class='ocrx_word' id='word_1_207' title='bbox 552 3801 678 3878; x_wconf 91' lang='lat' dir='ltr'><strong>rabida</strong></span> <span class='ocrx_word' id='word_1_208' title='bbox 696 3808 817 3875; x_wconf 88' lang='lat' dir='ltr'><strong>morte</strong></span> <span class='ocrx_word' id='word_1_209' title='bbox 838 3800 991 3896; x_wconf 91' lang='lat' dir='ltr'><strong>perdidit</strong></span> <span class='ocrx_word' id='word_1_210' title='bbox 1016 3807 1210 3896; x_wconf 86' lang='lat' dir='ltr'><strong>papatum:</strong></span> <span class='ocrx_word' id='word_1_211' title='bbox 1236 3805 1355 3896; x_wconf 91' lang='lat' dir='ltr'><strong>potest</strong></span> <span class='ocrx_word' id='word_1_212' title='bbox 1375 3801 1486 3875; x_wconf 89' lang='lat' dir='ltr'><strong>etiam</strong></span> 
     </span>
     <span class='ocr_line' id='line_1_26' title="bbox 315 3919 1488 4020; baseline -0.002 -24"><span class='ocrx_word' id='word_1_213' title='bbox 315 3922 466 4020; x_wconf 87' lang='lat' dir='ltr'><strong>intelligi</strong></span> <span class='ocrx_word' id='word_1_214' title='bbox 490 3922 537 3997; x_wconf 92' lang='lat' dir='ltr'><strong>de</strong></span> <span class='ocrx_word' id='word_1_215' title='bbox 562 3922 722 4018; x_wconf 86' lang='lat' dir='ltr'><strong>Philippo</strong></span> <span class='ocrx_word' id='word_1_216' title='bbox 740 3942 840 4018; x_wconf 83' lang='lat' dir='ltr'><strong>rege,</strong></span> <span class='ocrx_word' id='word_1_217' title='bbox 858 3920 922 4015; x_wconf 87' lang='lat' dir='ltr'><strong>qui</strong></span> <span class='ocrx_word' id='word_1_218' title='bbox 940 3919 1024 3998; x_wconf 88' lang='lat' dir='ltr'><strong>lecit</strong></span> <span class='ocrx_word' id='word_1_219' title='bbox 1040 3920 1233 3996; x_wconf 87' lang='lat' dir='ltr'><strong>ecclesiam</strong></span> <span class='ocrx_word' id='word_1_220' title='bbox 1254 3941 1400 3996; x_wconf 87' lang='lat' dir='ltr'><strong>servam</strong></span> <span class='ocrx_word' id='word_1_221' title='bbox 1422 3941 1488 4016; x_wconf 89' lang='lat' dir='ltr'><strong>pa·</strong></span> 
     </span>
     <span class='ocr_line' id='line_1_27' title="bbox 317 4034 1486 4139; baseline -0.005 -20"><span class='ocrx_word' id='word_1_222' title='bbox 317 4043 486 4120; x_wconf 90' lang='lat' dir='ltr'><strong>ciscendo</strong></span> <span class='ocrx_word' id='word_1_223' title='bbox 499 4034 536 4138; x_wconf 74' lang='lat'><strong>(⁸)</strong></span> <span class='ocrx_word' id='word_1_224' title='bbox 557 4042 713 4139; x_wconf 86' lang='lat' dir='ltr'><strong>turpiter</strong></span> <span class='ocrx_word' id='word_1_225' title='bbox 732 4062 819 4116; x_wconf 90' lang='lat' dir='ltr'><strong>cum</strong></span> <span class='ocrx_word' id='word_1_226' title='bbox 832 4041 1039 4135; x_wconf 82' lang='lat' dir='ltr'><strong>Clemente3</strong></span> <span class='ocrx_word' id='word_1_227' title='bbox 1056 4047 1093 4116; x_wconf 89' lang='lat' dir='ltr'><strong>et</strong></span> <span class='ocrx_word' id='word_1_228' title='bbox 1111 4041 1162 4116; x_wconf 91' lang='lat' dir='ltr'><strong>sic</strong></span> <span class='ocrx_word' id='word_1_229' title='bbox 1175 4041 1358 4136; x_wconf 85' lang='lat' dir='ltr'><strong>Philippus</strong></span> <span class='ocrx_word' id='word_1_230' title='bbox 1375 4041 1486 4116; x_wconf 89' lang='lat' dir='ltr'><strong>etiam</strong></span> 
     </span>
     <span class='ocr_line' id='line_1_28' title="bbox 317 4161 1488 4259; baseline 0 -22"><span class='ocrx_word' id='word_1_231' title='bbox 317 4164 355 4237; x_wconf 90' lang='lat' dir='ltr'><strong>in</strong></span> <span class='ocrx_word' id='word_1_232' title='bbox 379 4164 483 4239; x_wconf 86' lang='lat' dir='ltr'><strong>brevi</strong></span> <span class='ocrx_word' id='word_1_233' title='bbox 509 4164 578 4238; x_wconf 92' lang='lat' dir='ltr'><strong>luit</strong></span> <span class='ocrx_word' id='word_1_234' title='bbox 602 4185 761 4259; x_wconf 85' lang='lat' dir='ltr'><strong>poenam,</strong></span> <span class='ocrx_word' id='word_1_235' title='bbox 787 4163 882 4237; x_wconf 91' lang='lat' dir='ltr'><strong>sicut</strong></span> <span class='ocrx_word' id='word_1_236' title='bbox 910 4168 1018 4257; x_wconf 87' lang='lat' dir='ltr'><strong>poeta</strong></span> <span class='ocrx_word' id='word_1_237' title='bbox 1042 4161 1213 4238; x_wconf 81' lang='lat' dir='ltr'><strong>describit</strong></span> <span class='ocrx_word' id='word_1_238' title='bbox 1238 4161 1399 4236; x_wconf 90' lang='lat' dir='ltr'><strong>Paradisi</strong></span> <span class='ocrx_word' id='word_1_239' title='bbox 1425 4182 1488 4237; x_wconf 88' lang='lat' dir='ltr'><strong>ca·</strong></span> 
     </span>
     <span class='ocr_line' id='line_1_29' title="bbox 317 4281 1489 4379; baseline -0.002 -21"><span class='ocrx_word' id='word_1_240' title='bbox 317 4283 432 4379; x_wconf 88' lang='lat' dir='ltr'><strong>pitulo</strong></span> <span class='ocrx_word' id='word_1_241' title='bbox 458 4285 549 4358; x_wconf 86' lang='lat' dir='ltr'><strong>XIX.</strong></span> <span class='ocrx_word' id='word_1_242' title='bbox 576 4284 669 4358; x_wconf 87' lang='lat' dir='ltr'><strong>Nota</strong></span> <span class='ocrx_word' id='word_1_243' title='bbox 698 4283 808 4358; x_wconf 86' lang='lat' dir='ltr'><strong>etiam</strong></span> <span class='ocrx_word' id='word_1_244' title='bbox 834 4282 934 4376; x_wconf 87' lang='lat' dir='ltr'><strong>quod</strong></span> <span class='ocrx_word' id='word_1_245' title='bbox 966 4281 1003 4355; x_wconf 92' lang='lat' dir='ltr'><strong>in</strong></span> <span class='ocrx_word' id='word_1_246' title='bbox 1034 4281 1218 4357; x_wconf 87' lang='lat' dir='ltr'><strong>Florentia</strong></span> <span class='ocrx_word' id='word_1_247' title='bbox 1247 4282 1387 4357; x_wconf 81' lang='lat' dir='ltr'><strong>solebat</strong></span> <span class='ocrx_word' id='word_1_248' title='bbox 1407 4302 1489 4356; x_wconf 91' lang='lat' dir='ltr'><strong>esse</strong></span> 
     </span>
     <span class='ocr_line' id='line_1_30' title="bbox 317 4400 1490 4500; baseline -0.001 -23"><span class='ocrx_word' id='word_1_249' title='bbox 317 4404 487 4500; x_wconf 87' lang='lat' dir='ltr'><strong>quaedam</strong></span> <span class='ocrx_word' id='word_1_250' title='bbox 512 4404 633 4500; x_wconf 90' lang='lat' dir='ltr'><strong>opinio</strong></span> <span class='ocrx_word' id='word_1_251' title='bbox 659 4423 773 4499; x_wconf 87' lang='lat' dir='ltr'><strong>prava</strong></span> <span class='ocrx_word' id='word_1_252' title='bbox 797 4400 916 4497; x_wconf 87' lang='lat' dir='ltr'><strong>firma,</strong></span> <span class='ocrx_word' id='word_1_253' title='bbox 943 4401 1041 4497; x_wconf 89' lang='lat' dir='ltr'><strong>quod</strong></span> <span class='ocrx_word' id='word_1_254' title='bbox 1072 4401 1102 4476; x_wconf 93' lang='lat' dir='ltr'><strong>si</strong></span> <span class='ocrx_word' id='word_1_255' title='bbox 1135 4400 1217 4495; x_wconf 89' lang='lat' dir='ltr'><strong>quis</strong></span> <span class='ocrx_word' id='word_1_256' title='bbox 1248 4407 1393 4496; x_wconf 85' lang='lat' dir='ltr'><strong>poterat</strong></span> <span class='ocrx_word' id='word_1_257' title='bbox 1425 4420 1490 4476; x_wconf 87' lang='lat' dir='ltr'><strong>co-</strong></span> 
     </span>
     <span class='ocr_line' id='line_1_31' title="bbox 318 4521 1486 4620; baseline -0.002 -23"><span class='ocrx_word' id='word_1_258' title='bbox 318 4524 468 4600; x_wconf 86' lang='lat' dir='ltr'><strong>medere</strong></span> <span class='ocrx_word' id='word_1_259' title='bbox 491 4523 603 4600; x_wconf 81' lang='lat' dir='ltr'><strong>ollam</strong></span> <span class='ocrx_word' id='word_1_260' title='bbox 632 4543 744 4619; x_wconf 92' lang='lat' dir='ltr'><strong>super</strong></span> <span class='ocrx_word' id='word_1_261' title='bbox 775 4543 910 4620; x_wconf 85' lang='lat' dir='ltr'><strong>eorpus</strong></span> <span class='ocrx_word' id='word_1_262' title='bbox 941 4521 1120 4596; x_wconf 87' lang='lat' dir='ltr'><strong>interlecti</strong></span> <span class='ocrx_word' id='word_1_263' title='bbox 1150 4542 1173 4595; x_wconf 90' lang='lat' dir='ltr'><strong>a</strong></span> <span class='ocrx_word' id='word_1_264' title='bbox 1204 4541 1256 4612; x_wconf 83' lang='lat' dir='ltr'><strong>se,</strong></span> <span class='ocrx_word' id='word_1_265' title='bbox 1281 4541 1486 4614; x_wconf 86' lang='lat' dir='ltr'><strong>numquam</strong></span> 
     </span>
     <span class='ocr_line' id='line_1_32' title="bbox 317 4629 1489 4778; baseline -0.003 -59"><span class='ocrx_word' id='word_1_266' title='bbox 317 4644 474 4739; x_wconf 90' lang='lat' dir='ltr'><strong>amplius</strong></span> <span class='ocrx_word' id='word_1_267' title='bbox 499 4643 609 4720; x_wconf 89' lang='lat' dir='ltr'><strong>tiebat</strong></span> <span class='ocrx_word' id='word_1_268' title='bbox 640 4644 798 4720; x_wconf 85' lang='lat' dir='ltr'><strong>vindicta</strong></span> <span class='ocrx_word' id='word_1_269' title='bbox 826 4644 873 4778; x_wconf 73' lang='lat' dir='ltr'><strong>de</strong></span> <span class='ocrx_word' id='word_1_270' title='bbox 904 4643 966 4718; x_wconf 93' lang='lat' dir='ltr'><strong>illo</strong></span> <span class='ocrx_word' id='word_1_271' title='bbox 992 4643 1073 4737; x_wconf 87' lang='lat' dir='ltr'><strong>tali;</strong></span> <span class='ocrx_word' id='word_1_272' title='bbox 1101 4649 1139 4718; x_wconf 92' lang='lat' dir='ltr'><strong>et</strong></span> <span class='ocrx_word' id='word_1_273' title='bbox 1169 4643 1239 4717; x_wconf 90' lang='lat' dir='ltr'><strong>lroc</strong></span> <span class='ocrx_word' id='word_1_274' title='bbox 1270 4642 1437 4717; x_wconf 87' lang='lat' dir='ltr'><strong>iecerunt</strong></span> <span class='ocrx_word' id='word_1_275' title='bbox 1450 4629 1489 4736; x_wconf 71' lang='lat'><strong>(⁴)</strong></span> 
     </span>
    </p>
   </div>
   <div class='ocr_carea' id='block_1_5' title="bbox 379 4865 1332 5095">
    <p class='ocr_par' dir='ltr' id='par_1_5' title="bbox 379 4865 1332 5095">
     <span class='ocr_line' id='line_1_33' title="bbox 380 4865 1039 4940; baseline 0.003 -16"><span class='ocrx_word' id='word_1_276' title='bbox 380 4872 407 4938; x_wconf 77' lang='lat'><strong>(¹)</strong></span> <span class='ocrx_word' id='word_1_277' title='bbox 425 4876 470 4925; x_wconf 84' lang='grc'><strong>111</strong></span> <span class='ocrx_word' id='word_1_278' title='bbox 486 4886 501 4925; x_wconf 83' lang='lat' dir='ltr'><strong>e</strong></span> <span class='ocrx_word' id='word_1_279' title='bbox 516 4874 547 4924; x_wconf 83' lang='lat' dir='ltr'><strong>E.</strong></span> <span class='ocrx_word' id='word_1_280' title='bbox 564 4887 624 4938; x_wconf 80' lang='lat' dir='ltr'><strong>pm</strong></span> <span class='ocrx_word' id='word_1_281' title='bbox 639 4874 774 4939; x_wconf 73' lang='lat' dir='ltr'><strong>generalis,</strong></span> <span class='ocrx_word' id='word_1_282' title='bbox 792 4875 819 4925; x_wconf 90' lang='lat' dir='ltr'><strong>in</strong></span> <span class='ocrx_word' id='word_1_283' title='bbox 834 4888 894 4940; x_wconf 76' lang='lat' dir='ltr'><strong>qur.</strong></span> <span class='ocrx_word' id='word_1_284' title='bbox 1037 4865 1039 4868; x_wconf 63' lang='grc'>’</span> 
     </span>
     <span class='ocr_line' id='line_1_34' title="bbox 379 4949 1332 5019; baseline 0.005 -18"><span class='ocrx_word' id='word_1_285' title='bbox 379 4951 407 5012; x_wconf 79' lang='lat'><strong>(¹)</strong></span> <span class='ocrx_word' id='word_1_286' title='bbox 425 4953 479 5011; x_wconf 83' lang='grc'><strong>111,</strong></span> <span class='ocrx_word' id='word_1_287' title='bbox 495 4955 535 5001; x_wconf 79' lang='lat' dir='ltr'><strong>eat</strong></span> <span class='ocrx_word' id='word_1_288' title='bbox 550 4951 736 5002; x_wconf 74' lang='lat' dir='ltr'><strong>advertendum</strong></span> <span class='ocrx_word' id='word_1_289' title='bbox 752 4953 825 5003; x_wconf 73' lang='lat' dir='ltr'><strong>bene</strong></span> <span class='ocrx_word' id='word_1_290' title='bbox 950 4949 977 5016; x_wconf 78' lang='lat'><strong>(¹)</strong></span> <span class='ocrx_word' id='word_1_291' title='bbox 992 4953 1023 5003; x_wconf 84' lang='lat' dir='ltr'><strong>E.</strong></span> <span class='ocrx_word' id='word_1_292' title='bbox 1040 4953 1197 5018; x_wconf 71' lang='lat' dir='ltr'><strong>pacificando</strong></span> <span class='ocrx_word' id='word_1_293' title='bbox 1213 4957 1332 5019; x_wconf 84' lang='lat' dir='ltr'><strong>turpiter.</strong></span> 
     </span>
     <span class='ocr_line' id='line_1_35' title="bbox 381 5026 982 5095; baseline 0.008 -18"><span class='ocrx_word' id='word_1_294' title='bbox 381 5026 409 5090; x_wconf 71' lang='lat'><strong>(⁸)</strong></span> <span class='ocrx_word' id='word_1_295' title='bbox 426 5030 480 5090; x_wconf 83' lang='grc'><strong>111,</strong></span> <span class='ocrx_word' id='word_1_296' title='bbox 496 5026 617 5080; x_wconf 65' lang='lat' dir='ltr'><strong>moerent</strong></span> <span class='ocrx_word' id='word_1_297' title='bbox 632 5029 770 5094; x_wconf 59' lang='lat' dir='ltr'><strong>Quando</strong></span> <span class='ocrx_word' id='word_1_298' title='bbox 785 5029 866 5095; x_wconf 75' lang='lat' dir='ltr'><strong>ullqnl</strong></span> <span class='ocrx_word' id='word_1_299' title='bbox 880 5029 982 5081; x_wconf 77' lang='lat' dir='ltr'><strong>lanosi.</strong></span> 
     </span>
    </p>
   </div>
   <div class='ocr_carea' id='block_1_6' title="bbox 0 0 2186 6692">
    <p class='ocr_par' dir='ltr' id='par_1_6' title="bbox 0 0 2186 6692">
     <span class='ocr_line' id='line_1_36' title="bbox 0 0 2186 6692; baseline 0 0"><span class='ocrx_word' id='word_1_300' title='bbox 0 0 2186 6692; x_wconf 95' lang='lat' dir='ltr'><strong> </strong></span> 
     </span>
    </p>
   </div>
  </div>
 </body>
</html>
