4342 6692
686 906 757 973 168
1046 916 1251 971 conuuruu
1276 914 1498 971 ruaonmnu

637 1059 657 1104 u
684 1061 782 1157 didit,
803 1064 1026 1155 pomooera,
1043 1062 1131 1156 quia
1155 1060 1304 1137 intrarit
1319 1062 1446 1137 locum
1468 1060 1719 1136 tenebrarum.
1746 1060 1791 1133 nt
1807 1060 1859 1135 sie

683 1188 770 1257 uota
805 1190 986 1278 quantum
1021 1182 1247 1277 eomparatio
1284 1188 1339 1257 est
1373 1180 1540 1277 propria:
1580 1200 1666 1254 nam
1707 1180 1860 1276 Proser-

682 1302 768 1398 pina
793 1303 1016 1397 pulcerrima
1045 1304 1193 1378 iuventa
1225 1301 1342 1377 estin
1379 1306 1485 1397 prato
1514 1300 1654 1395 florido,
1683 1300 1857 1397 oolligeus

684 1421 829 1495 diversa
854 1443 992 1518 genera
1022 1422 1169 1516 llorum,
1189 1422 1298 1518 juxta
1329 1426 1494 1495 montem
1527 1420 1591 1514 qui
1621 1440 1669 1494 ex
1699 1420 1856 1494 summi·

688 1547 763 1616 tate
792 1539 924 1614 emittit
956 1541 1081 1638 ignem
1115 1540 1213 1637 apud
1238 1542 1359 1616 laeum
1388 1539 1672 1634 lucidissimum3
1702 1540 1752 1613 lta
1781 1539 1857 1613 Ma·

686 1662 805 1736 tundis
831 1662 912 1735 talis
936 1681 1003 1757 per
1026 1662 1151 1736 omnia
1175 1661 1323 1737 iuventa
1352 1661 1470 1736 estin
1501 1666 1624 1735 moute
1653 1658 1857 1756 purgatorii

685 1782 890 1877 propinqua
914 1781 988 1878 igni
1014 1788 1052 1857 et
1076 1782 1157 1856 rivo
1182 1781 1389 1878 purissimo,
1407 1782 1579 1877 colligens
1599 1781 1708 1855 liores
1724 1786 1792 1855 etc.
1810 1780 1857 1855 Ut

657 1852 663 1994 ,l
685 1923 777 1998 ergo
801 1901 1017 1977 concludam
1036 1923 1111 1977 uuo
1132 1903 1258 1998 verbo,
1275 1910 1382 1998 poeta
1400 1903 1480 1978 vult
1496 1902 1637 1977 dicere:
1660 1909 1701 1975 tu
1722 1900 1855 1977 videris

658 2007 660 2022 '
685 2022 775 2095 milri
800 2042 874 2096 una
899 2023 975 2097 llea
1001 2023 1140 2118 pulcra,
1166 2025 1330 2117 honesta,
1352 2022 1470 2117 qualis
1495 2028 1550 2098 est
1571 2023 1685 2097 Diana
1702 2022 1777 2097 dea'
1793 2042 1856 2097 ca·

659 2142 824 2238 ¹utitatis,
859 2164 944 2237 quae
977 2149 1032 2219 est
1057 2144 1227 2239 quaedam
1259 2144 1386 2239 regina
1422 2144 1559 2218 mundi.
1573 2183 1623 2197 -
1642 2148 1754 2218 Come.
1790 2142 1856 2217 llic

684 2270 792 2359 poeta
817 2263 973 2337 ostendit
998 2264 1156 2357 qualiter
1180 2263 1355 2337 Mathildis
1381 2284 1555 2359 persuasa
1580 2263 1746 2338 oratione
1775 2262 1855 2337 eius

686 2382 872 2458 exaudivit
897 2404 984 2458 eum
1011 2403 1077 2479 per
1102 2384 1413 2479 comparationem
1439 2384 1606 2478 pulcram
1637 2389 1673 2459 et
1702 2384 1854 2458 claram.

684 2505 788 2580 Unde
812 2504 916 2579 dicit:
950 2506 1090 2595 Volsoni,
1117 2504 1177 2579 illa
1193 2504 1353 2598 domina,
1373 2504 1475 2577 verso
1492 2525 1558 2595 nae,
1577 2504 1640 2578 uhi
1656 2504 1775 2599 primo
1793 2523 1854 2578 re-

687 2625 860 2721 spiciebat
885 2646 972 2699 suos
996 2627 1117 2719 florea,
1149 2646 1190 2699 stt
1214 2628 1229 2699 ι’
1249 2627 1377 2717 fierent
1405 2625 1565 2715 aemuli
1589 2646 1608 2695 e
1635 2645 1677 2697 su
1700 2626 1714 2695 i
1741 2624 1852 2713 piulli,

686 2747 750 2842 qui
784 2751 869 2820 sunt
903 2744 952 2819 ihi
980 2746 1211 2820 diversorum
1241 2746 1420 2839 colorum,
1450 2765 1522 2817 non
1547 2746 1746 2835 emmena
1778 2730 1861 2818 imo

686 2866 862 2959 similiter,
887 2868 947 2939 cle
971 2870 1113 2958 rapine
1137 2870 1196 2939 olle
1211 2868 1262 2958 pn·
1279 2866 1375 2939 orodi
1393 2868 1502 2939 onesii
1517 2866 1660 2955 amelli,
1677 2864 1780 2959 idest,
1798 2866 1854 2938 iu-

685 2985 802 3060 cliuet.
818 2985 864 3059 ad
889 2990 1041 3079 terram,
1062 2985 1150 3079 quia
1174 2992 1254 3061 erat
1280 2985 1408 3079 pulcra
1434 2991 1470 3060 et
1495 2984 1636 3079 pudica,
1655 2983 1739 3059 lieet
1758 2991 1855 3059 esset

684 3105 950 3199 inamorata3a
975 3104 1094 3199 simili,
1111 3126 1207 3179 come
1227 3108 1347 3179 doum
1367 3108 1426 3179 ode
1449 3106 1546 3197 balli,
1558 3105 1705 3200 juvenis
1726 3105 1854 3201 pulcra

684 3226 779 3300 sicut
803 3225 883 3319 ista,
907 3227 939 3298 si
964 3229 1063 3317 volpe
1087 3246 1153 3298 con
1178 3228 1208 3299 le
1230 3228 1349 3317 pionte
1372 3232 1487 3299 strette
1511 3246 1536 3297 a
1561 3233 1672 3315 tera,
1697 3230 1734 3297 et
1759 3223 1854 3298 iutra

684 3368 725 3423 se
748 3352 833 3441 apte
857 3351 895 3420 el
911 3346 1090 3440 habiliter,
1108 3348 1239 3438 epiede
1259 3348 1406 3419 innanzi
1420 3366 1445 3417 a
1463 3347 1562 3438 piade
1579 3366 1603 3417 a
1619 3364 1713 3437 pene
1735 3350 1853 3436 metle;

684 3466 771 3562 quia
797 3467 858 3540 vir
876 3466 1021 3541 videtur
1038 3472 1190 3561 tangere
1207 3471 1357 3539 terram.
1376 3466 1420 3539 Et
1436 3466 1519 3540 fecit
1534 3458 1571 3557 (⁴)
1590 3464 1685 3539 sicut
1702 3463 1850 3537 domina

685 3586 921 3682 magnanima
947 3606 1031 3678 quae
1060 3585 1262 3661 delectatur
1290 3586 1421 3661 audire
1445 3592 1482 3661 et
1506 3584 1632 3660 videre
1661 3582 1758 3659 viros
1787 3604 1852 3659 va-

684 3708 799 3782 lentes
824 3713 862 3782 et
887 3706 1067 3801 sapienter
1093 3706 1175 3781 licet
1205 3727 1278 3780 nou
1312 3706 1383 3781 sint
1411 3706 1546 3803 puleri3
1573 3706 1671 3780 unde
1696 3705 1800 3781 dicit:
1834 3728 1853 3779 e

681 3832 755 3922 fece
771 3831 784 3900 i
799 3829 926 3919 prepld
940 3829 1020 3899 miei
1035 3848 1130 3899 esser
1142 3829 1302 3918 ceonred,
1321 3818 1351 3899 sl
1367 3828 1609 3918 appressando
1629 3821 1679 3916 sd,
1697 3824 1798 3919 idest,
1817 3825 1853 3898 ln

686 3953 841 4039 tautum,
866 3948 926 4019 alte
941 3948 968 4020 'l
984 3948 1082 4019 dolce
1097 3968 1221 4038 mono,
1239 3946 1297 4020 sui
1313 3952 1454 4039 cautus,
1477 3948 1579 4019 uenia
1599 3966 1624 4017 a
1641 3966 1694 4018 me
1717 3948 1854 4019 oo'suoi

683 4068 941 4159 interminorum
975 4067 1045 4140 hoc
1076 4074 1142 4161 eet,
1169 4066 1267 4160 quod
1297 4072 1464 4162 poteram
1500 4064 1703 4161 intelligere
1731 4066 1852 4160 ipsum

684 4192 833 4281 propter
846 4184 1223 4280 propinquitatem-
1234 4192 1345 4259 Tosto.
1360 4185 1425 4261 Hie
1443 4191 1549 4281 poeta
1562 4184 1719 4260 ostendit
1736 4184 1852 4259 maio-

685 4326 765 4381 rem
790 4305 948 4401 gratiam
972 4305 1075 4379 istius
1101 4305 1258 4381 liberalis
1284 4305 1452 4400 dominae,
1472 4305 1559 4400 quia
1584 4326 1657 4379 nou
1682 4311 1852 4381 contenta

683 4426 825 4501 venisse
850 4426 896 4501 de
923 4446 1037 4522 prope
1060 4425 1207 4523 dignata
1233 4434 1288 4502 est
1312 4427 1438 4501 levare
1462 4426 1588 4501 oculos
1614 4447 1700 4501 suos
1725 4428 1851 4521 plenos

681 4547 830 4641 amoris,
856 4554 894 4621 et
919 4552 1007 4621 tuuc
1033 4548 1109 4622 visa
1135 4554 1190 4621 est
1209 4546 1277 4623 sibi
1301 4546 1462 4642 pulcrior
1487 4546 1648 4642 Venere3
1675 4547 1774 4622 unde
1795 4546 1851 4622 di·

681 4667 749 4742 cit:
775 4673 813 4741 et
837 4667 899 4741 illa
923 4666 1082 4762 domina,
1109 4669 1158 4739 mi
1177 4671 1251 4762 [ece
1267 4670 1374 4759 dono,
1392 4666 1494 4761 idest,
1512 4666 1681 4763 gratiam,
1698 4669 1736 4742 di
1752 4670 1851 4741 lavor

682 4790 937 4880 alterationi,
956 4787 1088 4881 quibus
1101 4789 1183 4881 plus
1199 4789 1360 4882 placeret
1379 4787 1476 4882 milri,
1494 4794 1582 4861 tosto
1602 4790 1662 4861 cde
1675 4791 1730 4881 fu,
1748 4786 1850 4880 idest,

745 5050 772 5110 (¹)
787 5049 819 5098 E.
835 5048 869 5099 Et
883 5047 946 5099 sadi
960 5049 1036 5099 sicut
