4342 6692
738 922 877 978 usurus
901 875 1127 979 reuersurus.
1444 912 1513 981 213

345 1066 444 1140 euim
466 1067 637 1162 relinquit
654 1067 762 1143 tacite
778 1068 905 1143 lectori
922 1068 1240 1164 considerandum,
1260 1071 1358 1166 quod
1374 1071 1420 1147 ad
1438 1072 1513 1168 pri-

346 1208 450 1263 mum
476 1194 712 1284 conspectum
737 1188 840 1264 istius
864 1190 1029 1265 mulieris
1059 1192 1144 1265 alte
1170 1192 1246 1287 ipse
1271 1192 1338 1266 luit
1363 1200 1515 1288 stupore

346 1327 561 1403 percussus3
587 1310 651 1385 sed
677 1310 847 1406 Virgilius
872 1311 1005 1387 timore
1037 1311 1187 1387 territus
1217 1312 1339 1387 statim
1365 1314 1515 1387 evanuit

345 1429 476 1504 alacie
501 1430 603 1505 istius
628 1430 794 1505 mulieris
810 1432 976 1525 potentis,
995 1454 1108 1526 quam
1127 1431 1267 1507 viderat
1284 1453 1441 1529 surgere
1458 1432 1514 1506 iu-

346 1556 404 1624 ter
429 1570 561 1625 manus
586 1550 817 1646 augelorum,
842 1549 935 1625 idest
961 1552 1228 1648 theologorum,
1253 1557 1289 1625 et
1314 1552 1448 1647 refugit
1468 1552 1514 1626 ad

346 1667 530 1745 internum
555 1670 601 1745 ad
622 1669 792 1745 standum
819 1670 914 1745 iuter
930 1671 1160 1767 pbilosopbos
1177 1679 1214 1746 et
1231 1678 1375 1767 poetas3
1393 1678 1431 1747 et
1448 1693 1515 1746 vo·

346 1792 471 1867 luisset
495 1792 650 1867 libenter
673 1791 797 1867 dicere
821 1791 946 1867 Danti:
973 1791 1106 1866 amodo
1133 1793 1300 1887 relinquo
1329 1800 1367 1867 te
1396 1792 1515 1866 mani-

345 1912 415 1986 bus
439 1913 595 1987 istorum
612 1912 676 2006 qui
696 1912 900 2006 loquuntur
916 1933 1003 1986 cum
1021 1914 1109 2007 Der),
1127 1912 1189 1987 sed
1211 1913 1322 1988 timor
1340 1934 1413 1987 uou
1430 1933 1515 2007 per-

346 2032 451 2106 misit.
479 2032 569 2107 Dicit
593 2052 685 2129 ergo
710 2040 834 2127 poeta:
853 2037 916 2106 Ma
940 2035 1083 2124 Virgilio
1108 2036 1143 2105 o’
1156 2054 1244 2105 acea
1261 2036 1397 2107 lascioti
1411 2036 1515 2106 scemt

344 2154 382 2224 di
405 2173 454 2243 se,
480 2152 615 2227 scilicet
641 2166 702 2226 me
733 2158 770 2227 et
800 2151 956 2226 Statium
990 2152 1240 2246 christianum,
1274 2154 1336 2247 qui
1369 2160 1407 2229 et
1437 2154 1514 2248 ipse

344 2270 516 2347 tendebat
539 2272 586 2347 ad
611 2273 760 2346 coelum.
787 2272 831 2344 Et
854 2272 957 2345 dicit:
990 2275 1146 2366 Virgilio,
1167 2275 1362 2345 dolcissimo
1384 2276 1511 2365 padre,

345 2390 436 2467 idest
448 2386 499 2484 (¹),
524 2390 716 2467 videbatur
747 2390 815 2464 sibi
847 2390 1121 2465 amarissimum
1154 2390 1337 2466 dimittere
1368 2398 1511 2466 tautum

345 2517 491 2606 poetam
517 2512 580 2605 qui
610 2511 747 2587 iecerat
775 2510 842 2585 sibi
873 2511 989 2605 viam3
1016 2518 1053 2586 et
1083 2512 1214 2606 repetit
1243 2512 1289 2587 ad
1319 2512 1512 2586 cumulum

345 2630 495 2705 maioris
518 2630 673 2705 doloris:
698 2633 841 2722 Vr'rplllo
857 2652 881 2703 a
897 2634 953 2705 cui
976 2634 1080 2705 diemi
1098 2652 1167 2725 per
1187 2635 1259 2705 mio
1278 2634 1399 2726 salue,
1426 2630 1513 2726 quia

346 2751 510 2826 commisi
532 2771 592 2825 me
610 2751 812 2847 regendum
830 2758 868 2826 et
884 2751 1094 2827 ducendum
1111 2753 1188 2846 sibi,
1203 2760 1244 2825 ut
1261 2753 1377 2847 patuit
1393 2753 1514 2848 primo

347 2878 385 2945 et
407 2870 570 2945 secundo
595 2870 753 2965 capitulo
777 2870 922 2946 luterni.
935 2910 984 2925 -
998 2868 1059 2945 Nol
1085 2872 1150 2945 llic
1179 2882 1286 2967 poeta
1317 2876 1397 2966 post
1421 2891 1514 2965 que-

348 2991 463 3067 relam
496 2989 611 3086 tangit
644 2991 829 3084 planctum
862 3012 986 3084 suum,
1011 2996 1048 3065 et
1073 2992 1152 3065 vult
1186 2990 1347 3065 breviter
1379 2991 1513 3086 dicere,

347 3110 445 3203 quod
471 3117 546 3185 tota
571 3110 721 3185 felicitas
736 3109 832 3184 illius
848 3110 916 3185 loci
934 3132 1007 3185 nou
1025 3110 1143 3205 potuit
1159 3110 1346 3207 obsistere,
1365 3131 1411 3187 ue
1427 3132 1513 3207 pro·

348 3237 539 3326 rumperet
562 3230 600 3304 iu
624 3230 818 3327 lacrymas,
836 3237 936 3305 tauta
961 3230 1029 3305 luit
1049 3232 1103 3304 vis
1128 3230 1272 3306 doloris.
1295 3232 1386 3307 Dicit
1403 3237 1512 3328 ergo:

347 3348 401 3425 Ne*
422 3358 655 3443 quacunque,
680 3349 782 3445 idest,
808 3349 981 3444 quicquid
1005 3349 1232 3445 deliciarum,
1252 3354 1386 3443 perdeo
1410 3354 1514 3424 lan-

345 3475 414 3545 tr'ca
438 3475 576 3561 madre,
601 3470 692 3546 idest
722 3469 877 3566 perdidit
901 3471 989 3564 Eva,
1014 3473 1111 3545 oalse
1141 3473 1209 3543 alle
1239 3492 1385 3562 mauce,
1411 3470 1513 3566 idest,

345 3591 497 3687 proiecit
519 3590 624 3687 genis
650 3590 752 3685 meis,
777 3597 864 3665 neue
891 3593 929 3664 di
958 3593 1127 3681 rupiaco,
1153 3591 1240 3685 quia
1266 3590 1436 3688 Virgilius
1461 3592 1514 3667 la-

345 3719 450 3787 verat
474 3710 542 3785 sibi
566 3710 695 3786 faciem
721 3730 808 3785 rore
824 3710 862 3785 iu
880 3710 1064 3787 maritima
1080 3710 1152 3805 illa,
1170 3712 1229 3785 vel
1247 3710 1423 3808 diogenis
1441 3733 1513 3786 nou

346 3832 498 3907 madidis
523 3852 621 3927 rore,
647 3832 809 3925 quinon
839 3831 935 3907 eadit
958 3831 1019 3925 ibi,
1045 3830 1151 3925 quasi
1183 3831 1299 3906 dicat:
1328 3831 1387 3905 ubi
1414 3833 1514 3907 nulle

347 3957 464 4048 potest
488 3972 569 4027 esse
593 3950 773 4045 alteratio,
800 3950 863 4024 ubi
888 3971 962 4025 nou
986 3956 1105 4045 potest
1130 3952 1259 4045 pluere
1276 3972 1345 4045 ego
1363 3950 1513 4046 ploravi.

346 4072 432 4147 Ideo
455 4070 559 4147 dicit:
578 4074 637 4145 cle
654 4072 878 4162 lagrimando
894 4090 967 4142 noo
983 4076 1165 4143 tornasser
1184 4072 1286 4160 adro,
1304 4069 1406 4162 idest,
1423 4078 1514 4145 atrae

348 4194 406 4267 rel
430 4192 611 4287 obscure,
636 4192 731 4267 sicut
759 4191 889 4266 accidit
922 4190 959 4265 iu
991 4190 1149 4283 planctu.
1181 4190 1224 4263 ut
1254 4210 1326 4265 uou
1359 4191 1514 4286 mireris,

347 4314 472 4409 lector,
498 4316 528 4389 si
553 4315 688 4389 Dantes
712 4313 847 4387 dimisit
870 4310 1062 4408 Virgilium
1097 4331 1182 4386 cum
1217 4310 1363 4405 planctu
1395 4318 1444 4407 et
1461 4312 1515 4387 le·

346 4434 492 4530 crymis,
519 4434 579 4508 cui
603 4434 755 4509 dederat
779 4452 930 4527 operam
954 4452 978 4505 a
1004 4430 1172 4527 pueritia,
1198 4430 1401 4505 secuudum
1427 4430 1515 4505 illud

347 4555 539 4651 Augustini
565 4554 685 4650 primo
708 4554 755 4629 de
771 4553 924 4627 Ciuitate
941 4551 1005 4627 Dei
1026 4550 1125 4625 eirca
1143 4550 1379 4647 principium;
1397 4551 1517 4648 Virgi-

346 4675 437 4751 lium
470 4673 552 4749 ideo
582 4674 689 4769 pueri
713 4675 840 4769 legunt
867 4679 906 4746 ut
932 4677 1054 4766 poeta.
1078 4692 1235 4767 maguus
1273 4672 1515 4765 omniumque

346 4793 645 4891 preclarissimus
684 4799 798 4887 atque
839 4792 999 4887 optimus
1041 4792 1176 4867 teneris
1218 4791 1373 4868 ebibitus
1411 4791 1515 4865 aunis

409 5056 437 5120 (Ἰ
453 5054 515 5105 E.e
532 5057 586 5112 mr.
601 5053 659 5105 ideo
675 5054 819 5106 rldcbtlur.
