4342 6692
677 898 748 969 m
1066 913 1272 973 conturna
1296 917 1461 971 nannum

677 1080 754 1155 qno
777 1058 915 1133 dietum
941 1064 997 1133 est
1019 1058 1058 1134 ln
1083 1060 1302 1154 precedenti
1328 1061 1498 1157 capitulo,
1518 1064 1577 1136 del
1597 1065 1766 1159 deserere
1789 1088 1850 1139 ro-

676 1199 763 1271 ano,
788 1177 890 1272 idest,
915 1178 1082 1273 paradisi,
1108 1179 1172 1273 qui
1198 1186 1253 1255 est
1278 1200 1436 1277 regnum
1462 1180 1654 1261 consume
1676 1184 1848 1280 insinuo,

674 1322 737 1373 reu
758 1305 926 1392 porluvu,
952 1299 989 1373 in
1014 1300 1150 1374 ooelum
1178 1300 1351 1395 primum,
1378 1305 1498 1395 ueloci,
1529 1302 1633 1397 idest,
1659 1306 1847 1400 uelociter,

675 1423 777 1517 quusi
800 1440 895 1494 coare
910 1421 937 1493 'l
957 1421 1022 1494 olel
1044 1422 1168 1494 vedum
1196 1420 1239 1493 El
1265 1422 1344 1495 vult
1368 1421 1407 1495 in
1431 1421 1565 1497 ellectu
1591 1424 1726 1520 dicere,
1749 1426 1847 1520 quod

675 1559 808 1636 magna
833 1538 977 1615 affectio
1004 1538 1180 1614 naturalis
1197 1540 1341 1615 videndi
1359 1541 1509 1617 beatum
1535 1562 1693 1640 regnum
1721 1547 1846 1620 trahe-

673 1660 737 1733 bat
761 1679 826 1733 eos
849 1679 937 1734 enm
963 1680 1110 1734 summa
1137 1661 1328 1736 uelocitate
1348 1661 1551 1737 seeundum
1580 1670 1722 1738 motum
1750 1666 1843 1759 omli,

673 1778 720 1854 de
744 1780 852 1853 euius
876 1780 1069 1856 uelocitate
1098 1780 1236 1855 dietum
1267 1788 1322 1857 eat
1353 1781 1389 1856 in
1423 1783 1642 1877 praeoedenti
1665 1786 1843 1880 capitulo:

673 1903 832 1974 Beolra'ee
854 1902 1045 1992 eumdum
1067 1904 1106 1975 in
1136 1922 1231 1995 nuo,
1259 1902 1407 1996 seilicet,
1433 1902 1479 1978 ud
1511 1904 1660 1999 ooelum,
1687 1907 1773 2001 quia
1798 1908 1845 1983 ad

673 2021 791 2096 llenm
819 2021 942 2096 omnia
967 2022 1092 2116 refert,
1118 2029 1151 2097 et
1172 2025 1208 2096 lo
1232 2044 1257 2097 a
1283 2025 1339 2115 lei,
1356 2022 1442 2118 quia
1469 2044 1542 2099 non
1568 2024 1635 2099 nisl
1661 2027 1845 2103 mediante

672 2160 718 2215 ea
742 2146 888 2235 poterat
912 2142 1038 2217 videre
1061 2142 1235 2218 ooelestia.
1255 2144 1298 2216 Et
1315 2142 1436 2219 subdit
1453 2145 1617 2219 velocem
1636 2146 1843 2241 ingressum

672 2280 739 2356 per
774 2281 886 2335 unam
916 2262 1228 2358 comparationem
1267 2263 1420 2358 claram,
1450 2262 1597 2339 dioens:
1631 2286 1649 2339 e
1679 2270 1778 2360 forre
1805 2270 1844 2340 ln

673 2383 785 2474 toruo,¹
815 2383 853 2454 ia
881 2388 1011 2475 quanto
1035 2404 1084 2456 uu
1110 2385 1260 2474 quudrel
1281 2404 1388 2475 poro,
1417 2383 1563 2478 scilieet,
1590 2384 1628 2459 in
1661 2385 1800 2481 balista,
1825 2406 1845 2459 e

673 2504 755 2575 uolo
774 2524 794 2575 e
811 2505 844 2575 ei
862 2505 1042 2577 molium
1056 2504 1150 2577 aella
1174 2522 1272 2596 uoce,
1295 2510 1333 2579 et
1352 2508 1406 2578 eal
1427 2503 1485 2577 hie
1500 2497 1536 2597 (¹)
1556 2506 1843 2600 prepostemtlo,

672 2622 760 2717 quia
790 2622 928 2719 sagipla
953 2623 1073 2718 primo
1098 2622 1331 2717 diselavulur,
1355 2630 1393 2699 el
1424 2630 1550 2718 postea
1584 2626 1693 2719 volat,
1724 2628 1844 2701 millam

671 2746 805 2836 oiunlo,
832 2742 979 2837 scilieet,
1004 2743 1052 2816 ad
1075 2743 1211 2837 locum,
1238 2765 1302 2816 one
1317 2745 1459 2818 mirulll
1476 2764 1572 2838 coro,
1595 2744 1740 2839 seilicet,
1758 2766 1842 2821 oor-

670 2884 740 2959 pus
764 2864 873 2956 luna,
898 2866 948 2937 aa
971 2866 1114 2937 tursolt
1138 2866 1225 2957 tiso,
1253 2863 1400 2959 scilieet,
1426 2864 1722 2960 intellectualem,
1742 2886 1768 2938 a
1792 2864 1839 2941 θεῖ

669 2984 714 3058 Et
738 2983 797 3059 hie
822 2992 908 3059 nota
925 2984 1024 3078 qnod
1037 2974 1076 3076 l')
1095 3004 1183 3060 vere
1200 2985 1287 3058 luna
1304 2990 1360 3061 est
1377 2984 1543 3059 miranda
1564 3006 1635 3080 rea,
1655 2988 1742 3081 quia
1760 2989 1841 3083 plna

670 3104 835 3179 variatur
860 3125 972 3198 qnam
998 3103 1096 3178 aliud
1121 3124 1256 3199 corpus
1286 3105 1446 3199 celeste,
1473 3124 1572 3180 nune
1596 3106 1715 3201 plena,
1742 3126 1840 3183 nune

669 3245 799 3319 uacua,
825 3244 924 3299 nune
948 3223 1080 3315 media,
1106 3242 1204 3299 nunc
1229 3230 1397 3318 cornuta,
1415 3229 1452 3299 et
1473 3225 1555 3321 plus
1576 3232 1699 3301 movet
1719 3234 1757 3301 et
1775 3246 1839 3301 va-

668 3343 739 3418 riat
763 3345 830 3419 ista
854 3342 1026 3418 inferiora
1053 3344 1196 3419 ratione
1221 3343 1421 3419 velocitatis
1437 3350 1474 3420 et
1491 3344 1682 3419 vicinitatis
1698 3346 1745 3419 ad
1763 3353 1839 3420 ter·

668 3486 768 3557 ram;
794 3464 894 3540 unde
913 3468 1147 3561 congregate
1166 3472 1252 3538 sunt
1269 3464 1305 3538 in
1323 3485 1367 3539 ea
1385 3484 1514 3540 omnes
1534 3465 1689 3539 virtutes
1703 3456 1740 3559 (³)
1759 3486 1838 3541 mo·

667 3584 830 3660 rentium
864 3584 1109 3680 superiorum.
1140 3584 1225 3659 ldeo
1257 3592 1382 3661 movet
1408 3606 1512 3661 mare
1542 3605 1589 3660 en
1618 3606 1659 3661 se
1689 3586 1775 3681 ipen,
1801 3594 1837 3661 et

669 3704 803 3780 uirtute
828 3705 976 3779 luminis
1000 3704 1100 3799 qnod
1126 3710 1320 3779 mutuatur
1343 3724 1366 3779 a
1392 3706 1479 3799 sole,
1505 3706 1605 3799 quod
1631 3706 1757 3781 lumen
1782 3714 1838 3781 est

659 3827 912 3922 'temperatum
938 3824 975 3899 in
999 3845 1057 3920 ea,
1083 3846 1169 3900 cum
1196 3826 1233 3899 in
1259 3826 1336 3901 sole
1360 3826 1406 3900 sit
1428 3826 1635 3921 aliqualiter
1658 3827 1836 3921 intempe-

667 3954 801 4023 ratum.
826 3946 888 4020 Eat
912 3946 1011 4021 enim
1037 3946 1281 4021 exiccativum
1309 3946 1459 4040 humidi,
1477 3953 1515 4021 et
1539 3947 1774 4044 coniungitur
1799 3946 1835 4020 in

664 4070 762 4144 lunae
784 4068 914 4165 frigido
932 4073 1136 4162 temperato
1154 4073 1190 4142 et
1207 4067 1375 4142 humido:
1393 4067 1476 4143 ideo
1493 4069 1574 4163 plus
1592 4068 1708 4143 influit
1726 4086 1835 4163 super

664 4189 836 4265 inferiora
863 4210 975 4283 quam
1001 4189 1125 4283 aliqua
1151 4189 1269 4262 virtus
1289 4190 1459 4282 ooelestis,
1476 4188 1562 4283 quia
1582 4188 1752 4263 celeriter
1772 4208 1835 4281 ap-

664 4310 774 4406 plieal
789 4330 830 4385 se
850 4309 1021 4385 omnibus
1037 4309 1159 4384 stellis.
1178 4309 1263 4384 ldeo
1280 4308 1375 4383 bene
1391 4308 1480 4383 dixit
1496 4309 1718 4403 Aristoteles,
1736 4306 1834 4403 qnod

664 4432 752 4505 luna
777 4431 863 4505 lacit
886 4430 924 4503 in
949 4450 1077 4505 meme
1102 4429 1201 4524 quod
1226 4430 1279 4503 sol
1305 4428 1389 4504 lacit
1413 4428 1450 4502 in
1475 4448 1591 4522 anno;
1612 4448 1729 4523 quare
1755 4448 1835 4502 me·

664 4550 734 4627 dici
758 4550 797 4624 in
816 4550 992 4644 curando,
1010 4549 1181 4645 agrioolae
1198 4549 1235 4623 in
1252 4549 1417 4643 nolendo,
1436 4554 1559 4624 nautae
1576 4548 1612 4623 in
1629 4548 1835 4645 navigando

665 4677 872 4765 sequuntur
898 4676 1042 4746 molum
1062 4671 1171 4764 lunae,
1190 4688 1275 4764 quae
1301 4674 1450 4763 propter
1473 4688 1579 4743 suam
1600 4668 1835 4742 materialita-

665 4798 741 4865 tem
758 4798 859 4866 tenet
874 4790 1036 4886 aliquam
1061 4790 1323 4865 obscuritatem
1352 4788 1461 4863 etiam
1481 4796 1673 4884 postquam
1700 4787 1834 4861 illumi·

727 4976 754 5037 (⁸)
770 4977 801 5026 E.
818 4977 883 5027 hee.
1090 4974 1118 5039 (¹)
1134 4975 1165 5025 E.
1181 4974 1250 5039 quod
1266 4980 1358 5025 natura
1375 4973 1443 5025 lune
1458 4980 1505 5026 eat.

728 5052 757 5115 (⁸)
771 5052 803 5102 E.
818 5055 927 5104 virtuter
942 5058 1083 5115 noranta,
1099 5064 1145 5103 rou
1161 5052 1328 5103 moventium.
