4342 6692
693 868 763 935 tra
1046 874 1252 930 cammaron
1276 873 1499 929 runosronu

689 1022 719 1095 si
745 1021 885 1096 nullam
909 1020 1020 1097 aliam
1038 1026 1273 1116 expectarent
1293 1019 1330 1093 in
1354 1018 1424 1093 isto
1450 1019 1545 1108 loom
1562 1017 1625 1091 ubi
1649 1025 1733 1093 erat
1757 1018 1864 1113 quies

689 1141 830 1237 placida
859 1141 938 1216 sine
952 1133 989 1233 (⁴)
1025 1141 1162 1234 labore,
1188 1139 1322 1215 multas
1350 1140 1435 1215 sinc
1462 1139 1654 1235 languore,
1685 1138 1864 1213 securitas

690 1262 769 1337 siue
794 1262 937 1356 timore,
963 1261 1087 1337 laetitia
1113 1261 1192 1337 siue
1215 1260 1353 1354 dolore,
1377 1281 1451 1355 pax
1474 1258 1556 1335 nne
1580 1259 1688 1353 bello,
1715 1259 1864 1335 libertas

690 1383 769 1459 sine
793 1382 990 1476 servitute5
1008 1388 1045 1456 et
1061 1382 1160 1475 quod
1179 1388 1234 1457 est
1251 1400 1362 1476 super
1379 1380 1516 1476 omnia,
1533 1380 1608 1455 vita
1625 1380 1703 1455 siue
1722 1388 1862 1456 morte:

690 1503 755 1579 sed
779 1510 917 1597 quanto
947 1501 1126 1577 feliciores
1159 1508 1247 1577 ante
1274 1508 1482 1597 peccatum,
1510 1506 1614 1579 muto
1645 1500 1863 1577 infeliciores

692 1630 773 1720 post
797 1630 1000 1718 peccatum.
1027 1622 1112 1696 ldeo
1129 1622 1232 1697 dicit:
1252 1628 1289 1696 et
1306 1621 1366 1695 ille
1383 1622 1506 1715 bomo,
1524 1612 1664 1693 dinero
1683 1624 1743 1714 pai
1751 1642 1862 1713 ponc,

693 1744 779 1839 qnia
804 1742 930 1838 paucis
954 1741 1054 1817 boris
1078 1743 1177 1817 stetit
1201 1741 1239 1815 in
1265 1741 1333 1817 isto
1356 1740 1538 1837 paradiso,
1561 1745 1602 1813 ut
1624 1740 1766 1815 dicetur
1791 1741 1862 1815 Pa-

692 1864 800 1939 radisi
818 1862 978 1958 capitulo
991 1862 1116 1956 XXVI,
1126 1882 1194 1955 per
1209 1882 1274 1935 sun
1292 1864 1443 1953 diffmtn
1458 1859 1560 1954 idest,
1578 1866 1726 1955 propter
1751 1880 1860 1935 suum

692 1985 889 2077 delectum,
907 1982 995 2077 quia
1018 2003 1086 2078 per
1111 1982 1321 2079 superbiam
1344 1980 1460 2056 uoluit
1481 1980 1561 2055 fieri
1577 1980 1806 2075 sicutbeus5
1827 1988 1866 2057 st

692 2105 794 2200 qnod
819 2103 887 2177 luit
911 2102 1073 2199 gravius,
1096 2102 1174 2197 ipse
1198 2102 1321 2195 bomo,
1338 2093 1473 2175 cnnbicl
1489 2108 1607 2175 occsio
1631 2104 1720 2193 riso,
1746 2099 1866 2195 qualis

692 2229 772 2299 crat
798 2223 894 2296 risus
911 2221 1089 2296 Matbildis
1113 2223 1225 2317 paulo
1241 2229 1340 2315 ante,
1363 2224 1497 2295 edolnc
1517 2224 1656 2315 planco,
1681 2219 1784 2315 idest,
1799 2220 1866 2295 de·

695 2344 939 2438 lectatiouem,
973 2346 1011 2416 in
1030 2346 1155 2436 pineto
1181 2351 1214 2415 ct
1234 2345 1272 2415 in
1296 2347 1458 2435 nffnnnn,
1495 2363 1520 2417 a
1549 2362 1624 2437 quo
1653 2341 1866 2437 nummatas

694 2463 862 2539 miserias
885 2482 983 2558 suas,
1003 2468 1073 2555 pc'r
1097 2482 1163 2535 sna
1188 2464 1337 2556 diffcile,
1356 2461 1459 2556 idest,
1479 2461 1675 2555 delectum,
1698 2461 1787 2556 qnia
1808 2459 1867 2535 in-

694 2584 923 2683 gratissimus
948 2604 1022 2657 uon
1047 2581 1115 2655 luit
1139 2588 1332 2657 contentus
1357 2586 1459 2657 muto
1484 2581 1581 2658 bono
1606 2580 1674 2657 sibi
1690 2581 1769 2657 nne
1786 2601 1867 2657 me·

696 2705 766 2779 rito
789 2705 935 2779 donato.
949 2699 1152 2777 -Pcrclal
1178 2702 1244 2779 llic
1268 2709 1376 2799 poeta
1393 2702 1550 2779 ostendit
1574 2702 1730 2797 qualiter
1756 2702 1866 2796 neus,

697 2832 737 2899 ut
762 2826 874 2899 bomo
899 2823 1049 2919 pacifice
1073 2823 1262 2898 frueretur
1287 2824 1384 2898 bono
1413 2822 1480 2897 sibi
1505 2829 1649 2919 parato,
1674 2823 1773 2899 dedit
1796 2822 1867 2897 sibi

694 2946 818 3020 mcum
844 2944 1049 3019 immunem
1074 2944 1122 3018 ab
1148 2943 1248 3018 omui
1265 2942 1492 3019 alteratione
1517 2943 1620 3019 Unde
1645 2943 1748 3017 dicit:
1777 2948 1866 3031 oac-

669 3070 747 3157 ,stn
771 3071 885 3139 mone
908 3056 997 3138 sulio
1023 3058 1084 3137 aar
1109 3067 1144 3137 ln
1169 3066 1234 3137 ciat
1256 3070 1366 3155 nnn,
1396 3064 1482 3159 quia
1516 3064 1620 3159 quasi
1650 3063 1766 3160 tangit
1789 3083 1867 3139 cac-

661 3210 677 3278 j
695 3186 786 3280 lum,
816 3181 980 3278 pacata
996 3185 1133 3278 tirbnr,
1155 3184 1258 3279 idest,
1276 3184 1450 3279 turbatio,
1467 3184 1603 3259 scilicet
1620 3191 1866 3279 terraemotus

694 3312 839 3397 ventus,
864 3304 1000 3400 pluvia,
1026 3305 1101 3398 nix,
1126 3304 1271 3400 pruina,
1297 3324 1358 3379 ros
1384 3310 1421 3381 et
1447 3304 1544 3397 talia,
1566 3324 1726 3399 quornm
1750 3324 1869 3401 geue-
1922 3360 1932 3372 .

696 3424 876 3498 rationem
910 3424 1036 3521 tangit,
1065 3424 1209 3499 diceus:
1241 3426 1315 3515 cte,
1345 3422 1452 3519 idest,
1485 3444 1598 3517 quam
1631 3424 1867 3520 multiplicem

696 3543 957 3638 turbationem,
984 3548 1015 3619 la
1038 3546 1234 3618 esnlnzioni
1256 3546 1334 3618 dell
1348 3546 1607 3636 monasticia
1628 3552 1740 3635 arra,
1765 3544 1869 3638 idest,

697 3683 852 3758 vapores
885 3664 951 3758 qui
982 3664 1129 3739 exalent
1159 3662 1207 3737 ab
1239 3682 1337 3759 aqua
1369 3670 1407 3740 et
1440 3671 1561 3759 terra3
1593 3684 1680 3739 nam
1714 3682 1871 3759 vapores

697 3802 805 3877 aunae
830 3789 869 3858 et
893 3789 1115 3859 terrosum
1144 3804 1257 3859 causa
1289 3784 1488 3859 materialis
1515 3784 1684 3859 omnium
1715 3782 1870 3858 istarum

699 3901 991 3998 impressionum.
1016 3904 1110 3979 Nam
1137 3925 1292 3999 vapores
1318 3911 1428 3981 terrae
1454 3904 1538 3979 sicci
1564 3904 1703 3979 iaciunt
1728 3910 1869 3999 ventas,

698 4029 738 4097 et
761 4045 917 4119 vapores
942 4025 1082 4099 bumidi
1106 4046 1215 4119 aquae
1240 4025 1378 4101 iaciunt
1401 4025 1577 4120 pluriam,
1605 4026 1727 4101 nivem
1743 4018 1780 4119 (²)
1798 4032 1869 4103 etc.

698 4143 743 4217 Et
758 4164 871 4221 musa
892 4146 1054 4221 efficiens
1079 4147 1214 4221 barum
1237 4153 1292 4221 est
1312 4166 1445 4241 corpus
1466 4146 1629 4241 coelcstm
1649 4147 1747 4223 uude
1765 4147 1870 4223 nott:

698 4266 770 4356 cle,
796 4272 927 4355 alianto
948 4287 1094 4359 possam
1121 4268 1233 4341 diano
1258 4268 1297 4339 al
1320 4268 1421 4339 calor
1446 4286 1587 4359 nanum·
1611 4266 1698 4361 quia
1720 4267 1871 4363 scilicet,

698 4392 907 4477 sequuntur
922 4387 1085 4462 calorem
1103 4386 1187 4461 solis
1204 4392 1242 4461 et
1258 4386 1415 4461 aliarum
1434 4387 1637 4481 stellarum,
1656 4389 1873 4465 atuabcutin

699 4502 795 4599 ipsos
820 4526 976 4601 vapores
1001 4528 1121 4602 usque
1145 4506 1193 4581 ad
1217 4506 1377 4581 mediam
1404 4507 1594 4604 regionem
1620 4508 1734 4603 aeris;
1756 4513 1873 4605 scano

698 4632 786 4699 sono
810 4628 862 4699 ‹ln
884 4648 936 4720 se,
953 4626 1055 4722 tuen,
1073 4627 1168 4703 iutra
1184 4626 1413 4711 altitudinem
1436 4628 1542 4703 istius
1559 4629 1703 4725 mouns,
1721 4631 1809 4725 quia
1825 4631 1874 4707 ab

699 4744 850 4821 introitu
876 4748 955 4823 veri
980 4749 1182 4845 purgatorii
1208 4770 1320 4844 snpra
1346 4770 1418 4823 non
1446 4749 1537 4824 liunt
1550 4740 1587 4843 (³)
1615 4750 1694 4846 ista,
1711 4774 1786 4827 nnn
1809 4758 1874 4849 sn·

763 4927 792 4991 (¹)
808 4930 839 4981 B.
855 4937 883 4982 ct
898 4934 961 4984 siue.
1167 4935 1194 4999 (ἱ)
1209 4935 1240 4986 Ε.
1255 4936 1342 4987 nivem
1357 4941 1385 4987 et
1401 4936 1562 4989 bimaitis
1578 4943 1606 4989 st
1621 4950 1706 4989 cau

764 5004 792 5068 (¹)
808 5006 839 5056 B.
855 5021 908 5058 unu
924 5014 984 5061 snut
998 5012 1055 5062 lata.
1164 5024 1168 5035 ·
1369 5046 1372 5055 .
