4342 6692
750 908 889 965 caurus
913 910 1077 965 ruamus.
1430 898 1500 966 363

328 1053 494 1151 pulcram
516 1060 553 1130 et
570 1075 786 1153 congruam.
812 1056 857 1129 st
876 1055 962 1150 quia
979 1056 1085 1131 litera
1103 1060 1160 1131 cst
1176 1055 1278 1131 tortis
1304 1062 1359 1131 est
1384 1057 1502 1133 scien-

327 1174 430 1270 dum,
446 1174 545 1270 quod
560 1182 671 1250 autor
683 1177 763 1250 vult
779 1175 905 1251 dicere
920 1176 1183 1252 sententialiter
1199 1176 1237 1249 in
1250 1175 1382 1251 ellectu
1403 1176 1501 1271 quod

327 1295 404 1392 ipse
427 1296 516 1370 vidit
540 1302 709 1391 aspectus
731 1295 879 1370 illarum
900 1296 1123 1369 umbrarum
1149 1296 1187 1370 in
1212 1316 1257 1371 ea
1283 1296 1402 1371 lorma
1427 1317 1502 1391 qua

328 1414 454 1493 videre
478 1417 640 1490 solemus
664 1414 844 1511 imagines
870 1414 1048 1490 tactorum
1075 1422 1289 1490 nostrarum
1319 1416 1357 1490 in
1382 1415 1503 1491 lucido

327 1537 487 1632 speculo,
505 1536 563 1611 vet
587 1536 625 1610 in
649 1557 748 1630 aqua
764 1537 885 1631 clara;
906 1536 993 1631 quia
1019 1536 1113 1612 sicut
1142 1544 1242 1632 patet
1272 1537 1352 1613 talis
1378 1537 1502 1634 imago

328 1655 473 1731 videtur
498 1656 664 1751 parvula,
690 1662 729 1731 et
753 1655 920 1731 debiliter
941 1656 1088 1731 ridetur
1106 1677 1128 1731 a
1149 1657 1265 1750 nobis,
1284 1657 1333 1732 ita
1353 1678 1375 1731 a
1396 1656 1501 1732 simili

326 1782 436 1851 autor
462 1778 542 1852 vult
566 1776 689 1851 dicere
715 1777 813 1872 quod
830 1776 901 1850 illm
916 1776 1050 1880 animae
1067 1798 1154 1852 cum
1176 1777 1395 1872 paucissima
1413 1776 1502 1851 sub-

327 1897 459 1973 stantia
492 1898 730 1974 ostenderunt
769 1918 810 1973 se
850 1896 1089 1992 speculationi
1123 1917 1210 1971 suae.
1251 1898 1431 1973 construe
1465 1902 1502 1972 et

326 2037 471 2113 erpone
495 2017 640 2092 literam
666 2018 728 2112 sic,
755 2038 839 2113 quaa
869 2023 926 2093 est
954 2016 1123 2091 intricata
1155 2018 1334 2091 multum:
1369 2020 1442 2091 Vut·
1453 2019 1500 2113 io,

326 2157 397 2234 ego
422 2139 556 2213 Dantes
586 2137 658 2213 vidi
687 2160 774 2213 cum
806 2140 922 2213 oculo
949 2136 1092 2231 mentis,
1120 2132 1180 2229 piri
1208 2140 1319 2231 succe,
1354 2137 1502 2232 scilicet,

324 2259 427 2354 duas,
464 2260 550 2354 quia
584 2259 630 2334 de
663 2258 808 2333 duabus
837 2258 945 2333 laniet
959 2250 996 2350 (¹)
1033 2257 1228 2352 specialem
1263 2257 1500 2351 mentionem,

320 2385 449 2473 proutc
464 2380 646 2473 apertur,
666 2378 803 2453 scilicet
827 2377 927 2471 mihi,
945 2376 1032 2472 quia
1053 2384 1159 2452 erant
1181 2378 1219 2452 in
1240 2376 1370 2452 eadem
1388 2397 1501 2451 causa

326 2507 363 2577 et
388 2505 504 2596 parte,
539 2502 602 2573 tati
626 2503 723 2592 pau
751 2501 782 2572 te
811 2502 946 2592 postilla
972 2501 1025 2572 ἀρ’
1037 2502 1151 2573 nostri
1162 2502 1251 2591 -oot,
1277 2498 1380 2590 idest,
1406 2498 1500 2573 ima-

326 2622 430 2718 gines
455 2627 667 2696 nostrorum
694 2620 878 2714 vultuum,
897 2625 1041 2709 wnoou,
1059 2619 1206 2713 scilicet,
1225 2638 1290 2714 por
1311 2618 1501 2693 retractio-

326 2760 425 2835 nem,
447 2761 514 2832 per
539 2744 627 2814 oeni
650 2742 867 2833 trasparcnti
890 2762 909 2812 e
933 2743 1030 2831 tersi,
1052 2738 1155 2833 idest,
1176 2738 1295 2813 lucida
1316 2746 1354 2813 et
1378 2738 1499 2832 polita,

325 2860 413 2954 quia
438 2860 468 2934 si
494 2867 616 2936 esseut
640 2861 779 2935 fuscata
804 2860 861 2936 vel
884 2861 1068 2935 maculata
1095 2880 1168 2934 non
1194 2859 1244 2934 ita
1268 2866 1500 2953 apparerent,

324 3002 432 3055 eoam
453 3002 520 3075 per
545 3002 655 3073 acque
672 2983 778 3055 nitar
794 3002 812 3053 c
830 2982 1028 3072 empne,
1046 2978 1149 3073 idest,
1167 2978 1324 3053 mundas
1341 2984 1377 3051 et
1395 2978 1500 3074 qnie-

170 3156 175 3163 -
323 3106 381 3175 tas
405 3108 442 3175 et
474 3122 548 3175 non
576 3122 729 3198 magnas
751 3100 829 3175 sine
852 3100 984 3193 lundo;
1011 3097 1111 3172 unde
1135 3097 1236 3173 dicit:
1262 3118 1334 3171 nou
1358 3092 1388 3171 si
1407 3120 1499 3191 pro-

320 3224 430 3315 fonda
454 3224 531 3295 clt’i
552 3226 656 3317 sondi
677 3225 759 3295 non
777 3224 889 3315 persi,
916 3219 1017 3313 idest,
1044 3217 1294 3314 perditionis
1321 3225 1408 3295 tunc
1426 3240 1499 3295 non

323 3348 518 3435 appareret
531 3332 568 3433 (²)
596 3342 720 3437 imago
746 3338 970 3435 respicientis
994 3338 1032 3411 in
1056 3358 1174 3433 aqua;
1200 3340 1303 3413 debiti
1326 3332 1369 3432 si,
1395 3339 1498 3435 idest,

323 3460 361 3534 in
386 3466 530 3535 tantum
557 3460 688 3535 debilia
715 3464 965 3554 revertuntur,
991 3460 1052 3533 cte
1077 3461 1194 3551 perta,
1219 3458 1322 3554 idest,
1350 3479 1498 3555 marga·
1559 3504 1561 3509 ·

321 3578 392 3654 rita
417 3580 582 3675 candida,
599 3583 637 3653 in
661 3581 788 3653 manca
802 3582 933 3673 fronte,
951 3578 1091 3673 supple,
1109 3577 1268 3653 existens
1291 3577 1398 3652 unius
1415 3579 1497 3673 pul-

320 3719 394 3774 crae
419 3700 513 3775 aibae
536 3700 706 3793 dominae,
723 3720 797 3773 nou
817 3702 893 3773 oua
917 3719 995 3773 man
1017 3702 1124 3791 sorta
1145 3698 1237 3773 idest
1257 3698 1410 3792 fortiter,
1429 3701 1518 3773 otta

320 3828 440 3895 nosne
450 3822 595 3915 pupille,
612 3819 715 3915 idest,
733 3820 780 3894 ad
798 3824 964 3893 nostrum
984 3818 1123 3911 visum3
1142 3818 1246 3913 quasi
1263 3817 1375 3892 dicat:
1395 3818 1496 3913 peria

320 3940 405 4015 alba
429 3940 466 4014 in
490 3940 576 4015 alba
601 3939 722 4014 fronte
738 3938 839 4013 venit
862 3937 1030 4012 debiliter
1047 3938 1094 4012 ad
1112 3938 1239 4012 oculos
1260 3944 1415 4031 nostros,
1433 3937 1497 4013 sed

321 4079 397 4134 non
412 4049 448 4151 (³)
476 4066 602 4135 tamen
617 4058 781 4135 debilius
806 4078 919 4153 quam
938 4056 1062 4153 imago
1087 4064 1212 4131 nostra
1238 4063 1497 4152 repraesentata

321 4180 360 4253 in
384 4179 491 4273 vitro,
509 4180 568 4254 vel
592 4200 701 4272 aqua,
719 4179 778 4254 vel
794 4177 867 4253 atio
892 4196 1048 4271 corpore
1074 4182 1340 4270 transparente.
1368 4177 1412 4252 lit
1437 4177 1496 4252 hic

322 4306 408 4374 nota
433 4299 533 4395 quod
558 4298 771 4396 margarita
795 4297 967 4372 meliores
994 4296 1146 4372 veniunt
1169 4316 1216 4370 er
1233 4295 1351 4391 india3
1370 4298 1497 4373 multae

321 4425 447 4494 tamen
472 4419 710 4495 inveniuntur
735 4419 774 4492 in
795 4417 890 4492 mari
907 4416 1070 4513 anglico;
1091 4414 1188 4489 unde
1205 4415 1327 4491 Caesar
1344 4417 1496 4513 cupidus

320 4541 609 4639 margaritarum
635 4539 803 4614 transivit
819 4538 858 4611 in
873 4536 1111 4630 Britanniam,
1131 4543 1172 4609 ut
1189 4535 1274 4611 dicit
1291 4537 1494 4613 Suetonius.

320 4664 365 4736 Et
389 4663 539 4736 conchae
559 4661 717 4756 juvenes
742 4659 878 4734 habent
908 4658 1080 4733 meliores
1110 4657 1340 4753 margaritas,
1366 4663 1403 4732 et
1428 4658 1495 4731 hn-

331 4915 334 4919 4
393 4894 401 4924 1
511 4894 517 4905 ·
1137 4916 1141 4921 ,

383 4897 411 5034 8
427 4899 454 5021 ἒ,
468 4893 538 5030 1⁸3¹}
540 4973 761 5033 anemonen·
771 4968 803 5017 B.
819 4980 871 5017 nou
881 4971 1035 5030 apparerent
1045 4966 1169 5031 imagines
1180 4966 1373 5031 respicientium
1382 4966 1408 5015 in
1419 4978 1492 5030 aqua.

386 5044 413 5112 (⁸)
428 5044 454 5097 S.
471 5060 523 5097 non
539 5051 592 5098 tam
608 5045 725 5097 debilius
734 5071 765 5083 -
774 5049 798 5105 t,
814 5057 868 5095 non
883 5048 984 5095 tantum
999 5043 1118 5095 debilius.
1248 5096 1251 5102 ,
1333 5096 1337 5103 ,
