4342 6692
708 873 780 945 384
1099 886 1302 942 uouenruu
1328 890 1495 945 nannoni

703 1035 909 1111 machinam
935 1033 1117 1127 contrivit,
1135 1038 1173 1108 et
1198 1032 1286 1128 lapis
1311 1034 1429 1109 iaetus
1447 1056 1553 1111 mons
1575 1057 1732 1133 magnus
1758 1036 1878 1132 reple·

704 1155 754 1231 rit
779 1152 989 1229 universam
1014 1159 1165 1228 terram.
1198 1153 1340 1228 Aurum
1375 1154 1558 1251 figurabat
1591 1176 1748 1252 regnum
1774 1175 1877 1252 assy·

704 1275 847 1350 riorum
860 1272 1178 1369 opulentissimum
1191 1280 1230 1347 et
1245 1272 1484 1368 diuturnum3
1501 1282 1698 1371 argentum
1717 1294 1871 1372 regnum
1906 1320 1910 1325 -

705 1396 901 1469 medorum
927 1399 965 1468 et
989 1412 1196 1489 persarum,
1218 1393 1304 1487 quia
1330 1393 1423 1467 sieut
1448 1394 1524 1468 duo
1548 1396 1697 1470 brachia
1723 1401 1874 1469 vertun-

705 1521 767 1588 tur
795 1513 893 1589 eirca
923 1534 1041 1586 unum
1072 1532 1149 1606 nor,
1175 1512 1225 1587 ita
1263 1512 1331 1587 ista
1365 1512 1440 1587 duo
1476 1534 1590 1611 regna
1628 1514 1723 1590 eirca
1759 1534 1875 1588 unum

706 1655 853 1732 regem:
880 1654 1028 1709 ramum
1056 1654 1212 1728 regnum
1239 1631 1432 1707 Alexandri
1451 1634 1581 1730 Magni,
1599 1634 1699 1727 quod
1716 1634 1799 1709 lecit
1815 1652 1875 1707 so-

704 1778 797 1831 num
828 1776 1006 1850 magnum
1040 1754 1135 1827 sient
1167 1774 1333 1847 ramum3
1360 1773 1444 1828 nam
1475 1756 1587 1852 graeci
1617 1755 1768 1829 luerunt
1800 1752 1875 1827 elo-

705 1874 943 1971 quentissimi,
968 1879 1007 1948 et
1031 1874 1242 1947 habuerunt
1268 1893 1441 1969 magnam
1468 1875 1610 1970 copiam
1636 1875 1874 1969 scriptorum3

704 1996 864 2089 lerrum,
905 2014 1062 2090 regnum
1101 2011 1318 2085 romanum,
1354 1992 1440 2087 quia
1475 2013 1580 2069 mure
1617 1994 1703 2069 ferri
1736 1992 1878 2068 domuit

703 2115 827 2205 omnia
854 2134 980 2211 regna,
1002 2114 1065 2189 sed
1091 2114 1128 2186 in
1153 2133 1194 2187 se
1218 2119 1476 2208 consumptum
1499 2121 1554 2189 est
1576 2116 1744 2211 rubigine
1763 2114 1875 2189 civilis

704 2235 911 2337 discordiae,
933 2234 1031 2309 unde
1047 2233 1158 2329 pedes
1182 2252 1424 2332 romanorum
1442 2233 1545 2307 dirisi
1564 2242 1660 2328 sunt,
1679 2235 1764 2329 quia
1782 2234 1874 2307 sieut

705 2355 847 2430 ferrum
873 2362 910 2429 et
939 2359 1038 2429 terra
1069 2373 1143 2427 non
1176 2358 1328 2448 possunt
1344 2352 1453 2427 inter
1485 2374 1526 2429 se
1558 2354 1800 2447 oommiseeri,
1827 2354 1874 2427 ila

704 2474 884 2572 principes
910 2473 1053 2549 romani
1078 2493 1153 2547 non
1179 2478 1379 2568 potuerunt
1403 2473 1513 2547 simul
1537 2473 1745 2549 convenire.
1772 2471 1875 2569 Lapis

704 2596 767 2671 ille
783 2594 986 2691 figuraliter
1009 2586 1124 2685 init(¹)
1142 2592 1318 2686 Christus
1336 2593 1398 2687 qui
1417 2591 1566 2667 veniens
1587 2601 1766 2687 amente,
1785 2594 1875 2667 idest

704 2737 727 2790 a
753 2715 861 2809 coelo,
885 2714 964 2789 sine
990 2712 1171 2807 manibus,
1198 2712 1289 2788 idest
1309 2713 1388 2787 sine
1412 2734 1525 2808 opera
1551 2716 1724 2808 humana,
1745 2714 1875 2789 deiecit

704 2854 903 2908 romanum
929 2832 1139 2928 imperium,
1166 2832 1264 2926 quod
1290 2838 1370 2927 post
1390 2834 1597 2929 Augustum
1617 2834 1791 2929 paulatim
1809 2834 1874 2908 de-

703 2954 861 3047 clinavit,
874 2954 990 3028 donec
1002 2954 1150 3029 devenit
1166 2952 1268 3047 quasi
1287 2953 1333 3027 ad
1352 2954 1450 3047 ninii,
1463 2960 1501 3028 et
1518 2974 1674 3051 regnum
1688 2946 1724 3047 (¹)
1744 2954 1871 3028 Christi

704 3083 759 3151 est
783 3081 976 3149 aternum.
1003 3074 1082 3148 lien
1108 3074 1144 3146 in
1172 3072 1244 3148 tine
1277 3093 1425 3148 summe
1454 3074 1647 3148 honoravit
1675 3072 1872 3148 Danielem.

702 3196 808 3271 llodo
831 3196 877 3270 ad
895 3196 1120 3291 propositum
1138 3193 1225 3268 dicit
1241 3200 1369 3289 poeta:
1388 3196 1546 3267 Dentrire
1558 3196 1604 3287 [θ’
1613 3186 1655 3286 si,
1673 3193 1776 3288 idest,
1793 3193 1875 3269 lecit

701 3338 743 3393 se
777 3318 899 3411 talem,
935 3320 1020 3408 paul
1044 3318 1090 3408 [θ’
1108 3316 1284 3403 Danielio,
1315 3314 1492 3408 propheta
1524 3334 1693 3409 magnus,
1727 3316 1874 3387 nonam

703 3438 1002 3511 Nulucollonosor
1027 3438 1147 3528 D'ira,
1182 3454 1257 3527 qua
1273 3423 1310 3525 (³)
1341 3439 1422 3508 erat
1452 3454 1629 3509 accensus
1660 3441 1786 3511 contra
1807 3454 1875 3520 ¹sa-

701 3558 841 3654 pientes
865 3578 962 3649 suos,
997 3559 1068 3646 cite,
1103 3555 1206 3648 idest,
1232 3574 1316 3648 quae
1347 3554 1413 3647 ira,
1440 3558 1564 3628 lanea
1586 3559 1676 3648 sotto
1706 3558 1875 3648 inpiustu-

702 3685 812 3750 mmte
825 3678 921 3770 fello,
942 3676 1044 3767 idest,
1063 3674 1231 3770 impium,
1251 3674 1430 3768 iniquum.
1454 3674 1497 3747 Et
1521 3674 1580 3749 hio
1606 3682 1692 3751 nota
1718 3675 1874 3770 qualiter

701 3798 913 3891 exemplum
940 3794 1097 3870 Danielis
1112 3795 1206 3868 bene
1228 3794 1312 3868 iacit
1329 3793 1376 3867 ad
1397 3794 1634 3889 propositum.
1653 3794 1754 3869 Sient
1774 3795 1871 3870 enim

701 3923 848 3992 sanetus
863 3905 898 4008 (⁴)
926 3916 1052 3991 Daniel
1080 3914 1255 3990 revelavit
1274 3914 1351 4009 regi
1371 3914 1457 4008 duo,
1478 3914 1613 3989 scilicet
1631 3914 1812 3989 somnium
1836 3922 1872 3989 et

699 4038 1050 4133 interpretationem,
1064 4056 1149 4130 quae
1162 4034 1353 4129 aeqnaliter
1368 4034 1462 4109 seire
1474 4034 1723 4130 desiderabat,
1738 4036 1787 4110 ita
1806 4034 1870 4109 ista

701 4165 824 4233 sancta
851 4157 998 4245 domina
1023 4178 1108 4250 quae
1134 4156 1234 4229 novit
1259 4163 1400 4230 secreta
1426 4154 1463 4227 in
1488 4154 1576 4249 Deo,
1598 4154 1776 4229 revelarit
1799 4154 1873 4229 duo

700 4278 811 4352 dubia
836 4277 958 4352 autori
984 4296 1069 4371 quae
1093 4276 1284 4371 aequaliter
1309 4274 1503 4369 appetebat
1520 4274 1654 4368 quibus
1678 4274 1872 4369 perturba-

701 4398 812 4474 batur
837 4396 875 4471 in
899 4397 1148 4491 montesium
1169 4416 1235 4470 rex
1260 4394 1411 4488 iniuste;
1432 4399 1469 4468 et
1486 4393 1581 4468 sicut
1608 4413 1671 4468 rex
1699 4393 1794 4467 lacta
1816 4412 1875 4467 re-

701 4517 883 4593 velatione
908 4538 1056 4593 snmme
1075 4516 1238 4592 laudarit
1255 4514 1454 4609 Danielem,
1472 4513 1535 4610 qui
1554 4521 1679 4610 postea
1701 4514 1875 4589 revelavit

700 4637 767 4714 sibi
792 4638 864 4713 alia
889 4638 1042 4732 somnia,
1063 4637 1112 4711 ita
1139 4638 1273 4711 Dantes
1298 4635 1393 4709 lacta
1413 4633 1658 4709 declaratione
1675 4632 1874 4709 dubiorum

729 4798 948 4805 -...-...-.·———..-.
972 4798 995 4803 .-
1012 4798 1036 4803 ..-
1054 4796 1157 4801 -----..
1226 4796 1243 4801 --
1272 4795 1465 4801 ......--.--,...
1578 4796 1593 4799 -
1610 4790 1798 4800 -..—..........,
1847 4794 1869 4799 .-

763 4869 790 4930 (Ἶ
806 4870 838 4920 Ε.
853 4869 904 4921 luit
921 4871 990 4921 Deus
1005 4874 1094 4921 noster
1109 4872 1137 4919 et
1152 4867 1279 4919 Domlm
1295 4866 1370 4917 lesus
1385 4865 1510 4924 Christus,
1527 4868 1580 4931 qui.

764 4943 794 5010 (¹)
809 4946 840 4995 E.
857 4960 967 5010 regnum
984 4946 1089 4998 Domim
1105 4946 1187 4995 nostri
1201 4944 1263 4993 lesu
1279 4942 1374 4994 Christi
1390 4948 1437 4993 esi.

764 5022 792 5081 (⁸)
808 5022 839 5072 E.
854 5024 915 5087 quta
930 5027 988 5074 ent
1002 5035 1126 5074 aeneum
1141 5023 1180 5072 ira
1196 5026 1296 5072 contra.
1485 5019 1511 5083 (¹)
1527 5020 1558 5071 E.
1574 5020 1679 5083 spiritus
1694 5020 1816 5091 Danielis.
