4342 6692
673 924 745 993 los
1066 936 1271 993 conrnnrmr
1295 939 1462 994 rsnlnrsr

672 1083 769 1160 enim
797 1090 907 1158 autor
927 1082 965 1156 in
986 1090 1110 1159 mente
1127 1104 1214 1160 sua:
1233 1085 1328 1160 bene
1344 1085 1451 1161 rideo
1468 1086 1567 1183 quod
1585 1087 1684 1164 Deus
1700 1094 1848 1162 creator

671 1203 828 1280 bominis
851 1203 978 1279 debuit
998 1224 1078 1279 esse
1097 1204 1370 1299 redemptorem
1393 1205 1494 1301 eius,
1514 1207 1578 1282 sed
1600 1227 1718 1303 quare
1730 1205 1845 1281 voluit

671 1307 863 1400 assumere
887 1344 1038 1400 carnem
1065 1327 1266 1400 humanam
1290 1325 1337 1401 de
1358 1347 1432 1401 una
1452 1326 1603 1403 loemina
1621 1334 1659 1403 et
1675 1329 1748 1423 poti
1766 1348 1846 1425 poe·

670 1465 756 1552 nam
783 1465 972 1541 amaram,
991 1466 1114 1521 nonne
1138 1452 1282 1541 poterat
1306 1447 1491 1524 dimittere
1516 1447 1622 1524 istam
1644 1450 1791 1544 culpam
1808 1455 1846 1523 et

669 1566 857 1642 homiuem
883 1587 1057 1662 reparare
1075 1567 1160 1643 'sola
1184 1568 1376 1643 voluntate
1407 1573 1502 1644 suot
1532 1578 1633 1646 certe
1662 1570 1725 1646 sic.
1752 1569 1845 1645 Dicit

669 1707 779 1785 ergo:
807 1695 843 1762 tu
866 1690 947 1781 dici,
973 1687 1075 1782 idest,
1102 1687 1225 1764 dicere
1249 1695 1287 1764 et
1312 1694 1439 1783 petere
1470 1689 1545 1765 ris:
1579 1695 1653 1764 Bcn
1681 1693 1844 1765 docendo

668 1801 721 1882 uid
746 1811 797 1881 olr’
806 1811 830 1881 i'
842 1811 924 1900 odo,
951 1807 1053 1904 idest,
1080 1808 1175 1883 bene
1200 1810 1472 1905 comprehendo
1504 1810 1677 1905 quioquid
1710 1819 1750 1886 tu
1786 1811 1843 1886 di-

669 1930 762 2034 xisti,
789 1929 933 2023 scilicet,
952 1929 1050 2023 quod
1076 1928 1241 2004 Christus
1259 1938 1380 2006 morte
1397 1952 1464 2005 sua
1482 1930 1638 2007 redemit
1654 1930 1840 2007 bominem

667 2049 882 2155 damnatum
917 2049 1023 2144 culpa
1057 2070 1146 2145 sua3
1172 2072 1232 2124 mo
1266 2047 1346 2126 m'd
1374 2055 1519 2144 occulo,
1548 2053 1651 2147 idest,
1683 2073 1750 2148 per
1780 2073 1843 2128 me

668 2193 741 2246 nou
761 2171 898 2268 judicu,
922 2167 1050 2265 percite*
1071 2175 1142 2245 Dio
1167 2175 1296 2247 ootcssc
1316 2192 1388 2265 pur
1413 2181 1530 2265 presto
1558 2175 1676 2266 nodo,
1705 2179 1743 2248 et
1768 2193 1842 2247 non

666 2292 794 2386 alium,
819 2313 843 2364 o
866 2299 991 2365 oostm
1016 2295 1237 2367 redenziooc.
1263 2291 1317 2367 dd
1343 2293 1413 2367 boc
1447 2293 1642 2388 respondet
1665 2292 1841 2390 Augusti·

666 2433 748 2505 nus,
779 2412 878 2506 quod
911 2411 1003 2487 alius
1036 2412 1168 2487 modus
1199 2411 1267 2487 luit
1296 2412 1472 2508 possibilis
1500 2414 1589 2509 Deo,
1619 2413 1682 2488 sed
1715 2413 1839 2487 nullus

666 2538 801 2606 nostrae
835 2531 991 2606 miseriae
1007 2526 1042 2626 (¹)
1074 2532 1256 2608 salvandae
1287 2533 1585 2610 convenientior:
1621 2553 1690 2608 nec
1713 2539 1841 2608 tamen

665 2654 841 2748 dicemus,
867 2653 993 2728 debuit
1018 2652 1091 2729 allo
1116 2653 1227 2728 modo
1249 2653 1448 2730 redemisse
1472 2645 1667 2750 mundum,
1685 2655 1745 2729 rel
1765 2675 1840 2728 nou

665 2773 801 2866 debuit,
820 2772 905 2867 quia
924 2793 996 2846 uon
1021 2793 1068 2848 ex
1094 2772 1229 2868 debito,
1249 2773 1314 2849 sed
1333 2795 1381 2850 ex
1401 2775 1479 2850 sola
1499 2773 1660 2850 bonitate
1685 2774 1771 2850 lacit
1787 2765 1837 2867 (¹).

664 2936 713 2949 -
731 2899 864 2984 Questo
891 2893 956 2968 llic
981 2893 1129 2969 Beatrix
1148 2893 1308 2990 assignat
1324 2914 1474 2971 causam
1492 2895 1601 2969 buius
1621 2895 1838 2992 ignorantiae

664 3022 701 3091 et
716 3015 965 3120 'difficultatis3
992 3021 1029 3089 et
1054 3014 1101 3090 ad
1126 3014 1237 3089 buius
1261 3015 1378 3090 literae
1402 3015 1554 3091 difficilis
1570 3007 1606 3109 (³)
1632 3015 1839 3112 intelligen-

664 3135 751 3211 tiam
779 3141 923 3232 oportet
948 3133 1067 3230 primo
1094 3142 1235 3230 notare,
1261 3136 1361 3230 quod
1385 3136 1508 3210 nullus
1527 3142 1588 3231 ,est
1613 3135 1837 3211 conveniens

663 3257 809 3331 auditor
834 3275 949 3330 sacrae
971 3255 1142 3350 scientiae,
1160 3255 1228 3331 uisi
1245 3255 1404 3350 humilis,
1423 3256 1594 3351 muudus,
1614 3255 1738 3350 fidelis,
1756 3261 1837 3329 stu·

663 3377 805 3470 diosus3
831 3375 913 3450 ideo
931 3375 1000 3448 sub
1018 3374 1155 3449 cortice
1172 3375 1288 3450 literae
1303 3383 1431 3471 aperte
1455 3376 1660 3451 occultatur
1681 3375 1836 3472 mystica

663 3503 700 3572 et
725 3495 906 3591 protunda
932 3494 1167 3590 intelligentia
1190 3495 1240 3570 ad
1264 3495 1575 3590 comprimendam
1600 3495 1831 3591 superbiam:

662 3615 827 3692 Christus
852 3613 951 3689 enlm
976 3613 1105 3688 doctor
1130 3614 1240 3689 huius
1264 3615 1434 3712 scientiae,
1456 3616 1541 3691 licet
1565 3622 1658 3691 esset
1682 3611 1832 3689 humilis

662 3736 699 3810 iu
725 3755 848 3828 carne,
874 3734 969 3808 altus
994 3739 1120 3809 tamen
1152 3740 1234 3810 crat
1263 3735 1302 3811 in
1330 3735 1536 3831 divinitate3
1566 3735 1645 3811 ideo
1674 3733 1832 3810 decebat

661 3857 781 3952 ipsum
808 3861 845 3930 et
870 3854 949 3930 eius
965 3855 1169 3930 doctrinam
1187 3856 1325 3932 habere
1340 3856 1583 3931 bumilitatem
1602 3856 1640 3928 in
1656 3873 1831 3929 sermone

661 3997 747 4053 cum
774 3974 1019 4072 prolunditate
1043 3975 1252 4071 sententie,
1270 3981 1308 4051 et
1324 3975 1411 4071 quia
1436 3976 1567 4050 missus
1592 3981 1672 4050 erut
1696 3973 1832 4047 docere

660 4117 810 4174 omnem
837 4095 1041 4190 veritatem,
1063 4095 1145 4170 ideo
1171 4098 1402 4191 competebat
1427 4096 1506 4172 eius
1531 4095 1716 4189 doctrinm,
1735 4100 1776 4167 ut
1791 4093 1828 4165 in

660 4237 737 4292 uno
754 4235 925 4291 sermone
938 4214 1156 4310 multiplices
1169 4215 1324 4291 laterent
1341 4215 1596 4313 inmldgentiae.
1611 4213 1702 4288 llicit
1718 4232 1828 4309 ergo:

664 4339 817 4432 Osrctc,
835 4335 938 4430 idest,
956 4356 979 4409 o
997 4336 1132 4410 Dentes
1151 4335 1281 4412 dilecte
1306 4337 1367 4431 mi,
1385 4321 1502 4429 queso
1526 4339 1674 4429 decretu
1694 4332 1830 4408 scilicet

659 4456 927 4550 incarnationis,
944 4463 998 4529 stu
1014 4458 1159 4548 sepulto,
1177 4455 1279 4551 idest,
1299 4456 1521 4554 ignoratum,
1539 4458 1613 4547 opti
1630 4455 1738 4545 occid,
1758 4451 1829 4527 sci·

658 4578 742 4654 licet
758 4574 1073 4670 intellectualibus,
1091 4576 1130 4648 di
1144 4578 1320 4670 normano,
1338 4575 1474 4653 scilicet
1490 4573 1759 4671 supertritae
1773 4574 1829 4645 io·
1845 4635 1849 4641 .

657 4719 772 4791 yepoo
789 4717 862 4770 noo
878 4692 899 4771 e*
913 4699 1045 4789 addo,
1063 4695 1167 4792 idest,
1184 4697 1377 4792 nutritum,
1394 4700 1487 4772 nella
1500 4700 1647 4790 fiomnm
1663 4697 1825 4788 domur,

658 4817 761 4912 idest,
777 4816 919 4892 ardenti
944 4837 1073 4908 amore
1098 4816 1267 4892 caritatis.
1285 4817 1378 4892 Nam
1399 4816 1606 4892 divinarum
1624 4814 1826 4908 scriptura·

720 5080 749 5146 (¹)
764 5080 796 5131 Ε.
811 5084 906 5131 nostro
922 5081 1014 5132 rnlmm
1030 5080 1166 5136 ulum.
1291 5080 1366 5146 wll.
1381 5079 1450 5132 ioclt.
1575 5075 1603 5144 (Ἴ
1618 5084 1642 5142 l,
1658 5077 1741 5131 loros
