4342 6692
682 859 754 932 316
1070 874 1275 931 ecmannum
1299 876 1467 930 ranamsr

679 1027 789 1096 autor
814 1019 960 1095 intravit
985 1019 1044 1094 hic
1064 1011 1206 1095 'coelum
1236 1039 1302 1115 per
1330 1038 1475 1114 speram
1506 1015 1610 1115 ignis,
1635 1016 1733 1112 quod
1760 1015 1850 1110 milri

672 1139 825 1214 uidetur
849 1139 1034 1234 frivolum,
1061 1139 1147 1235 quia
1180 1138 1368 1235 paradisus
1393 1137 1620 1232 deliciarum,
1646 1136 1850 1212 secuudum

681 1260 863 1336 fictionem
889 1259 1039 1354 autoris,
1059 1265 1115 1334 est
1140 1281 1251 1354 supra
1276 1279 1421 1354 speram
1447 1257 1654 1340 activorum
1680 1263 1718 1332 et
1737 1249 1852 1353 passi-

680 1401 826 1474 vorum,
844 1381 939 1455 sicut
963 1399 1061 1475 saepe
1078 1378 1195 1474 patuit
1215 1377 1312 1453 circa
1333 1377 1442 1453 linem
1462 1377 1680 1473 Purgatorii.
1695 1417 1745 1432 -
1758 1381 1851 1450 Beo-

681 1504 774 1576 tm‘ce.
801 1501 866 1575 llic
890 1506 997 1597 poeta
1022 1499 1157 1574 [lantes
1187 1498 1309 1594 incipit
1339 1519 1438 1574 nunc
1469 1497 1663 1573 ostendere
1693 1497 1850 1591 qualiter

674 1622 798 1696 lactus
815 1627 870 1696 est
891 1619 1020 1694 habilis
1036 1619 1082 1693 ad
1101 1616 1371 1694 ascendendum
1389 1619 1546 1713 coelum,
1565 1625 1602 1693 et
1619 1617 1738 1713 primo
1756 1637 1851 1714 prae·

682 1741 791 1815 mittit
816 1740 973 1837 qualiter
996 1739 1163 1814 Bealrice
1187 1739 1324 1814 intenta
1359 1739 1517 1814 totaliter
1551 1739 1587 1814 in
1612 1739 1749 1814 coelum
1775 1737 1851 1833 ipse

683 1861 829 1936 reduxit
853 1862 980 1936 oculos
1005 1859 1043 1934 in
1068 1880 1178 1954 eam3
1204 1858 1302 1934 unde
1327 1859 1431 1933 dicit:
1459 1861 1617 1932 Beatra'ce
1640 1866 1742 1932 saron
1767 1863 1852 1931 natta

677 1984 765 2075 fisso
790 2001 855 2054 con
881 1983 932 2072 pli
955 1982 1063 2072 ocelli,
1083 1978 1189 2074 idest,
1208 1978 1457 2074 speculatione
1473 1986 1511 2054 el
1535 1977 1852 2073 contemplatione,

681 2105 760 2175 nelt’
773 2109 887 2176 carne
910 2106 1024 2191 ruote,
1041 2098 1145 2192 idest,
1163 2119 1288 2194 speras
1313 2099 1493 2193 coelestes,
1518 2096 1605 2194 quia
1626 2097 1673 2172 ibi
1692 2096 1854 2172 maxime

682 2221 840 2296 miratur
865 2227 1072 2297 creatorem
1107 2239 1231 2312 suum,
1257 2225 1289 2292 et
1320 2221 1355 2292 io
1383 2221 1472 2312 fissi,
1505 2217 1607 2312 idest,
1640 2216 1852 2312 firmariis

683 2345 752 2416 luci
773 2344 898 2414 rinwte
921 2342 961 2415 dt
983 2334 1092 2433 lassi,
1120 2338 1222 2434 idest,
1248 2339 1375 2414 oculos
1402 2358 1504 2414 meos
1529 2345 1692 2413 remotos
1716 2359 1740 2412 a
1765 2337 1852 2431 sole,

682 2464 720 2536 iu
745 2465 801 2553 lei,
826 2466 1023 2556 expectans
1049 2459 1156 2534 tacite
1181 2459 1269 2554 quid
1286 2459 1355 2534 ista
1371 2459 1566 2555 imperiosa
1583 2459 1730 2534 domina
1747 2459 1850 2534 dein-

684 2602 770 2678 ceps
795 2587 891 2657 esset
914 2590 1054 2657 actura.
1078 2581 1124 2654 Et
1148 2579 1269 2654 subdit
1284 2578 1459 2654 continuo
1477 2579 1650 2656 ellectum
1671 2579 1781 2654 huius
1798 2579 1854 2653 in-

683 2701 887 2798 spectionis,
913 2699 1059 2793 scilicet,
1086 2699 1292 2774 mirabilem
1309 2691 1345 2793 (¹)
1373 2699 1717 2774 transmutationem
1747 2719 1854 2774 suam

684 2843 754 2921 per
771 2843 883 2896 unam
900 2819 1226 2916 comparationem,
1244 2840 1328 2914 quae
1345 2819 1560 2895 mirabiliter
1576 2819 1660 2895 lacit
1677 2819 1723 2894 ad
1740 2841 1852 2893 suum

685 2943 931 3041 propositum,
948 2948 986 3016 et
1003 2942 1082 3015 vult
1102 2940 1363 3016 sententialiter
1380 2940 1514 3035 dicere,
1528 2941 1626 3034 quod
1641 2960 1686 3016 er
1704 2932 1855 3015 homine

685 3065 802 3139 lactus
827 3071 882 3138 est
906 3062 998 3138 deus
1021 3061 1042 3104 *
1055 3061 1133 3136 sive
1157 3061 1311 3156 divinus,
1330 3081 1375 3136 eo
1397 3061 1506 3137 modo
1527 3083 1601 3157 quo
1618 3061 1778 3137 Glaucus
1798 3062 1852 3135 ia·

683 3191 765 3259 ctus
790 3190 846 3259 est
868 3182 993 3258 deus*
1008 3173 1056 3276 θ).
1074 3183 1129 3257 td
1149 3182 1259 3256 huius
1284 3181 1399 3258 literae
1423 3182 1695 3278 intelligentiam
1717 3182 1801 3257 volo
1818 3189 1855 3256 te

682 3305 789 3398 seire,
824 3302 923 3398 quod
947 3309 1058 3378 autor
1087 3301 1417 3399 congruentissime
1442 3301 1545 3398 lingit
1568 3323 1609 3377 se
1638 3301 1674 3376 in
1704 3308 1852 3398 aspectu

684 3424 858 3500 Beatricis
884 3424 1021 3500 lactum
1048 3422 1160 3496 luisse
1185 3422 1339 3498 similem
1358 3422 1508 3516 Glauco,
1527 3421 1602 3518 qui,
1620 3423 1714 3498 sicut
1731 3423 1854 3498 scribit

687 3544 837 3619 Ovidius
861 3542 941 3617 lllll
966 3542 1023 3617 sui
1048 3542 1204 3638 llaloris,
1235 3563 1280 3618 er
1312 3543 1461 3618 homine
1485 3543 1630 3619 mortali
1655 3545 1773 3620 lactus
1802 3550 1857 3619 est

585 3657 589 3662 ’
687 3664 780 3742 deus
805 3664 1032 3739 immortalis.
1059 3663 1195 3738 Fuerat
1219 3663 1317 3738 enim
1345 3663 1501 3759 piscator
1523 3685 1681 3761 graecus,
1705 3666 1767 3760 qui
1793 3667 1855 3742 diu

686 3785 725 3858 in
742 3784 836 3858 mari
853 3789 1011 3879 angusto
1024 3783 1186 3858 Euboico
1200 3783 1357 3878 piscatus
1374 3784 1496 3860 luerat
1513 3783 1639 3880 pisces,
1653 3805 1751 3860 nunc
1768 3805 1853 3860 cum

686 3911 766 3980 rele
791 3925 891 3979 nunc
915 3924 1002 3978 cum
1028 3905 1166 3998 ham03
1193 3903 1338 3980 tandem
1360 3903 1473 3978 semel
1499 3905 1615 4000 pisces
1640 3911 1764 4001 captos
1789 3925 1855 4002 po-

685 4030 811 4099 suerat
837 4024 873 4097 iu
899 4023 1014 4099 herba
1038 4022 1144 4117 prati,
1163 4023 1263 4116 quod
1283 4015 1405 4097 nullus
1421 4025 1624 4099 intraverat
1648 4032 1735 4101 ante
1755 4047 1854 4121 eum,

685 4143 792 4218 cuius
825 4143 939 4218 herba
974 4163 1165 4236 nunquam
1199 4144 1320 4218 luerat
1353 4151 1449 4218 tacta
1480 4144 1589 4220 dente
1622 4146 1763 4241 bestiae,
1799 4147 1855 4222 vel

686 4284 800 4338 manu
827 4262 1001 4356 hominis3
1022 4263 1069 4336 de
1095 4282 1169 4356 qua
1187 4261 1302 4357 pisces
1317 4269 1507 4359 gustantes
1524 4272 1716 4361 coeperunt
1732 4267 1854 4342 statim

688 4382 828 4458 moveri
855 4389 892 4457 et
917 4381 1073 4478 vigorati
1100 4382 1326 4458 saltaverunt
1355 4383 1391 4457 in
1422 4405 1546 4479 marc,
1577 4406 1652 4480 quo
1679 4387 1855 4462 miraculo

685 4502 847 4577 Glaucus
867 4503 1104 4598 stupelactus,
1124 4509 1161 4576 et
1183 4502 1259 4598 ipse
1279 4504 1441 4599 gustavit
1457 4504 1504 4579 de
1520 4504 1634 4580 herba
1651 4505 1722 4601 illa,
1740 4513 1778 4582 et
1795 4528 1857 4582 su-

689 4621 765 4697 bilo
790 4628 913 4696 motus
937 4621 1090 4696 interius
1116 4622 1273 4716 quadam
1312 4643 1406 4698 nova
1437 4622 1628 4702 dulcedine
1652 4626 1796 4702 saltavit
1821 4627 1856 4701 in

687 4761 791 4816 mare
815 4749 853 4816 et
878 4741 996 4816 lactus
1021 4747 1077 4816 est
1102 4741 1223 4816 statim
1248 4742 1339 4818 deus
1359 4743 1518 4839 desuper
1535 4745 1666 4839 partim
1686 4746 1793 4841 piscis
1809 4747 1856 4822 ab

749 4922 778 4985 (¹)
794 4924 825 4973 il.
840 4923 986 4975 mirabilem
1002 4925 1142 4989 inspectam
1160 4929 1410 4981 transmutationem.

750 5001 777 5063 l')
792 5001 829 5052 ta
844 5001 933 5066 parole
948 5000 989 5052 ira
1004 5002 1013 5051 l
1028 5002 1079 5053 due
1095 5005 1226 5056 asterisclrl
1242 5019 1289 5056 son
1305 5006 1414 5070 supplito
1431 5009 1499 5073 dagli
1515 5009 1574 5060 altri
1592 5014 1631 5060 tre
1646 5007 1741 5062 Codlcl.
