4342 6692
695 865 769 932 aad
1087 877 1292 934 unumunurn
1316 879 1485 934 nannoni

694 1023 923 1120 Augustinus
947 1022 985 1098 in
1009 1023 1057 1097 de
1081 1023 1235 1100 Ciuitate
1259 1023 1336 1118 uei,
1361 1023 1458 1099 sicut
1481 1030 1595 1098 nauta
1620 1023 1755 1098 navim.
1776 1021 1871 1096 Etsi

694 1143 866 1218 obiicitur
885 1143 933 1219 de
950 1149 1052 1218 terra
1075 1163 1162 1238 quae
1182 1152 1237 1220 est
1258 1143 1462 1238 immobilis,
1483 1143 1680 1219 dicendum
1698 1142 1870 1238 estquod

696 1268 753 1338 est
771 1283 903 1338 verum
920 1263 1044 1358 quoad
1060 1269 1217 1359 partem,
1237 1284 1310 1339 non
1328 1263 1450 1358 quoad
1468 1270 1599 1338 totum.
1612 1264 1667 1338 Ex
1689 1284 1764 1359 quo
1782 1283 1872 1338 con·

696 1381 862 1456 funditur
886 1385 1010 1460 nescio
1027 1384 1116 1479 quis,
1129 1386 1267 1460 Brutus
1286 1384 1533 1481 philosophus,
1555 1385 1619 1479 qui
1643 1385 1774 1460 asserit
1795 1391 1871 1460 ter-

697 1522 778 1576 ram
809 1503 899 1578 iaiso
925 1505 1078 1599 moveri,
1104 1514 1146 1580 ut
1171 1505 1257 1580 dicit
1281 1505 1505 1599 Macrobius3
1536 1504 1701 1580 sednon
1732 1505 1869 1578 miran-

695 1623 799 1717 dum,
812 1625 900 1718 quia
911 1632 997 1700 ante
1008 1626 1204 1721 prandium
1222 1633 1304 1701 erat
1320 1625 1567 1721 phreneticus,
1580 1631 1661 1720 post
1673 1625 1866 1720 prandium

696 1743 822 1818 ebrius
847 1767 895 1820 ex
919 1747 1198 1842 consuetudine,
1216 1747 1264 1822 ita
1282 1745 1381 1841 quod
1407 1745 1473 1819 sibi
1500 1745 1693 1821 videbatur
1709 1744 1869 1820 circnm-

694 1864 785 1939 ierri
809 1866 983 1962 quioquid
1008 1868 1125 1942 oculis
1150 1868 1381 1943 occurrebat.
1408 1868 1453 1940 Et
1476 1867 1529 1942 sic
1558 1865 1642 1942 vide
1667 1865 1765 1961 qnod
1792 1865 1868 1941 iere

695 2005 808 2061 omne
833 1988 991 2062 verbum
1018 1988 1122 2063 istius
1147 1989 1262 2064 literae
1287 1987 1397 2064 habet
1418 1988 1455 2062 in
1472 2007 1513 2062 se
1531 2007 1707 2084 magnum
1732 1993 1868 2082 myste-

696 2104 794 2178 rium
812 2105 1015 2203 inclusum3
1029 2115 1178 2202 penetra
1195 2111 1418 2213 erisptende,
1435 2107 1474 2182 in
1497 2109 1567 2182 hoc
1586 2107 1699 2203 tangit
1719 2106 1867 2200 amplis—

695 2223 828 2300 simam
854 2233 1071 2322 potestatem
1102 2227 1212 2303 huius
1242 2228 1381 2325 gioriae,
1408 2246 1493 2322 qnae
1509 2219 1545 2320 (¹)
1572 2246 1640 2322 pro
1669 2225 1868 2321 capacitate

697 2363 825 2418 rerum
851 2346 967 2441 reptet
992 2368 1142 2423 omnem
1161 2355 1385 2441 creaturam,
1400 2369 1467 2440 per
1484 2350 1703 2440 damnem,-
1721 2345 1869 2421 univer-

694 2485 780 2538 sum
807 2465 941 2542 dicitur
966 2468 1065 2563 qnod
1090 2469 1252 2544 continet
1267 2469 1404 2563 omnia,
1421 2467 1568 2561 scilicet,
1586 2468 1724 2542 coelum
1742 2473 1779 2542 et
1795 2473 1869 2542 ter-

697 2605 792 2680 ram,
818 2586 925 2661 aliter
956 2594 1082 2664 tamen
1107 2595 1146 2664 et
1177 2587 1304 2682 alitem
1333 2588 1415 2664 ideo
1447 2586 1649 2684 prudenter
1682 2586 1799 2662 addit:
1830 2591 1868 2660 in

695 2727 769 2780 una
782 2715 887 2800 parte
899 2704 974 2803 piri,
1002 2731 1148 2784 emero
1172 2713 1317 2784 alaone.
1344 2708 1447 2784 Unde
1472 2708 1555 2784 volo
1582 2708 1641 2784 hic
1665 2713 1703 2782 te
1728 2713 1867 2802 notare,

695 2827 822 2922 lector,
849 2829 948 2923 quod
972 2828 1289 2924 quemadmodum
1315 2828 1401 2903 dicit
1417 2827 1565 2903 Boetius
1583 2828 1621 2902 in
1638 2847 1707 2902 suu
1723 2826 1770 2902 de
1786 2826 1868 2901 nni-

695 2951 772 3022 tate
795 2955 833 3022 et
857 2948 905 3024 de
930 2969 1023 3024 uno:
1048 2950 1080 3024 si
1106 2956 1181 3024 tres
1211 2950 1269 3024 vei
1294 2951 1418 3044 piures
1448 2947 1617 3022 fenestre
1642 2947 1769 3022 vitree
1794 2965 1867 3020 una

695 3073 776 3161 post
800 3067 911 3143 aliam
936 3076 1065 3145 contra
1092 3069 1236 3145 radium
1262 3070 1348 3144 solis
1374 3077 1475 3144 recte
1491 3067 1730 3164 disponantur
1749 3067 1786 3142 in
1806 3088 1869 3142 or-

694 3187 791 3283 dine,
809 3196 952 3266 constat
972 3191 1071 3285 quod
1098 3190 1260 3266 secunda
1286 3190 1407 3264 minus
1428 3189 1555 3285 recipit
1579 3189 1627 3264 de
1650 3190 1734 3264 iuce
1755 3209 1867 3283 quarn

694 3309 825 3404 prima,
851 3317 890 3386 et
915 3311 1023 3386 tertia
1050 3311 1173 3386 minus
1198 3332 1311 3407 quam
1337 3310 1509 3405 secunda,
1535 3317 1574 3386 et
1602 3310 1654 3386 sic
1679 3309 1868 3404 usquead

695 3427 864 3504 nltimam
890 3429 931 3505 iit
960 3430 1125 3506 desectus
1157 3431 1315 3526 luminis,
1347 3452 1420 3506 non
1452 3437 1602 3525 propter
1633 3431 1772 3524 lumen,
1805 3429 1868 3504 sed

643 3553 654 3562 ”
694 3555 845 3644 propter
858 3549 1130 3646 elongationem
1146 3551 1315 3627 senestrae
1334 3551 1462 3626 vitreae
1478 3572 1501 3626 a
1516 3545 1676 3644 ¹iumine;
1689 3549 1740 3624 ita
1751 3549 1867 3645 gioria

692 3669 823 3745 aeterni
847 3670 933 3744 solis
959 3671 1042 3766 pius
1063 3673 1205 3748 relucet
1222 3671 1258 3745 in
1276 3691 1410 3746 nouem
1427 3671 1616 3746 ordinibus
1636 3670 1867 3766 angelorum,

695 3787 817 3862 minus
843 3787 880 3862 in
905 3810 1040 3865 novem
1066 3791 1182 3886 speris
1208 3792 1401 3885 coctorum,
1429 3791 1551 3865 minus
1581 3791 1618 3864 in
1649 3789 1763 3885 operis
1792 3789 1868 3864 eie-

694 3916 921 4003 mentorum‚
942 3917 981 3985 et
1005 3909 1053 3985 ita
1070 3911 1118 3986 de
1135 3912 1288 3987 ceteris.
1307 3912 1483 4001 Quamvis
1504 3911 1601 3988 enim
1620 3910 1738 4006 prima
1756 3930 1867 3985 causa

695 4028 829 4104 existat
844 4030 882 4104 in
899 4031 1012 4105 rebus
1036 4033 1208 4108 omnibus
1226 4032 1429 4108 secundum
1455 4053 1569 4108 unam
1586 4030 1866 4126 dispositionem,

695 4154 822 4225 tamen
847 4171 1083 4246 unaquaeque
1115 4173 1176 4228 res
1209 4153 1336 4248 recipit
1366 4173 1449 4228 eam
1480 4152 1683 4228 secundum
1715 4150 1865 4226 modum

695 4289 775 4344 sure
799 4271 986 4366 potentiae3
1012 4293 1100 4347 nam
1134 4275 1303 4368 quaedam
1336 4273 1516 4370 recipiunt
1546 4293 1629 4348 eam
1661 4271 1868 4366 receptione

698 4389 819 4485 unica,
833 4392 1003 4486 quaedam
1019 4393 1275 4489 multiplicata3
1292 4393 1462 4489 qnaedam
1482 4392 1660 4488 recipiunt
1677 4391 1792 4486 ipsam
1811 4410 1870 4466 re-

698 4511 865 4608 ceptione
890 4519 1040 4607 aeterna‚
1059 4513 1229 4608 quedam
1258 4513 1470 4609 temporali3
1496 4513 1665 4609 quadam
1692 4511 1871 4606 recipiunt

695 4651 781 4708 cam
798 4634 1007 4729 receptione
1023 4634 1212 4729 spirituali,
1231 4635 1400 4729 quaedam
1414 4633 1614 4730 corporali:
1630 4638 1667 4708 et
1683 4631 1871 4706 diversitas

698 4751 849 4845 quidem
876 4752 1083 4850 recipientis
1108 4775 1182 4830 non
1209 4753 1249 4828 dt
1273 4775 1321 4828 er
1341 4753 1461 4850 prima
1485 4774 1607 4847 causa,
1634 4751 1697 4826 sed
1723 4757 1870 4846 propter

759 5011 786 5076 (¹)
802 5012 828 5063 S.
843 5015 975 5078 quoniam.
