4342 6692
718 916 859 973 cunnus
881 917 1107 972 Turonorum.
1428 908 1500 975 211

331 1064 468 1141 roratis
492 1063 620 1139 ricinia
643 1083 729 1137 cum
750 1060 967 1137 dominabus
987 1079 1132 1157 eorum,
1150 1061 1284 1137 Baulos
1305 1070 1393 1138 luno
1409 1084 1507 1159 pue·-
1601 1136 1605 1145 ,

332 1158 437 1259 nulus
462 1206 595 1260 novem
620 1203 804 1259 annorum
835 1189 984 1257 seculus
1014 1186 1158 1276 patrem
1188 1182 1297 1257 suum
1329 1183 1500 1281 dldiglre—
1648 1259 1654 1272 ,

334 1304 444 1399 rium,
460 1303 618 1398 quierat
633 1323 730 1380 uuus
753 1301 800 1377 de
822 1320 980 1376 numero
995 1302 1249 1397 oonvivarum,
1267 1303 1356 1377 ridil
1371 1324 1394 1377 a
1411 1324 1502 1379 caso

333 1425 429 1503 iuter
458 1424 553 1499 alias
576 1422 716 1518 puellas
748 1421 950 1517 puellulam
978 1420 1089 1495 liliam
1125 1423 1263 1517 praelali
1297 1423 1409 1518 Fului,
1441 1424 1504 1500 oui

334 1564 471 1619 nomeu
494 1550 576 1619 orat
600 1542 762 1636 Beatrix,
776 1542 893 1617 aetalis
910 1547 995 1617 octo
1019 1563 1215 1637 annorum,
1243 1544 1345 1618 mirae
1366 1546 1502 1639 pulcri·

334 1663 478 1758 munis,
504 1664 569 1741 sed
595 1663 743 1738 maioris
767 1662 981 1757 lroueslalis3
1007 1683 1092 1757 quae
1118 1664 1239 1739 subito
1263 1665 1412 1741 intravit
1437 1688 1503 1743 oor

334 1783 425 1878 eius,
451 1784 501 1859 ila
527 1784 625 1877 quod
650 1804 857 1879 numquam
877 1788 1000 1878 postea
1018 1778 1218 1876 recessild)
1243 1787 1291 1859 ab
1316 1806 1362 1861 eo
1386 1788 1503 1864 donor

334 1906 397 1981 illa
420 1905 522 1999 vixit,
546 1904 624 1979 sivo
648 1924 694 1979 ex
720 1903 976 1979 conformitate
1006 1904 1267 1999 complexionis
1284 1914 1321 1982 ιιι
1342 1928 1511 2005 morum„

334 2024 412 2101 sire
436 2046 484 2100 er
508 2024 684 2121 singulari
708 2023 894 2099 influentia
920 2023 1013 2098 coeli.
1034 2024 1182 2099 Eleum
1200 2031 1308 2101 aelate
1328 2027 1510 2104 continuo·

335 2145 580 2240 multiplicatae
596 2150 682 2219 suut
698 2163 880 2217 amorosae
899 2142 1078 2237 dammae,
1095 2164 1143 2217 en
1159 2165 1234 2237 quo
1254 2146 1388 2221 Danles
1406 2156 1504 2223 lotus

334 2265 477 2343 deditus
501 2266 552 2339 illi
576 2283 815 2359 quocumque
840 2263 910 2337 iret
934 2263 1112 2359 pergebat
1144 2264 1296 2339 credens
1312 2266 1363 2340 *iu
1389 2269 1504 2344 oeulis

334 2386 416 2462 eius
440 2385 565 2461 ridere
589 2404 775 2459 summam
800 2382 1020 2477 felicitatem,
1039 2403 1106 2477 per
1123 2405 1235 2477 quarn
1252 2376 1288 2477 (¹)
1312 2386 1506 2484 lacrymas,

335 2506 476 2602 vigilias
498 2513 537 2579 et
560 2504 717 2580 inlinilas
741 2502 825 2577 tulit
849 2524 993 2598 poeuas3
1018 2509 1142 2577 lamen
1170 2502 1227 2577 lriu
1256 2525 1363 2580 amor
1393 2508 1506 2583 hono-

337 2626 517 2700 suasimus
541 2642 687 2719 semper
712 2622 791 2717 iuil,
819 2613 911 2715 ull³l
938 2644 1144 2717 numquam
1171 2626 1339 2719 apparuit
1359 2627 1506 2723 signum

337 2744 515 2821 libidinosi
531 2750 638 2820 aetus
653 2744 691 2817 in
706 2750 855 2818 amante
872 2744 931 2817 rel
947 2750 1080 2817 amala.
1099 2743 1176 2817 uoc
1193 2750 1319 2819 aulem
1341 2745 1408 2820 iuil
1425 2768 1509 2825 cer·

337 2865 519 2940 tissimum
541 2864 815 2961 prognosticum
830 2870 868 2937 et
890 2863 1090 2959 augurium
1106 2863 1219 2937 luluri
1233 2866 1381 2959 amoris,
1395 2888 1510 2961 quem

339 2986 533 3061 habiturus
557 2991 638 3060 eral
662 2984 708 3059 ad
736 3004 908 3079 maguam
926 2982 1129 3057 Bealrioem
1156 3004 1312 3077 sacram,
1330 2985 1376 3060 ad
1394 3008 1508 3080 quam

339 3112 421 3182 orat
445 3126 583 3201 pronus
607 3127 629 3180 a
656 3110 801 3178 natura.
827 3104 881 3178 Ex
907 3102 963 3177 iris
986 3109 1090 3198 poter
1116 3102 1252 3195 ridere,
1278 3105 1376 3198 quod
1402 3114 1511 3201 poola

339 3226 461 3322 aliqua
487 3227 572 3301 dicit
597 3224 778 3317 historice,
800 3222 924 3318 aliqua
945 3222 1143 3319 allegorice
1167 3224 1213 3298 de
1239 3225 1406 3300 Bealriue
1430 3250 1509 3303 sua.

339 3346 444 3421 Nunc
456 3346 503 3421 ad
517 3346 675 3439 literam,
687 3343 772 3419 dicit
789 3350 916 3438 poeta:
935 3348 968 3417 E
981 3346 1017 3416 lo
1031 3346 1156 3435 spr'rrlo
1174 3347 1257 3435 mro,
1270 3344 1416 3440 scilicet,
1429 3368 1516 3443 spo-

340 3467 475 3543 culalio
499 3486 596 3559 mea,
629 3468 690 3538 ulra
712 3454 776 3555 qu
798 3470 937 3538 rotomo
962 3472 1089 3556 nmpo,
1122 3464 1207 3558 quia
1230 3466 1307 3560 J'am
1337 3466 1416 3542 lere
1444 3488 1514 3563 por

340 3586 571 3678 decennium,
598 3592 640 3659 ιιι
663 3584 809 3659 dicolm
831 3590 970 3678 postea,
985 3605 1051 3656 era
1066 3590 1157 3657 stato
1178 3588 1228 3658 σι’
1242 3588 1315 3658 ulla
1340 3608 1405 3659 suo
1424 3610 1515 3681 pro-

341 3711 476 3797 oemio,
502 3726 591 3781 oum
615 3704 795 3779 desiderio
821 3704 1006 3779 revidendi
1036 3724 1133 3799 enm,
1160 3726 1230 3779 non
1262 3726 1327 3779 era
1356 3712 1515 3800 affranlo

342 3832 397 3902 du·
414 3834 569 3919 menore,
593 3825 685 3899 idem
710 3830 877 3899 remotus
900 3824 948 3899 ab
972 3824 1225 3899 admiratione.
1251 3825 1354 3901 Unde
1379 3827 1514 3923 subdil,

292 3960 296 3969 ·
343 3948 442 4043 quod
467 3948 535 4021 ista
560 3945 678 4042 prima
703 3946 857 4040 parvula
882 3943 974 4019 risio
993 3945 1200 4041 penetrarit
1218 3952 1328 4021 acute
1353 3969 1516 4043 praecor·

344 4066 403 4141 dia
428 4067 520 4160 uiue,
544 4066 686 4140 diceus:
711 4057 799 4139 oerrll
827 4067 865 4137 lu
888 4084 984 4155 aruo
1007 4067 1175 4157 potenzia
1204 4068 1239 4139 d'
1252 4068 1366 4139 anolo
1397 4089 1515 4160 amor,

345 4187 449 4261 istius
473 4186 656 4280 mulieris,
679 4206 787 4265 amor
812 4185 912 4259 euim
944 4205 1007 4260 res
1031 4184 1279 4279 potentissima
1305 4194 1360 4261 ost
1385 4190 1518 4284 praeoi·

345 4326 419 4403 pue
442 4307 664 4401 antiquarum,
686 4326 755 4399 per
777 4308 912 4380 monuo
936 4300 1034 4379 veru
1056 4306 1118 4378 olre
1142 4306 1191 4379 da
1208 4308 1252 4378 lei
1268 4327 1392 4399 mosae,
1410 4308 1514 4403 idest,

345 4426 393 4502 ab
418 4447 463 4502 oa
489 4426 680 4521 processui,
698 4433 737 4501 et
756 4445 847 4501 rere
862 4424 1144 4499 occultavimus
1166 4430 1205 4499 el
1227 4424 1515 4522 dignaadmira·

348 4549 448 4625 nono
476 4568 611 4644 magua
641 4546 720 4641 lull,
737 4546 837 4641 quod
866 4564 960 4641 puer
985 4545 1105 4640 primo
1122 4552 1318 4641 conspectu
1339 4548 1469 4643 puellm
1477 4539 1516 4643 (i)

410 4820 902 4884 dlkmoeulraoordoruodoneo.

410 4897 438 4961 ζ’)
455 4899 486 4948 B.
503 4912 551 4961 pro
566 4911 618 4962 qna
632 4898 787 4963 laoryrnum,
804 4898 911 4963 vigilia.

412 4974 440 5037 ι’)
457 4980 502 5025 ιιι
517 4988 532 5025 e
549 4974 580 5025 Ε.
596 4976 661 5025 adeo
676 4980 707 5026 ιιι
722 4989 864 5040 numquam
880 4975 1037 5039 rpmmorll.

413 5050 440 5115 ι’)
457 5056 511 5111 ιιι.
527 5050 658 5115 puellula.
