4342 6692
702 846 774 914 336
1093 857 1296 912 nonnarun
1322 859 1488 912 rnamrsr

699 1024 771 1100 ego
795 1009 970 1096 expertus
993 1023 1077 1075 sum
1103 1001 1193 1076 dum
1211 1004 1373 1099 legerem
1394 1003 1530 1076 librum
1549 1002 1660 1076 istum
1682 1003 1878 1098 Bononiae3

698 1125 890 1196 destitmsi
904 1125 1117 1214 d'uscottur,
1137 1121 1240 1216 idest,
1256 1122 1353 1196 aridi
1369 1122 1539 1197 audiendi
1554 1114 1592 1214 (¹)
1611 1123 1758 1198 tertiam
1784 1143 1875 1198 can-

699 1243 821 1335 ticam,
846 1243 941 1317 sicut
958 1243 1037 1338 jam
1062 1243 1212 1316 audistis
1236 1241 1341 1334 duas,
1356 1245 1491 1334 semoti,
1512 1241 1615 1335 idest,
1637 1242 1798 1336 sequuti
1824 1242 1873 1318 ita

699 1363 798 1460 quod
823 1369 878 1437 ost
902 1363 1146 1458 participium,
1167 1369 1205 1437 et
1222 1383 1295 1438 non
1313 1363 1484 1454 verbum,
1504 1368 1543 1436 ut
1566 1362 1671 1436 multi
1699 1362 1874 1458 ignoran-

698 1489 756 1558 ter
779 1482 1050 1576 intellexerunt,
1078 1489 1179 1555 retro
1209 1485 1249 1554 ut
1280 1485 1350 1554 mro
1383 1485 1498 1574 teporo,
1532 1481 1635 1575 idest,
1669 1481 1870 1577 ingenium,

697 1603 759 1676 cte
782 1623 908 1692 vorm,
933 1600 1035 1695 idest,
1062 1601 1191 1676 transit
1223 1608 1261 1677 et
1292 1601 1403 1676 intrat
1430 1623 1562 1678 noram
1588 1609 1627 1677 ct
1652 1602 1870 1698 profundam

695 1742 845 1816 aquam,
870 1723 1067 1812 contundo,
1087 1721 1234 1816 scilicet,
1259 1721 1401 1817 poetice
1421 1721 1671 1814 describendo,
1692 1728 1870 1795 mmoteu

695 1843 836 1914 rioeder
860 1843 886 1914 o·
910 1845 1022 1914 costra·
1044 1843 1109 1930 titi,
1135 1841 1238 1933 idest,
1260 1841 1450 1936 praedictos
1475 1840 1569 1916 duos
1594 1840 1716 1934 libros,
1734 1841 1771 1913 in
1788 1840 1871 1936 qui-

692 1961 763 2036 bus
790 1982 864 2034 non
890 1967 946 2036 est
971 1961 1197 2057 profunditas
1214 1961 1308 2036 sicut
1325 1981 1393 2036 nec
1410 1961 1447 2036 in
1467 1961 1600 2054 littore,
1616 1960 1665 2034 ad
1685 1960 1784 2056 quod
1805 1981 1872 2036 na-

693 2081 793 2178 vigat
818 2081 998 2157 navicula.
1024 2083 1069 2156 Et
1094 2081 1215 2156 subdit
1239 2081 1440 2158 excludens
1464 2102 1528 2156 eos
1558 2103 1582 2156 a
1612 2081 1733 2156 studio
1759 2080 1869 2155 huius

691 2195 847 2296 iibri(²):
873 2223 946 2276 non
971 2205 1007 2274 oi
1029 2209 1160 2276 mettete
1183 2205 1221 2274 io
1242 2204 1384 2294 pelope,
1402 2221 1489 2276 eum
1507 2208 1630 2276 vestra
1647 2221 1762 2297 parva
1784 2201 1870 2275 bar-

693 2323 783 2415 cha3
807 2327 846 2396 et
870 2341 957 2396 eone
981 2341 1154 2396 causam:
1180 2316 1241 2394 cde'
1252 2323 1364 2414 sorrc,
1375 2322 1559 2412 perdendo
1576 2341 1644 2411 mc,
1661 2341 1726 2415 per
1740 2311 1779 2412 (³)
1800 2319 1872 2393 im-

694 2441 965 2538 possibilitatem
999 2440 1187 2536 sequendi,
1219 2443 1426 2514 omanem
1448 2443 1624 2532 muti,
1658 2439 1746 2534 quia
1778 2460 1865 2514 cum

695 2567 818 2636 restro
844 2580 958 2656 parvo
982 2559 1128 2656 ingenio
1153 2579 1227 2634 non
1250 2559 1401 2654 possetis
1418 2559 1622 2655 intelligere
1642 2579 1764 2632 meam
1784 2578 1870 2654 pro-

692 2679 844 2754 fundam
871 2679 1075 2773 materiam,
1102 2686 1139 2754 et
1164 2679 1317 2775 possetis
1341 2699 1470 2754 errare
1493 2701 1517 2754 a
1542 2679 1602 2753 via
1628 2685 1738 2754 reotae
1763 2679 1862 2772 iidei3

693 2803 744 2878 ita
771 2807 871 2876 recte
895 2799 1045 2874 Boetius
1069 2799 1105 2872 in
1132 2799 1237 2894 libro,
1263 2803 1437 2891 quomodo
1467 2803 1619 2874 Trinitas
1642 2821 1732 2874 unus
1757 2805 1864 2890 Deru,

692 2921 779 2997 dicit
804 2921 841 2994 in
866 2919 999 2994 simiii:
1025 2925 1179 2994 cataros
1205 2919 1253 2994 ita
1278 2919 1545 3012 submovimus,
1570 2926 1611 2992 nt
1643 2919 1706 3015 qui
1732 2938 1865 3012 capere

691 3063 737 3118 ea
762 3041 1007 3136 nequiverint,
1033 3041 1081 3115 ad
1106 3059 1151 3115 ea
1177 3041 1286 3115 etiam
1318 3039 1473 3136 legenda
1499 3039 1692 3115 videantur
1716 3038 1863 3136 indigni.

691 3201 743 3216 -
760 3163 932 3254 L'ucquu.
972 3159 1038 3234 llic
1069 3167 1179 3255 poeta
1216 3159 1377 3255 assignat
1417 3160 1594 3236 rationem
1633 3158 1865 3234 dissuasionis

691 3302 805 3377 quam
830 3280 926 3374 iecit,
958 3287 997 3354 et
1027 3299 1179 3355 causam
1211 3299 1329 3373 quare
1354 3279 1431 3375 ipse
1459 3279 1571 3355 audet
1594 3279 1753 3372 intrare;
1778 3278 1865 3352 dicit

691 3422 782 3498 ergo
799 3400 938 3497 primo:
958 3403 1118 3492 L'ucpuu
1134 3403 1227 3473 ct'io
1240 3403 1392 3494 proedo
1412 3400 1515 3494 idest,
1536 3403 1729 3476 materiam
1751 3422 1863 3494 quam

692 3541 790 3595 nunc
814 3540 963 3594 assurm
981 3519 1270 3612 describendam,
1289 3523 1461 3611 piammoi
1473 3541 1547 3594 nou
1570 3523 1603 3594 si
1626 3541 1739 3614 corsc,
1759 3521 1863 3614 idest,

691 3660 882 3736 nunquam
907 3641 955 3715 ab
981 3639 1053 3714 aiio
1077 3639 1257 3735 descripta
1281 3639 1347 3713 tuit
1372 3639 1512 3734 poetice
1536 3639 1735 3736 intelligam
1756 3639 1862 3716 etsie

690 3767 746 3838 est
770 3760 875 3855 quasi
902 3780 1007 3834 mare
1023 3779 1205 3834 oceanum
1227 3780 1301 3834 non
1319 3759 1531 3855 navigatum
1549 3761 1706 3855 amptius
1722 3761 1770 3835 ab
1789 3760 1862 3835 alio

691 3903 804 3978 quam
829 3881 878 3955 ab
901 3901 957 3955 eo.
984 3881 1029 3954 Et
1053 3885 1140 3954 nota
1165 3879 1264 3973 quod
1289 3887 1396 3974 poeta
1416 3880 1511 3954 bene
1538 3879 1634 3955 dicit
1655 3881 1744 3968 Quis
1763 3879 1860 3956 enirn

691 4021 856 4096 unquam
873 4000 1094 4097 excogitavit
1111 4000 1232 4075 iacere
1250 4021 1367 4074 unum
1384 4000 1520 4074 ooetum
1537 3999 1738 4094 artificiale,
1751 4001 1863 4094 quate

689 4123 747 4197 tric
766 4125 873 4217 pocta
898 4120 1100 4194 mirabilis?
1124 4121 1168 4194 Et
1193 4121 1229 4194 in
1247 4120 1316 4194 hoc
1335 4119 1495 4216 tangitur
1513 4119 1646 4195 eximia
1668 4140 1862 4195 commen-

688 4242 787 4317 datio
813 4240 926 4314 nostri
952 4249 1080 4335 poetae,
1107 4239 1194 4335 quia
1220 4259 1330 4315 nemo
1357 4262 1521 4335 unquam
1547 4247 1634 4316 ante
1659 4262 1747 4316 eum
1774 4261 1863 4336 poe-

689 4363 760 4438 tice
783 4351 972 4456 descripsit
995 4359 1217 4456 paradisum,
1239 4359 1404 4436 similiter
1429 4379 1498 4436 nec
1522 4359 1802 4456 purgatorium,
1825 4367 1863 4434 et

688 4483 739 4558 sic
765 4504 836 4557 non
863 4481 990 4556 habuit
1015 4501 1127 4575 quem
1154 4480 1362 4556 imitaretur
1388 4480 1425 4554 in
1450 4481 1594 4556 duabus
1620 4479 1785 4576 partibus
1803 4480 1858 4554 sui

687 4601 875 4700 poematis.
901 4601 1088 4675 internum
1117 4601 1259 4676 verosi
1286 4602 1468 4675 Homerus
1493 4601 1635 4696 scripsit
1663 4619 1797 4696 graece,
1823 4606 1862 4673 et

688 4722 858 4820 Virgilius
883 4721 1004 4816 iatine,-
1030 4728 1153 4796 tamen
1187 4721 1346 4796 multum
1378 4721 1486 4816 nude,
1513 4723 1675 4798 breviter
1708 4729 1745 4796 et
1771 4741 1860 4796 con-

750 4977 778 5042 (¹)
795 4983 819 5040 t,
834 4979 867 5028 ad
882 4978 1047 5030 audiendum.
1141 4978 1168 5042 (¹)
1185 4979 1215 5030 Ε.
1230 4979 1300 5040 iibri,
1317 4979 1418 5030 diruas:
1434 4993 1495 5032 noo.
1589 4979 1615 5044 (¹)
1632 4980 1663 5030 Ε.
1679 4986 1794 5045 propter.
