4342 6692
680 851 752 922 aas
1071 864 1470 951 counuruunnnnnrsr

678 1033 790 1112 gnam
817 1013 952 1086 lamam
979 1010 1111 1086 merui.
1127 1017 1288 1086 —llsso
1311 1011 1376 1086 llic
1402 1011 1627 1086 lastinianus
1648 1013 1761 1108 tangit
1778 1033 1855 1088 uno

677 1134 792 1208 verbo
825 1132 962 1208 bellum
997 1132 1202 1206 maximum
1237 1139 1275 1209 et
1303 1133 1655 1228 periculosissimum
1687 1135 1851 1208 omnium

676 1275 761 1348 quae
785 1260 889 1352 gesta
914 1260 1001 1328 sunt
1026 1273 1093 1348 per
1119 1274 1304 1346 romanos,
1324 1253 1461 1329 scilicet
1483 1255 1687 1328 secundum
1713 1256 1852 1331 bellum

676 1375 865 1471 punicum,
893 1375 991 1468 quod
1017 1373 1141 1448 Livius
1166 1374 1435 1470 elegantissime
1463 1374 1636 1448 describit
1660 1377 1698 1448 in
1722 1376 1851 1452 decem

676 1497 793 1590 libris;
820 1496 919 1591 quod
943 1494 1062 1591 Scipio
1095 1495 1310 1570 mirabiliter
1335 1495 1491 1570 coniecit
1515 1495 1613 1570 victo
1638 1496 1853 1588 Hannibale,

675 1616 811 1692 domita
838 1617 1069 1712 Cartbagine,
1096 1617 1197 1691 ltalia
1223 1616 1387 1708 liberata,
1404 1616 1500 1690 sicut
1519 1616 1695 1710 scriptum
1720 1624 1775 1692 est
1793 1618 1853 1692 ln-

676 1737 768 1814 lerni
793 1737 952 1830 Cantica,
978 1737 1059 1812 ideo
1092 1758 1166 1810 non
1197 1737 1279 1831 plus
1315 1737 1362 1810 ad
1397 1757 1568 1831 praesens.
1603 1737 1697 1812 Dicit
1733 1758 1850 1834 ergo:

676 1865 777 1950 lisso,
798 1858 944 1951 scilicet,
964 1857 1110 1954 signum
1137 1857 1272 1952 aquilae
1296 1856 1548 1932 crudelissime
1573 1857 1781 1932 intestatum
1800 1859 1849 1932 ab

674 1979 886 2071 llannibale,
903 1972 1050 2072 otono,
1072 1978 1173 2071 idest,
1192 1978 1388 2072 prostravit
1408 1979 1455 2052 ad
1475 1984 1612 2052 terram
1636 1983 1673 2052 et
1697 1979 1850 2053 concul-

674 2097 771 2172 cavit
797 2096 932 2170 virtute
956 2095 1132 2191 Scipionis
1147 2094 1307 2170 Africani
1325 2094 1486 2187 maioris,
1507 2095 1572 2187 qut
1593 2095 1678 2172 lecit
1694 2096 1851 2170 Cartba-

674 2219 797 2314 ginem
825 2216 1067 2309 tributariam,
1094 2222 1131 2290 et
1157 2215 1294 2289 virtuto
1317 2215 1470 2290 alterius
1494 2215 1670 2311 Scipionis
1697 2216 1850 2290 minoris
1879 2205 1885 2215 '

674 2338 737 2433 qui
764 2337 861 2412 illam
888 2337 1030 2430 evertit,
1057 2339 1255 2427 l’orpoplio
1278 2338 1372 2426 ‹lepli
1395 2337 1514 2426 arabi,
1537 2335 1642 2428 idest,
1667 2357 1850 2432 arrogan-

675 2457 762 2532 tiam
780 2453 1043 2549 africanorum,
1061 2459 1121 2528 cbo
1133 2475 1291 2548 possoro
1308 2459 1331 2529 ἴ
1339 2458 1490 2548 olpestre
1504 2477 1619 2545 rocco,
1635 2455 1738 2550 idest,
1751 2456 1849 2550 ripas

672 2575 811 2671 alpium
846 2595 931 2669 quae
963 2575 1127 2650 dividunt
1152 2575 1291 2649 ltaliam
1322 2597 1345 2648 a
1374 2575 1500 2669 Gallia,
1526 2578 1639 2648 dietro
1663 2578 1713 2648 od
1737 2577 1849 2648 Anari-

673 2699 772 2791 bolc;
798 2697 884 2771 istas
909 2697 1009 2791 alpes
1026 2696 1204 2770 llannibal
1225 2695 1392 2770 transivit
1416 2716 1503 2770 cum
1532 2696 1695 2768 marimo
1711 2695 1848 2770 damno

673 2824 710 2894 et
735 2817 873 2909 labore,
898 2815 1134 2890 infestatusa
1166 2815 1337 2912 gentibus
1369 2816 1562 2907 montanis,
1596 2816 1694 2889 unde
1724 2814 1847 2890 amisit

675 2957 846 3034 magnam
867 2941 1006 3031 partem
1035 2935 1091 3009 sui
1117 2935 1303 3010 exercitus
1323 2943 1361 3010 et
1376 2936 1682 3029 elephantorum
1702 2935 1767 3008 ubi
1786 2956 1846 3010 sa·

675 3079 763 3132 rum
790 3057 1036 3132 inaccessibile
1061 3049 1268 3131 crematum
1297 3057 1397 3151 prius
1423 3056 1519 3152 igne,
1540 3055 1672 3130 deinde
1698 3075 1845 3150 resper-

672 3202 754 3256 sum
780 3184 886 3254 aceto
912 3179 995 3254 lecit
1020 3177 1147 3251 incidi:
1178 3183 1216 3251 et
1240 3177 1292 3250 sic
1317 3177 1416 3252 lerro
1445 3183 1483 3252 et
1514 3176 1601 3272 igne
1626 3177 1723 3250 riam
1750 3177 1844 3252 lecit.

671 3304 818 3396 Magnas
835 3299 962 3376 landos
982 3298 1190 3396 Hannibalis
1208 3298 1292 3372 lacit
1308 3297 1443 3391 Liuius,
1457 3298 1552 3372 inter
1565 3319 1659 3391 quas
1672 3298 1750 3371 baec
1768 3317 1843 3372 arna
1963 3366 1967 3370 e

671 3421 816 3496 videtur
827 3419 1117 3513 mirabiliS,quod
1131 3440 1217 3505 cum
1233 3419 1374 3494 steterit
1387 3419 1570 3494 sexdecim
1581 3419 1730 3493 annisin
1742 3419 1843 3493 ltalia

670 3561 755 3616 cum
775 3539 980 3614 colluvione
994 3545 1046 3612 tot
1062 3538 1228 3635 gentium
1247 3539 1506 3632 barbararum,
1521 3559 1604 3633 quae
1621 3545 1726 3614 erant
1743 3539 1839 3612 inter

670 3681 711 3736 sc
736 3659 890 3734 diversae
915 3658 1051 3754 lingua,
1079 3658 1256 3751 moribus,
1276 3658 1414 3752 babitu,
1431 3679 1635 3752 numquam
1661 3659 1755 3732 iacta
1778 3664 1835 3734 est

669 3779 873 3856 coniuratio
898 3784 1026 3854 contra
1052 3797 1139 3852 eum
1166 3799 1189 3852 a
1213 3779 1309 3871 snis;
1327 3779 1426 3872 quod
1449 3785 1663 3854 tamennon
1688 3777 1839 3874 contigit

669 3901 837 3995 Scipioni,
865 3919 931 3974 nec
957 3898 1103 3974 cesari.
1128 3900 1173 3972 Et
1196 3899 1285 3993 quia
1303 3898 1548 3973 nobilissimus
1567 3898 1700 3972 tluvius
1720 3898 1842 3971 Padus

668 4022 788 4098 oritur
813 4041 860 4094 cx
883 4019 1027 4115 alpibus
1053 4018 1244 4114 predictis,
1264 4019 1345 4093 ideo
1369 4018 1570 4094 incidenter
1587 4019 1704 4114 tangit
1728 4016 1843 4113 origi·

669 4163 754 4220 nem
781 4141 879 4234 eius3
911 4139 1008 4214 unde
1039 4143 1258 4213 convertens
1288 4159 1496 4213 sermonem
1527 4139 1574 4212 ad
1604 4159 1704 4231 cum,
1735 4137 1840 4210 dicit:

669 4269 734 4356 Po,
763 4266 800 4336 di
824 4264 883 4334 clio
907 4268 944 4333 to
969 4260 1051 4352 labi,
1080 4259 1182 4349 idest,
1208 4279 1255 4331 er
1282 4258 1416 4351 quibus
1441 4258 1584 4352 alpibus
1601 4264 1655 4348 tu,
1680 4278 1704 4331 o
1729 4256 1840 4348 Pado,

668 4383 810 4462 laberis.
825 4383 869 4456 Et
886 4381 943 4456 bic
956 4389 1040 4454 nota
1054 4379 1153 4473 quod
1170 4387 1281 4454 autor
1292 4380 1377 4453 lecit
1389 4380 1478 4452 satis
1495 4399 1671 4474 magnum
1689 4378 1838 4470 saltum,

666 4505 751 4601 quia
785 4503 871 4576 nibil
907 4502 1021 4597 tetigit
1046 4501 1092 4574 dc
1118 4501 1237 4595 primo
1263 4501 1359 4575 bello
1390 4500 1534 4594 punico,
1560 4497 1659 4590 quod
1690 4497 1841 4571 duravit

668 4623 794 4722 viginti
820 4629 982 4718 quatuor
1007 4621 1136 4714 annis;
1158 4643 1233 4715 quo
1259 4629 1427 4714 tempore
1451 4620 1584 4694 claruit
1604 4619 1661 4692 vir
1678 4619 1842 4712 integer·

666 4746 783 4819 rimus
800 4745 945 4818 Marcus
965 4742 1389 4838 Regulus—Sott’esso.
1409 4741 1475 4813 llic
1486 4740 1711 4814 lastinianus
1725 4739 1841 4834 tangit

666 4865 871 4959 triumphos
905 4865 1069 4938 duorum
1109 4862 1397 4936 clarissimorum
1428 4860 1632 4955 principum
1665 4879 1840 4934 romano-

668 5006 772 5077 κως
793 5003 956 5078 qnorum
982 4965 1215 5078 primm‘non
1232 4981 1361 5058 babuit
1376 5002 1503 5076 parom
1520 4980 1557 5054 in
1577 4981 1725 5076 virtute,
1743 4980 1838 5056 alter
