4342 6692
657 874 728 940 lbb
1048 883 1253 939 nouuuruu
1276 886 1445 938 rrunnrsr

655 1036 829 1122 nostram,
846 1021 877 1101 si
893 1030 953 1102 cic
969 1049 1041 1102 uon
1064 1032 1098 1102 si
1108 1037 1213 1122 puole
1229 1037 1345 1104 torcer
1359 1033 1531 1122 mammos·
1545 1033 1596 1104 ud
1616 1033 1744 1104 olcmm
1763 1022 1827 1105 uc·

651 1152 783 1242 quum,
801 1148 902 1241 idest,
930 1169 1009 1222 rem
1035 1148 1220 1242 iniquam3
1246 1151 1350 1244 quasi
1375 1151 1490 1226 dicat:
1517 1171 1591 1226 non
1615 1157 1735 1246 polest
1758 1171 1827 1246 ap-

654 1270 787 1364 petitus
812 1269 850 1342 in
876 1269 979 1343 nobis
1004 1289 1085 1343 esse
1110 1289 1317 1364 perversus.
1335 1271 1379 1344 lit
1400 1271 1458 1344 bic
1479 1275 1566 1346 nota
1590 1270 1691 1364 quod
1716 1269 1829 1345 etiam

649 1391 788 1487 justitia
816 1391 978 1466 bumana
1003 1390 1202 1484 aliquando
1235 1391 1320 1465 iacit
1350 1391 1494 1466 animos
1525 1391 1717 1466 bominum
1750 1412 1831 1467 esse

655 1516 844 1586 contentos
871 1511 906 1583 in
931 1511 1172 1585 diminutione
1197 1511 1255 1586 vel
1281 1511 1529 1586 subtractione
1554 1511 1709 1606 praemii,
1734 1511 1831 1586 sicut

657 1631 773 1726 patuit
797 1651 908 1725 supra
934 1632 971 1705 in
998 1631 1171 1705 militibus
1196 1631 1357 1706 liberatis
1385 1653 1407 1705 a
1440 1631 1663 1726 Cincinnato,
1694 1633 1829 1726 quibus

658 1771 731 1824 non
751 1750 848 1824 dedit
867 1757 1010 1846 partem
1037 1751 1180 1846 praedae,
1198 1751 1262 1845 qui
1278 1758 1404 1826 tamen
1422 1753 1641 1826 laetabantur
1664 1753 1711 1828 de
1735 1753 1829 1827 libe-

659 1872 800 1946 ratione
818 1893 902 1965 sua,
929 1873 1046 1946 multo
1073 1873 1190 1968 magis
1214 1872 1271 1945 isti
1288 1877 1550 1947 contentantor
1565 1873 1613 1947 de
1628 1873 1828 1948 salvatione

657 2013 736 2085 sua,
754 1993 837 2066 licet
856 1992 973 2086 gloria
992 1993 1196 2065 multorum
1223 1991 1259 2065 in
1284 1992 1378 2066 coelo
1396 1993 1441 2065 sit
1459 1993 1589 2066 maior.
1608 1993 1652 2066 Et
1667 1993 1830 2067 declarat

657 2113 727 2187 boc
751 2133 817 2206 per
842 2113 1008 2206 pulcram
1041 2120 1078 2186 et
1108 2111 1293 2206 propriam
1326 2112 1640 2206 comparationem
1665 2112 1830 2187 diversa·

657 2253 742 2306 rum
770 2252 916 2326 vocum,
942 2253 1026 2326 qnae
1051 2232 1148 2307 bene
1180 2233 1464 2327 proportionatae
1487 2231 1526 2304 in
1550 2238 1661 2306 cantu
1693 2231 1830 2306 iaciunt

657 2352 863 2427 mirabilem
891 2351 1097 2426 melodiam.
1124 2353 1216 2426 Dicit
1241 2373 1351 2449 ergo:
1377 2354 1515 2426 dioeroe
1540 2355 1629 2442 voci,
1650 2351 1686 2425 in
1712 2354 1828 2428 cboro

657 2473 878 2567 canentium,
902 2477 969 2567 sau
994 2477 1129 2546 dicore
1153 2481 1245 2566 nole,
1270 2494 1355 2567 quae
1385 2473 1609 2548 concordant
1637 2472 1685 2546 ad
1710 2494 1829 2547 unum

658 2598 828 2685 cantum3
859 2585 942 2686 cosi,
975 2591 1076 2687 idest,
1109 2594 1159 2668 ita
1190 2615 1214 2668 a
1245 2593 1364 2686 simili,
1397 2596 1528 2667 dinoci
1556 2595 1694 2684 scanni,
1726 2593 1829 2686 idest,

658 2713 762 2788 sedes
778 2713 985 2807 beatorum,
1006 2715 1143 2788 reudon
1159 2717 1256 2788 dolce
1272 2717 1450 2805 armonia,
1467 2714 1559 2788 idest
1575 2735 1729 2789 suavem
1750 2734 1830 2789 me·

658 2833 804 2926 lodiam,
829 2837 866 2906 io
891 2841 1015 2906 nostro
1041 2838 1125 2925 nito,
1150 2835 1296 2928 scilicet,
1318 2843 1469 2928 aeterna,
1495 2842 1553 2908 tra
1577 2843 1691 2926 queste
1714 2842 1827 2926 mole,

659 2953 760 3047 idest,
781 2953 874 3028 inter
901 2954 986 3027 istas
1011 2974 1137 3048 speras
1162 2954 1356 3028 coelorum.
1370 2960 1466 3026 -Ε
1488 2957 1623 3028 dentre.
1642 2955 1747 3029 Nunc
1765 2955 1832 3028 lu·

659 3072 836 3146 stinianus
859 3073 1065 3147 manifestat
1089 3074 1199 3147 aliam
1224 3074 1386 3149 animam
1409 3075 1624 3150 modernam
1651 3074 1698 3149 de
1722 3094 1830 3170 spera

658 3192 840 3286 Mercurii,
866 3213 950 3285 quae
976 3193 1043 3266 luit
1069 3193 1282 3268 mirabiliter
1306 3195 1425 3268 activa
1457 3194 1494 3268 in
1525 3193 1597 3269 vita
1631 3194 1829 3268 mundana.

658 3311 712 3385 dd
737 3310 1020 3386 declarationem
1046 3321 1173 3387 autem
1198 3313 1302 3386 istius
1329 3313 1499 3407 bisloriae,
1517 3335 1602 3408 quae
1624 3314 1748 3387 multis
1774 3320 1831 3387 est

658 3432 803 3506 occulta
828 3438 866 3506 et
890 3432 1084 3529 incognita,
1103 3442 1158 3508 est
1175 3433 1453 3528 presciendum,
1471 3433 1570 3528 quod
1590 3434 1830 3530 Raymundus

660 3551 914 3648 Berengerius,
947 3552 1074 3626 nobilis
1106 3574 1232 3629 comes
1262 3553 1457 3648 provinciae
1482 3555 1735 3648 Narbonensis,
1761 3555 1829 3628 luit

659 3671 716 3744 vir
742 3670 936 3764 humanus,
950 3671 1115 3766 allabilis,
1136 3675 1395 3770 rbytbmorum
1417 3674 1627 3771 vulgarium
1645 3674 1749 3750 lacile
1767 3695 1828 3749 re-

659 3796 803 3884 pertor,
830 3789 892 3864 sed
919 3791 1025 3864 nimis
1051 3792 1220 3887 liberalis,
1241 3793 1435 3889 magnifice
1452 3795 1624 3868 omnibus
1648 3795 1830 3869 nobilibus

658 3909 849 3986 dexteram
875 3932 954 3984 suae
987 3913 1163 4010 largitatis
1188 3913 1400 4007 extendens,
1437 3935 1584 4009 semper
1612 3921 1694 3989 erat
1728 3915 1831 3988 debi-

659 4036 718 4104 lor
753 4031 923 4104 multum.
958 4032 1095 4106 decidit
1130 4040 1256 4107 autem
1291 4034 1390 4127 quod
1428 4035 1578 4129 quidam
1612 4033 1831 4130 peregrinus

659 4149 810 4225 veniens
825 4151 873 4225 ab
890 4158 1058 4226 extremo
1076 4153 1284 4248 occidentis,
1301 4154 1444 4230 visitata
1462 4156 1557 4230 beati
1579 4155 1703 4230 Jacobi
1720 4155 1832 4229 Cam·

659 4269 857 4365 postellana
883 4271 1046 4365 ecclesia,
1069 4273 1236 4366 pervenit
1253 4274 1433 4369 Tolosam,
1457 4275 1532 4368 ubi,
1554 4275 1641 4369 quia
1666 4273 1723 4348 vir
1748 4294 1832 4369 spe-

659 4389 797 4464 ctabilis
827 4396 863 4464 et
894 4390 1116 4465 honorabilis
1149 4391 1354 4487 videbatur,
1389 4395 1562 4469 invitatus
1595 4394 1642 4468 ad
1675 4393 1831 4489 curiam,

570 4493 573 4500 ’
614 4515 618 4522 ‘
659 4511 782 4585 babito
809 4531 980 4585 sermone
1005 4532 1091 4586 cum
1118 4514 1263 4608 comite,
1290 4515 1471 4608 persuasit
1502 4515 1703 4610 prudenter
1731 4515 1832 4608 quod

659 4631 696 4704 in
721 4630 825 4704 brevi
851 4631 969 4725 ipsum
997 4632 1169 4707 liberaret
1193 4634 1241 4707 ab
1269 4635 1390 4709 usuris
1418 4636 1690 4712 Caorsinorum.
1721 4635 1834 4710 Com·

660 4749 770 4825 missa
788 4771 879 4847 ergo
896 4751 961 4825 sibi
979 4753 1201 4848 amplissima
1220 4760 1398 4848 potestate
1414 4756 1605 4831 ordinandi
1623 4763 1661 4830 et
1686 4755 1832 4850 dispen-

660 4869 762 4944 sandi
793 4871 927 4966 omnia,
957 4871 1135 4947 industria
1169 4878 1206 4948 et
1238 4875 1436 4971 sagacitate
1469 4898 1538 4951 sua
1570 4875 1677 4950 solvit
1709 4875 1832 4951 debita

662 5010 807 5085 magna,
834 4998 871 5064 et
897 4993 1148 5088 multiplicavit
1173 4993 1345 5068 redditus.
1379 4996 1423 5069 Et
1456 4996 1705 5094 interrogatus
1732 5017 1830 5092 saepe
