4342 6692
683 873 731 940 68
1042 882 1246 940 munerun
1270 884 1494 940 sunuaronu

682 1035 831 1126 propter
857 1027 1103 1123 colloquium5
1129 1032 1167 1102 et
1197 1048 1220 1103 e
1250 1048 1429 1103 converso
1460 1026 1711 1121 colloquentes
1742 1023 1852 1099 simul

682 1170 780 1244 saepe
805 1150 922 1224 solent
941 1147 1125 1224 dimittere
1142 1149 1201 1223 vel
1218 1148 1365 1224 tardare
1381 1146 1605 1242 colloquium
1623 1151 1772 1242 propter
1787 1165 1853 1219 ac·

682 1269 847 1344 celerare
866 1269 955 1363 iter3
971 1269 1018 1344 ad
1035 1267 1261 1364 propositum
1280 1288 1371 1343 vero
1387 1273 1495 1364 poeta
1515 1264 1594 1342 vult
1610 1265 1733 1341 dicere
1753 1262 1852 1358 quod

682 1390 741 1465 bio
762 1397 963 1483 utrumque
978 1381 1014 1482 (¹)
1034 1389 1226 1482 iaciebant,
1243 1394 1281 1464 et
1297 1389 1402 1464 bene.
1420 1387 1512 1462 Dicit
1528 1407 1639 1482 ergo:
1667 1382 1722 1460 Ne*
1734 1388 1763 1459 il
1777 1387 1850 1476 dtr,

681 1508 783 1604 idest,
812 1515 941 1584 mutua
966 1508 1111 1584 collatio
1134 1509 1331 1584 amborum
1347 1499 1397 1603 (¹),
1419 1513 1523 1603 succa
1545 1501 1608 1600 pu
1632 1509 1724 1580 boto
1748 1509 1771 1578 t'
1783 1525 1853 1578 on-

680 1632 764 1720 dar,
787 1635 966 1724 nostrum,
990 1625 1036 1704 nd
1050 1632 1072 1701 l'
1081 1631 1201 1703 cador
1214 1633 1319 1724 socca
1332 1622 1394 1721 pid
1410 1631 1501 1702 ento
1516 1629 1578 1720 itti,
1603 1625 1708 1721 idest,
1726 1626 1846 1721 ipsum

680 1748 793 1842 loqui,
819 1769 879 1821 mo
901 1751 1128 1840 rapionuodo
1152 1751 1333 1822 comeum
1358 1753 1464 1843 sorte,
1495 1767 1519 1824 a
1547 1746 1666 1841 simili,
1698 1738 1850 1819 sicomc

680 1871 770 1942 ouva
782 1872 883 1962 ptam
899 1871 948 1942 do
967 1870 1059 1944 buon
1078 1876 1189 1942 vento
1210 1871 1255 1944 Et
1271 1875 1327 1945 est
1346 1867 1494 1965 propria
1513 1866 1728 1942 similitudo:
1746 1865 1849 1942 naris

680 1987 778 2064 enirn
805 1987 958 2062 istorum
985 1987 1074 2064 levis
1100 1987 1356 2084 impellebatur
1379 2010 1402 2064 a
1428 1988 1525 2063 bono
1550 1987 1690 2083 spiritu,
1708 1992 1746 2061 et
1770 1993 1850 2061 teu-

680 2109 789 2184 debat
813 2109 860 2184 ad
879 2109 1018 2183 bonum
1039 2116 1189 2206 portum
1206 2130 1294 2184 cum
1315 2110 1411 2184 bona
1429 2108 1658 2202 confidentia,
1677 2106 1763 2201 quia
1784 2107 1849 2182 bu·

679 2230 790 2305 bebat
814 2230 907 2304 duos
932 2228 1067 2326 peritos
1099 2235 1283 2325 patronos,
1312 2229 1459 2324 scilicet,
1480 2228 1672 2327 Virgilium
1704 2233 1743 2302 et
1771 2226 1854 2302 Sta·

680 2351 786 2446 tium,
804 2350 868 2445 qui
884 2350 979 2426 bene
1004 2351 1165 2426 sciebant
1183 2351 1300 2426 vitare
1318 2351 1486 2447 scopulos
1503 2356 1541 2426 et
1560 2356 1688 2426 tenore
1703 2355 1849 2425 rectum

679 2470 760 2547 iter.
788 2472 830 2544 lit
855 2470 975 2546 subdit
1000 2470 1270 2566 dispositionem
1295 2470 1441 2545 illarum
1466 2470 1688 2565 animarum,
1707 2469 1847 2544 diceus:

680 2613 699 2664 c
723 2595 746 2664 t'
758 2591 879 2665 omdre
902 2593 963 2664 clte
982 2611 1125 2684 parcan
1149 2611 1227 2664 cose
1250 2595 1409 2682 mmortc,
1433 2590 1472 2665 in
1496 2591 1594 2666 lame
1625 2597 1663 2665 et
1695 2589 1764 2683 siti,
1783 2609 1851 2682 pcr

680 2715 712 2786 te
733 2716 828 2807 fosse
847 2714 939 2803 deuii
957 2713 1065 2803 occlti,
1093 2717 1135 2785 ut
1158 2711 1297 2787 dictum
1315 2712 1424 2787 estin
1441 2711 1600 2808 capitulo
1616 2710 1849 2807 precedenti,

680 2839 807 2906 uacuo
831 2833 1067 2904 nmmuuztoo
1091 2834 1130 2905 di
1153 2852 1220 2923 mc,
1249 2832 1330 2926 ittae,
1357 2831 1450 2926 dico,
1475 2839 1614 2906 accortc
1637 2834 1676 2905 dt
1699 2834 1768 2905 mio
1795 2833 1848 2903 oi-

679 2973 785 3026 ucre:
813 2972 880 3048 per
913 2951 1085 3026 umbram
1112 2951 1275 3047 corporis
1301 2958 1470 3048 poterant
1493 2952 1551 3026 isti
1583 2951 1721 3046 mirari,
1746 2949 1847 3044 quod

678 3073 812 3147 Dentes
838 3077 918 3146 erat
942 3071 1059 3165 vivus,
1086 3091 1155 3146 nec
1179 3077 1260 3146 erat
1285 3092 1411 3147 macer
1435 3071 1529 3147 sicut
1546 3070 1624 3169 ipsi,
1644 3071 1726 3146 licet
1752 3076 1849 3145 esset

679 3213 805 3268 macer
830 3213 896 3288 per
921 3199 1093 3267 naturam
1120 3198 1157 3266 et
1183 3192 1368 3285 studium,
1385 3212 1453 3268 nec
1470 3198 1551 3267 erat
1573 3192 1740 3267 ebriosus
1756 3190 1852 3266 sicut

679 3311 736 3386 isti
763 3313 920 3405 fuerant,
938 3311 1013 3386 imo
1031 3310 1136 3386 valde
1161 3311 1317 3386 sobrius.
1331 3353 1382 3367 -
1393 3318 1439 3387 Et
1451 3316 1497 3387 iu.
1519 3313 1585 3388 llic
1601 3319 1709 3408 poeta
1727 3319 1851 3388 osten-

679 3431 732 3506 dit
757 3431 942 3526 quomodo
960 3431 1177 3526 processerit
1193 3431 1231 3506 in
1251 3451 1422 3507 sermone
1438 3432 1624 3526 incboato;
1643 3432 1730 3526 quia
1747 3431 1846 3506 enim

678 3552 717 3626 in
743 3551 815 3626 line
841 3550 1076 3647 praecedentis
1102 3551 1250 3648 capituli
1275 3552 1459 3647 loquendo
1475 3572 1562 3627 cum
1579 3553 1728 3628 Formio
1743 3553 1848 3628 dire·

678 3677 736 3747 rat
757 3672 855 3766 quod
881 3672 1004 3747 anima
1021 3672 1123 3747 Statii
1142 3673 1374 3748 recedebata
1395 3692 1510 3770 regno
1527 3674 1745 3770 purgatorii,
1762 3674 1844 3749 ideo

680 3813 779 3868 nunc
805 3793 958 3868 reflectit
981 3813 1022 3868 se
1047 3785 1093 3867 ad
1119 3792 1206 3868 illud
1231 3793 1369 3868 dictum
1404 3799 1442 3868 et
1469 3793 1573 3869 dicit:
1603 3800 1648 3868 at
1677 3798 1713 3869 io
1738 3797 1847 3868 cont·-

612 3924 615 3930 ’
678 3915 822 3987 nuoodo
846 3917 874 3986 tt
897 3917 967 3988 mto
986 3935 1160 4004 samone,
1177 3916 1274 4004 dost,
1299 3913 1468 3989 Foresio:
1490 3917 1571 4005 cllo,
1589 3914 1736 4009 scilicet,
1765 3936 1849 3988 um-

678 4033 746 4110 bra
779 4033 891 4128 Statii,
924 4055 985 4108 sco
1019 4055 1066 4106 vu
1103 4056 1157 4125 su,
1186 4053 1316 4109 versus
1340 4033 1489 4129 coelum,
1516 4038 1614 4129 sorec
1639 4031 1701 4131 pici
1726 4038 1846 4126 tarde

678 4154 824 4248 scilicet,
849 4159 999 4250 propter
1025 4173 1087 4228 me
1112 4159 1149 4229 et
1178 4153 1382 4250 Virgilium,
1415 4155 1452 4228 in
1482 4175 1643 4249 quorum
1675 4155 1849 4231 societate

678 4277 758 4351 vult
783 4295 864 4350 esse
896 4295 1015 4368 usque
1047 4273 1094 4350 ad
1118 4295 1309 4348 summum
1343 4275 1487 4369 montis,
1516 4277 1577 4350 cte
1606 4297 1680 4350 noo
1705 4275 1858 4369 sorcbbc

674 4417 742 4489 per
767 4397 910 4469 latoni
932 4397 1092 4486 capione,
1114 4393 1201 4489 quia
1226 4394 1345 4490 gratia
1370 4393 1521 4470 alterius
1539 4415 1612 4470 non
1630 4395 1850 4470 retardasset

678 4515 708 4592 si
734 4536 808 4590 non
833 4514 1053 4590 occurrisset
1079 4513 1182 4589 nobis
1213 4514 1251 4588 in
1283 4514 1353 4621 via,
1388 4513 1464 4588 imo
1489 4515 1566 4610 jam
1600 4515 1779 4590 evolasset
1812 4513 1850 4588 iu

678 4638 836 4713 coelum:
863 4643 900 4711 et
922 4636 973 4710 sic
991 4635 1074 4710 ride
1090 4635 1188 4730 quod
1207 4655 1319 4710 verus
1335 4635 1477 4710 amicus
1493 4635 1675 4731 postponit
1690 4636 1737 4711 ad
1754 4641 1850 4710 tem·

680 4779 750 4854 pus
762 4756 953 4854 proprium
967 4755 1204 4830 commodum
1219 4776 1286 4851 pro
1302 4755 1433 4849 amico,
1453 4761 1496 4829 ut
1515 4755 1601 4831 dicit
1616 4756 1850 4852 philosophus

743 5017 771 5082 (¹)
788 5021 842 5080 tlt,
859 5023 1001 5084 utrumque
1016 5017 1096 5069 simul
1110 5017 1246 5069 iaciebant.
1347 5014 1375 5079 ι’)
1392 5019 1613 5080 ¹1⁷,rerborm
