4342 6692
635 892 773 949 caurus
797 894 989 950 vrossruus
1014 896 1198 951 susumus.
1432 886 1498 954 ill

329 1040 458 1113 Pescia
482 1029 513 1110 st
537 1040 640 1131 disse,
662 1038 722 1113 ille
738 1040 905 1136 angelus,
930 1062 1026 1113 come
1049 1043 1112 1115 noi
1133 1044 1184 1132 pli
1204 1044 1340 1135 summo
1360 1062 1500 1134 presse,

332 1157 418 1253 quia
443 1158 617 1233 continuo
642 1158 799 1254 ibamus,
825 1160 901 1256 ipse
926 1180 1016 1237 vero
1041 1161 1179 1237 stabat:
1203 1157 1265 1254 pta
1289 1182 1361 1235 aon
1385 1148 1418 1237 si
1441 1184 1501 1255 oa,

331 1278 434 1372 idest,
458 1278 503 1352 iri
530 1298 603 1353 non
630 1284 756 1374 potest,
782 1284 940 1355 nonime
958 1289 1070 1373 sunu,
1095 1281 1281 1379 quiajam
1308 1284 1442 1357 [lantes
1463 1288 1503 1357 ot

331 1398 466 1473 Statius
487 1404 594 1473 erant
609 1398 753 1495 purgati
773 1400 945 1475 omnibus
962 1401 1068 1497 vitiis,
1085 1407 1124 1476 et
1140 1402 1337 1477 tendebant
1355 1402 1403 1479 ad
1423 1422 1501 1477 coe·

333 1519 429 1613 lum;
456 1518 625 1615 Virgilius
650 1539 740 1594 vcro
765 1520 828 1615 qui
854 1529 935 1597 erat
959 1544 1027 1617 pro
1051 1528 1173 1598 scorta
1199 1524 1308 1618 paulo
1334 1530 1414 1618 post
1441 1541 1502 1596 re·

332 1638 426 1714 cedit
441 1632 491 1734 (¹),
506 1646 547 1713 ut
560 1640 714 1735 patebit;
731 1645 867 1735 seprio
883 1645 1026 1736 itsuoco
1042 1664 1116 1718 noc
1135 1647 1270 1734 morde,
1283 1643 1386 1738 idest,
1404 1649 1502 1719 amat

331 1780 464 1856 parum
492 1781 568 1856 vos,
595 1760 688 1857 ideo,
714 1768 847 1836 cabulo
870 1766 909 1837 in
933 1785 1031 1857 esso;
1066 1771 1104 1841 ct
1134 1763 1237 1838 dicit:
1263 1785 1282 1837 c
1309 1784 1382 1837 non
1413 1765 1502 1837 aaa

331 1884 438 1955 sorde
469 1884 507 1955 al
536 1888 662 1955 contar
691 1885 729 1955 di
761 1873 811 1975 ld,
844 1883 949 1978 quasi
978 1882 1098 1959 dicat:
1132 1883 1396 1977 confortemini,
1431 1882 1500 1958 viri

330 2001 454 2096 fortes,
481 2010 519 2077 et
542 1994 674 2077 habete
699 2002 910 2098 patientiam
942 2003 978 2077 in
1010 2003 1107 2101 igne,
1133 2003 1220 2099 quia
1251 2005 1347 2079 ultra
1372 2002 1496 2100 ignem

330 2121 483 2196 audietis
508 2122 618 2197 aliam
645 2142 774 2198 vocem
801 2122 995 2220 benignam
1008 2115 1044 2216 (²)
1062 2124 1298 2219 recipientem
1317 2144 1393 2218 vos,
1414 2143 1499 2217 que

329 2241 415 2316 dicit
429 2230 486 2334 (ἥς
512 2245 623 2315 Venite
647 2242 813 2317 benedicti
836 2250 905 2317 etc.
932 2243 976 2316 Et
1000 2243 1101 2339 ponit
1120 2244 1292 2319 ellectum
1319 2250 1426 2338 poeta
1451 2261 1499 2316 er

329 2369 434 2458 parte
450 2362 506 2437 sui
521 2350 572 2455 (⁸),
591 2360 733 2436 dicens:
749 2365 865 2455 perclt’
878 2365 913 2435 io
933 2364 1072 2436 diccunt
1089 2366 1140 2437 tal
1153 2366 1284 2456 quond’
1296 2366 1331 2435 io
1358 2364 1498 2452 reuec,

329 2484 477 2578 scilicet,
496 2482 644 2577 quando
661 2482 783 2557 audivi
800 2482 899 2577 quod
920 2483 1112 2578 oportebat
1139 2504 1200 2559 me
1225 2483 1351 2559 viuum
1378 2489 1500 2556 trans·

330 2605 385 2679 irc
405 2604 623 2699 perignem,
641 2606 743 2695 quale
762 2600 888 2677 dcolui
903 2606 963 2676 cle
982 2606 1074 2677 nella
1091 2608 1192 2697 [ossa
1213 2600 1374 2695 dumoso,
1394 2600 1498 2696 quasi

329 2724 441 2800 dicat:
469 2723 585 2799 lactus
611 2744 693 2797 sum
720 2723 770 2797 ita
796 2723 945 2799 territus
970 2722 1069 2817 quod
1095 2723 1245 2798 videbar
1262 2729 1499 2797 mortuus.-

328 2848 373 2919 ln
396 2866 449 2919 su.
480 2844 545 2918 llic
574 2850 681 2938 poeta
714 2844 880 2938 ostendit,
912 2843 1098 2938 quomodo
1128 2864 1169 2919 sc
1200 2843 1370 2919 babuerit
1399 2842 1497 2918 circa

329 2964 438 3037 istum
458 2963 593 3060 ignem,
607 2963 747 3039 dicens:
765 2968 807 3037 lo
823 2966 872 3037 mi
884 2967 1016 3057 protest
1031 2967 1068 3037 to
1084 2984 1126 3037 su
1142 2967 1174 3037 le
1189 2984 1496 3069 moncommessc,

330 3084 409 3160 vult
434 3083 567 3178 dicere,
594 3083 693 3178 quod
719 3083 914 3180 implicavit
930 3075 967 3176 (⁵)
1001 3104 1153 3157 manum
1182 3104 1268 3157 cum
1302 3104 1427 3178 manu,
1460 3090 1497 3157 et

328 3203 524 3277 connexuit
548 3202 678 3299 digitos
702 3203 748 3278 ad
774 3203 942 3297 inuicem,
960 3202 1052 3277 sicut
1070 3204 1162 3277 solet
1183 3204 1294 3277 bomo
1319 3203 1441 3279 lacere
1458 3203 1495 3277 in

329 3345 461 3421 magna
486 3323 647 3418 tristitia3
673 3326 887 3416 puordando
910 3326 1075 3418 ilstoco,
1102 3343 1168 3419 per
1194 3343 1306 3418 quem
1335 3322 1385 3397 ita
1411 3344 1497 3397 cur-

327 3443 457 3518 rebant
481 3442 614 3517 animm
639 3464 716 3539 prae
740 3444 878 3537 dolore,
899 3449 936 3517 et
958 3443 1125 3519 dicebam
1152 3444 1247 3517 intra
1273 3461 1352 3516 me:
1379 3443 1497 3519 multo

326 3562 430 3658 peius
447 3562 518 3638 erit
535 3564 611 3659 tibi,
629 3564 795 3659 quicum
814 3584 969 3659 corpore
990 3563 1090 3639 vivis.
1111 3563 1214 3638 Unde
1233 3561 1338 3638 dicit:
1356 3569 1389 3637 E
1405 3566 1497 3636 imu-

326 3688 484 3775 ptoando
506 3688 599 3778 sorte
624 3687 744 3759 amani
767 3688 866 3779 corpi
889 3675 950 3777 pol
976 3687 1091 3758 ocduti
1111 3688 1242 3758 moesi:
1259 3684 1363 3778 quasi
1388 3683 1495 3776 dicat,

327 3807 426 3901 quod
451 3813 539 3881 tunc
565 3806 664 3881 uenit
685 3806 751 3881 sibi
777 3806 813 3879 in
840 3813 1001 3881 mentem
1020 3805 1119 3900 quod
1140 3806 1336 3899 aliquando
1356 3804 1496 3880 viderat

327 3926 494 4003 bomincs
519 3926 687 4001 comburi
713 3926 749 3999 in
777 3924 913 3999 mundo
939 3924 1020 4019 isto,
1045 3924 1140 4001 sicut
1165 3925 1258 3999 lorte
1285 3924 1493 3999 sodomitas.

327 4048 370 4121 Et
394 4046 452 4121 bic
479 4054 564 4122 nota
589 4046 762 4140 breviter,
788 4046 914 4140 lector,
932 4043 1031 4139 quod
1057 4043 1205 4138 quidam
1232 4045 1395 4119 volentes
1414 4044 1495 4139 pbi-
1537 4085 1540 4091 ,

327 4167 508 4263 losopbari
534 4168 570 4239 in
598 4166 708 4243 rebus
732 4165 867 4262 grossis
900 4164 1025 4239 dicunt
1057 4163 1128 4258 bic,
1154 4164 1254 4258 quod
1285 4170 1395 4239 autor
1419 4183 1495 4238 uon

326 4286 491 4381 loquitur
515 4286 561 4361 de
586 4285 671 4381 igne
695 4285 867 4380 predicto
892 4282 1118 4380 purgatorio,
1144 4282 1219 4357 imo
1244 4283 1291 4359 de
1316 4283 1401 4379 igne
1418 4284 1495 4358 ele-

327 4405 483 4480 mentari
510 4404 545 4479 in
568 4425 674 4500 spera
691 4426 778 4498 sua,
795 4402 892 4498 quod
912 4402 999 4478 mibi
1017 4402 1163 4478 videtur
1181 4402 1388 4497 ridiculum,
1407 4402 1493 4496 quia

325 4533 433 4620 poeta
464 4524 565 4619 ponit
593 4543 719 4598 aerem
754 4544 866 4618 supra
899 4522 1007 4598 istum
1040 4522 1176 4620 ignem,
1202 4522 1302 4617 quod
1334 4542 1407 4597 non
1439 4529 1495 4597 est

278 4658 281 4665 ’
324 4644 493 4742 possibile
518 4665 584 4739 per
605 4651 790 4738 naturam,
807 4643 894 4737 imo,
913 4648 954 4717 ut
971 4642 1108 4719 ridebis
1125 4644 1162 4717 in
1182 4662 1368 4738 processu,
1388 4649 1495 4737 poeta

388 4874 415 4938 ι’)
430 4874 461 4925 E.
478 4874 590 4926 madet.
908 4872 935 4934 ι’)
951 4874 981 4923 Ε.
998 4874 1116 4937 benlgno.

388 4952 415 5013 (·)
432 4950 462 5001 E.
478 4964 537 5015 qno
552 4950 629 5003 dlnst.
907 4949 935 5012 (⁸)
953 4954 1006 5011 m,
1023 4962 1055 5000 cx
1071 4954 1144 5014 purte
1159 4962 1215 5001 nn.

389 5030 417 5093 (¹)
434 5032 487 5091 117,
503 5028 630 5093 implicuit
646 5040 760 5079 manum.
