4342 6692
667 906 805 963 cunnus
829 909 1019 963 vroesruus
1043 910 1188 964 smnus.
1437 900 1507 968 135

334 1052 511 1148 difficilis3
536 1060 574 1128 et
598 1052 787 1129 mannua
802 1052 906 1127 istius
922 1054 1028 1129 bonae
1047 1061 1165 1147 erant,
1184 1055 1233 1127 ita
1255 1057 1355 1149 quod
1370 1058 1507 1135 Dentes

337 1192 436 1247 nunc
460 1179 605 1267 poterat
628 1172 752 1247 dicere
781 1172 828 1247 de
858 1172 961 1247 dictis
988 1173 1136 1247 Arnaldi
1168 1173 1267 1268 illud,
1293 1176 1393 1268 quod
1417 1178 1507 1253 olim

337 1291 509 1389 Virgilius
533 1294 651 1368 fertur
676 1293 809 1374 dixisse
833 1294 879 1368 de
904 1293 1043 1389 scriptis
1066 1292 1183 1389 Ennii,
1202 1295 1265 1389 qui
1290 1296 1397 1370 dixit:
1416 1302 1510 1389 cho

338 1432 465 1487 noum
489 1416 527 1487 in
550 1420 703 1487 stercore
729 1416 844 1487 Ense.
862 1414 907 1487 Et
932 1413 1015 1489 lacit
1041 1415 1289 1509 parenthesim
1313 1416 1455 1492 dicens:
1477 1424 1512 1491 ct

338 1524 470 1624 oddt'td,
497 1532 588 1607 idest
604 1532 716 1629 digito
741 1532 908 1628 ostendit,
932 1554 981 1606 anx
1003 1538 1116 1627 spirto
1139 1538 1301 1626 innanzi,
1320 1537 1382 1632 qui
1410 1558 1509 1633 prae-

339 1655 491 1729 cedebat
514 1674 614 1730 eum.
642 1654 686 1729 lit
711 1654 904 1729 confirmat
937 1653 1054 1730 Gnido
1092 1657 1191 1749 quod
1223 1657 1327 1753 dixit,
1359 1658 1506 1734 diceus:

339 1777 399 1852 ille
421 1774 614 1870 ArnalduS,
638 1768 818 1849 soocrctid
843 1779 928 1866 tutti,
946 1776 1047 1871 idest,
1065 1779 1253 1872 superavit
1277 1786 1316 1855 et
1340 1780 1508 1875 excessit,

340 1898 432 1969 corsi
454 1899 614 1988 donn,
643 1916 728 1970 narn
754 1916 883 1971 versus
905 1897 1077 1991 vulgares
1101 1898 1346 1994 principaliter
1370 1899 1508 1975 inventi

339 2023 423 2093 sunt
440 2022 588 2112 propter
609 2013 799 2091 materiam
820 2016 970 2107 amoris,
995 2039 1015 2089 e
1030 2039 1138 2111 prosc
1154 2022 1192 2092 di
1207 2024 1386 2112 romanet,
1403 2020 1508 2115 idest,

340 2136 569 2231 vulgarium,
601 2135 698 2209 unde
731 2135 850 2231 gallici
875 2136 998 2211 omnia
1030 2138 1198 2234 vulgaria
1228 2140 1412 2235 appellant
1444 2160 1508 2215 re-

340 2256 494 2349 mantin
519 2255 618 2349 quod
643 2262 698 2330 est
722 2255 842 2330 adhuc
866 2255 1012 2352 signum
1033 2257 1214 2332 idiomatis
1234 2260 1390 2353 romani,
1408 2262 1508 2353 quod

339 2376 473 2451 imitari
499 2375 619 2451 cenati
639 2381 835 2450 sunt—ll
850 2378 960 2449 loscio
977 2379 1045 2449 dir.
1067 2377 1132 2452 llic
1148 2377 1267 2453 Guido
1282 2379 1509 2455 Gninicellus

340 2498 465 2573 volens
490 2494 684 2571 ostendere
700 2496 901 2570 Arnaldum
923 2516 1003 2571 esse
1021 2498 1407 2573 commendabiliorem
1435 2521 1509 2575 ce·

340 2617 439 2711 teris,
465 2637 511 2692 ex
537 2615 783 2711 indignatione
798 2609 834 2707 (¹)
864 2616 989 2691 irridet
1019 2617 1228 2713 opinionem
1257 2619 1508 2715 ignorantium

340 2736 613 2833 praelerentium
646 2736 843 2829 quemdam
879 2736 992 2810 alium
1025 2738 1197 2833 gallicum
1227 2739 1293 2833 ipsi
1329 2740 1509 2833 ernaldo,

342 2858 439 2934 unde
462 2856 570 2932 dicit:
598 2861 631 2929 Ε
653 2860 762 2930 toscto
791 2860 851 2929 dtr
880 2860 931 2948 pti
959 2860 1063 2949 stoln',
1090 2858 1153 2951 qui
1183 2864 1325 2934 temere
1347 2860 1509 2954 ‘opinan-

341 2984 413 3071 tur,
445 2979 506 3049 elce
530 2978 610 3067 quel
640 2979 677 3049 di
710 2968 842 3049 Lcmosi
867 2979 997 3048 crcdon
1027 2980 1078 3049 ct'
1092 2981 1243 3070 nonnzi;
1275 2978 1377 3072 idest,
1408 2979 1509 3072 quod

340 3096 488 3191 quidam
517 3095 611 3169 alius
639 3095 807 3169 inventor
832 3094 1099 3169 lemovicensis
1128 3096 1282 3171 excedat
1304 3098 1507 3172 Arnaldurn

340 3218 375 3291 in
401 3223 481 3291 arte
505 3215 657 3291 dicendi.
685 3217 755 3289 lste
790 3234 907 3289 novus
933 3214 1101 3289 inventor
1125 3225 1277 3293 vocatus
1307 3225 1362 3294 est
1385 3220 1507 3295 Giral·

339 3337 407 3411 dus
433 3336 639 3428 Brunellus,
659 3335 722 3428 qui
749 3334 816 3407 luit
840 3333 887 3408 de
911 3334 1027 3428 patria
1051 3335 1338 3431 Lemovitarnm,
1361 3340 1408 3414 de
1432 3360 1508 3433 qua

339 3456 467 3531 diebus
506 3455 637 3528 nostris
674 3454 824 3529 luerunt
857 3453 981 3547 plures
1012 3454 1209 3548 pontifices,
1234 3458 1438 3533 cardinales
1469 3466 1512 3534 et

340 3576 478 3673 prelati
505 3575 640 3671 magni,
666 3574 857 3650 ecclesiam
885 3573 1014 3648 Christi
1040 3574 1148 3647 nimis
1173 3575 1314 3651 lubrice
1345 3584 1509 3653 tractan-

341 3702 395 3771 tes
409 3686 458 3787 (¹).
486 3696 528 3767 Et
554 3695 647 3769 bene
672 3694 736 3787 eis,
766 3694 795 3768 si
821 3699 1029 3789 purgantur
1053 3694 1092 3767 in
1118 3694 1186 3768 isto
1209 3695 1313 3791 igne:
1331 3706 1369 3771 et
1385 3705 1511 3772 oscen

284 3890 288 3897 ,
341 3816 403 3909 dit,
429 3816 516 3909 quid
542 3815 699 3891 moverit
729 3814 862 3909 vulgus
886 3813 933 3889 ad
957 3814 1069 3887 talem
1095 3814 1315 3908 opinionem,
1341 3823 1378 3891 et
1411 3816 1510 3910 dicit,

343 3935 440 4028 quod
466 3936 567 4010 nulla
593 3934 697 4027 ratio,
718 3934 781 4008 sed
798 3933 917 4008 solum
946 3934 1149 4006 multorum
1174 3935 1382 4009 affirmatio.
1407 3936 1510 4011 Unde

342 4055 446 4129 dicit:
471 4055 521 4129 illi
545 4054 645 4129 stulti
671 4054 890 4150 ignorantes,
916 4055 1228 4143 nazarenove,
1254 4052 1345 4127 idest
1369 4057 1509 4149 oculos,

342 4174 447 4268 quasi
476 4174 593 4249 dicat:
620 4179 874 4268 respexerunt,
903 4192 927 4244 o
957 4192 1038 4245 noce
1068 4166 1131 4265 pict
1159 4175 1263 4245 ct'ol
1293 4194 1391 4263 vcro,
1416 4174 1510 4249 idest

341 4293 450 4369 lame
477 4294 592 4390 magis
623 4314 736 4387 qnam
769 4291 922 4367 veritati.
953 4291 1038 4366 ldee
1071 4290 1251 4365 damnans
1279 4292 1380 4385 tales,
1405 4293 1509 4367 dicit:

342 4436 361 4487 e
384 4407 456 4487 cosi
476 4419 618 4508 samon
641 4434 708 4487 sco
731 4414 904 4505 officione,
930 4418 968 4486 et
993 4410 1227 4507 pertinaciter
1246 4418 1372 4486 teuent
1387 4422 1426 4487 et
1444 4413 1510 4488 de-

343 4535 505 4628 fendunt,
525 4538 648 4627 primo
667 4535 718 4605 clr'
731 4540 808 4606 orte
832 4552 856 4605 o
880 4536 1010 4624 copton
1029 4552 1096 4624 per
1122 4536 1179 4605 lor
1195 4536 1226 4605 ε’
1238 4535 1371 4606 nsceltt
1388 4534 1432 4606 llt
1452 4533 1511 4607 irie

343 4660 429 4729 nota
455 4654 548 4728 bene
575 4652 801 4727 verissimam
829 4651 1045 4726 sententiam
1069 4652 1182 4726 nostri
1202 4659 1333 4747 poetae,
1350 4653 1412 4746 qui
1433 4660 1512 4728 tam
1579 4746 1582 4751 Ι

338 4775 439 4869 juste
463 4774 607 4849 mordet
633 4772 766 4869 vulgus
783 4771 963 4845 insanum.
981 4771 1073 4845 Nam
1100 4771 1136 4845 in
1163 4772 1264 4846 omni
1288 4772 1513 4867 professione

407 5034 434 5095 ε’)
451 5037 505 5093 117,
521 5033 655 5085 derisione.
904 5030 931 5091 (¹)
947 5028 973 5079 S.
989 5041 1005 5079 e
1022 5034 1075 5090 117,
1092 5033 1121 5079 et
1135 5028 1269 5081 brunone
1284 5031 1431 5079 tractantes.
