4342 6692
654 918 794 974 usurus
818 917 1034 974 carmus
1054 918 1202 974 omnus.
1435 904 1508 973 289

336 1062 440 1157 idest,
465 1068 660 1137 traxerunt
684 1082 726 1138 sc
749 1072 836 1138 ante
851 1069 1090 1159 conspectum
1109 1061 1294 1157 Beatricis,
1317 1064 1511 1137 durumtdu

335 1186 375 1255 cl
390 1186 446 1255 lor
466 1187 624 1276 mugetus
649 1185 783 1275 cartha,
801 1184 904 1278 idest,
924 1184 971 1259 ad
996 1182 1283 1281 gratulationem
1304 1189 1347 1257 et
1371 1184 1511 1259 cantio—

268 1354 280 1383 ,
336 1324 421 1379 nem
448 1304 653 1401 angelicam
679 1304 855 1400 ipsarum,
873 1306 932 1379 vel
951 1305 999 1379 ad
1025 1312 1178 1379 cantum
1201 1304 1437 1399 angelorum,
1463 1304 1510 1377 ita

337 1424 436 1519 quod
460 1425 740 1499 conformabant
765 1432 908 1499 motum
929 1446 1040 1499 sunm
1058 1426 1141 1500 roci
1157 1444 1248 1519 suae,
1267 1426 1325 1499 vel
1345 1424 1427 1499 voci
1441 1438 1511 1498 arr—

337 1547 520 1643 gelorum,
553 1546 650 1619 sicut
683 1546 800 1620 solent
828 1546 952 1621 lacere
983 1546 1222 1641 tripudiantes
1253 1552 1291 1620 et
1323 1550 1511 1619 cantantes

338 1666 467 1760 simul,
494 1674 627 1740 mentre
651 1668 712 1739 che
735 1668 758 1738 l’
770 1670 892 1739 animo
916 1670 989 1740 mia
1011 1670 1118 1759 piena
1142 1670 1180 1741 dt
1206 1673 1348 1759 stupore
1373 1669 1510 1757 clieta,

337 1788 548 1882 spectaculo
562 1779 599 1879 (⁴)
625 1794 700 1861 tam
726 1787 951 1862 admirandae
974 1788 1041 1882 rei,
1066 1796 1217 1879 postam
1247 1790 1284 1861 dt
1315 1790 1394 1879 puel
1421 1787 1510 1878 cido,

338 1906 441 2000 idest,
468 1914 542 1981 tam
568 1906 664 1983 dulci
690 1908 1006 2003 contemplatione
1031 1911 1104 2002 clu,
1131 1909 1305 1981 sazimsdo
1329 1910 1367 1981 di
1388 1902 1441 2002 se',
1471 1908 1512 1981 di

338 2023 378 2100 sd
407 2036 534 2120 assera,
567 2026 654 2121 quia
683 2033 821 2121 quanto
855 2028 973 2125 magis
1011 2028 1174 2103 relicitur
1212 2048 1316 2103 mens
1353 2027 1511 2101 hominis

339 2148 400 2222 tali
434 2148 545 2243 victo,
576 2154 678 2221 tanto
709 2148 825 2247 magis
857 2148 989 2223 crescit
1021 2148 1137 2223 tames
1169 2155 1207 2223 et
1235 2148 1311 2221 sitis
1344 2148 1434 2223 eius
1467 2147 1511 2220 ltt

339 2268 553 2362 benedicit,
579 2269 666 2362 quia
690 2268 882 2344 delectatio
907 2290 1041 2344 novem
1067 2290 1262 2343 musarum
1282 2269 1380 2343 nulla
1401 2274 1457 2343 est
1473 2268 1510 2341 iu

338 2389 614 2485 comparatione
637 2389 684 2464 ud
710 2389 797 2464 istas
819 2384 987 2465 dominas
1011 2410 1146 2465 novem
1175 2391 1398 2465 honorantes
1423 2408 1510 2462 cur·

340 2530 425 2583 rum
453 2508 732 2604 triumphalem:
758 2515 864 2583 erant
888 2509 986 2584 enim
1013 2516 1153 2604 septem
1179 2508 1345 2603 virtutes,
1372 2508 1512 2582 llathil·

340 2629 394 2703 dis
433 2634 471 2703 et
508 2629 666 2703 Beatrix.
680 2668 730 2683 —
749 2632 856 2720 Volgi.
888 2629 954 2704 llic
987 2628 1135 2704 Beatrix
1165 2628 1320 2724 explicat
1352 2628 1509 2702 iormam

340 2750 530 2825 cantilena
556 2750 719 2844 ipsarum
749 2748 996 2843 dominarum,
1022 2749 1164 2824 dicens:
1192 2754 1243 2821 Lo
1267 2770 1333 2823 suo
1358 2768 1510 2839 conzoa,

341 2868 487 2943 illarum
513 2869 639 2964 trium,
657 2892 734 2961 cro,
755 2890 778 2942 o
803 2872 972 2964 Beotn‘cc,
999 2872 1094 2961 vulpi
1116 2872 1167 2961 pli
1190 2870 1286 2942 orchi
1308 2871 1414 2959 sonti,
1440 2870 1510 2941 hoc

340 2987 520 3083 dicebant,
541 2990 627 3084 quia
644 2989 790 3065 Beatrix
812 2990 959 3065 tenebat
979 2995 1122 3063 tantum
1144 2989 1269 3063 oculos
1291 2988 1382 3061 lixos
1398 3007 1510 3083 super

341 3112 539 3205 gryphum,
556 3117 593 3183 et
619 3130 693 3184 non
718 3109 909 3184 videbatur
929 3108 1071 3203 dignari
1090 3108 1271 3203 respicere
1289 3108 1457 3201 Dantem,
1475 3108 1514 3181 u

342 3237 400 3304 mo
422 3233 543 3324 sedete,
569 3230 633 3326 qui
658 3237 714 3305 est
736 3230 878 3304 amicus
904 3229 1049 3303 virtutis
1074 3236 1112 3303 et
1137 3248 1210 3302 non
1231 3230 1399 3322 lortunae,
1417 3227 1513 3302 sicut

340 3357 382 3425 tu
398 3350 519 3425 dixisti
531 3340 692 3447 Virgilio,
707 3359 743 3425 et
762 3348 826 3445 qui
842 3357 898 3425 est
914 3350 1029 3425 tidelis
1048 3348 1279 3442 christianus,
1296 3354 1334 3422 et
1353 3369 1422 3443 pro
1439 3347 1509 3422 lide

342 3471 521 3547 laboravit
545 3474 741 3568 plusquam
767 3492 934 3566 unquam
958 3471 1090 3565 aliquis
1121 3477 1242 3565 poeta,
1267 3472 1339 3564 che,
1363 3490 1431 3562 per
1455 3492 1514 3542 oe·

340 3594 444 3686 dcrti,
462 3595 510 3666 du
526 3596 635 3665 mosei
647 3596 750 3685 possi
772 3593 870 3665 tanti.
896 3592 941 3664 Et
965 3590 1024 3665 hic
1039 3591 1127 3664 noia
1145 3590 1244 3684 quod
1262 3589 1357 3663 istud
1378 3596 1434 3664 est
1450 3608 1515 3665 ve-

342 3733 427 3786 rum
455 3720 530 3787 tam
555 3712 727 3787 historice
752 3733 864 3807 quam
889 3710 1098 3808 allegorice,
1120 3710 1295 3805 quoniam
1321 3710 1380 3785 hic
1405 3718 1511 3807 poeta

342 3852 428 3907 cum
455 3833 679 3929 concepisset
703 3834 881 3908 accedere
904 3832 950 3906 ad
972 3831 1141 3929 gloriam,
1159 3832 1223 3907 uhi
1241 3837 1321 3907 erat
1338 3831 1405 3906 ista
1422 3833 1514 3908 Bea-

343 3953 427 4047 trix,
452 3953 544 4027 idest
567 3951 776 4029 describere
790 3954 901 4031 ‚istud
925 3952 1128 4049 gloriosum
1154 3972 1258 4047 opus,
1285 3952 1443 4027 sentiens
1468 3972 1512 4027 se

343 4073 429 4148 satis
455 4073 592 4149 hahere
617 4073 851 4170 philosophiae
867 4080 905 4147 et
925 4072 1087 4168 poetriae,
1110 4072 1173 4145 ivit
1190 4072 1348 4147 Parisios
1361 4073 1439 4167 jam
1455 4074 1512 4149 la-

344 4199 426 4265 ctus
449 4211 590 4288 pauper
607 4201 644 4268 et
661 4194 759 4288 exul,
777 4200 815 4267 et
831 4212 968 4288 magno
984 4190 1130 4287 ingenio
1148 4198 1185 4266 et
1202 4188 1321 4266 studio
1347 4194 1514 4285 quaesivit

345 4312 587 4408 theologiam:
617 4306 746 4387 deinde
775 4332 862 4386 cum
887 4319 1013 4387 mente
1038 4311 1222 4386 descendit
1244 4312 1291 4386 ad
1317 4312 1513 4408 internum,

344 4440 382 4507 ct
407 4432 491 4507 inde
514 4433 677 4508 ascendit
695 4432 740 4507 ad
759 4432 1026 4528 purgatorium,
1044 4431 1082 4506 in
1098 4432 1205 4507 cuius
1222 4433 1434 4509 summitate
1450 4452 1513 4509 re·

343 4552 439 4648 perit
458 4570 541 4627 eam
568 4553 605 4626 in
624 4553 793 4649 paradiso
809 4554 878 4627 isto
893 4552 1129 4648 deliciarum,
1146 4553 1229 4628 ideo
1249 4554 1342 4628 hene
1360 4561 1440 4649 post
1458 4561 1512 4631 tot

281 4758 286 4770 ,
343 4678 381 4747 et
397 4677 516 4747 tantus
532 4672 677 4748 labores
693 4674 856 4768 corporis
880 4679 918 4747 et
943 4672 1056 4748 animi
1073 4679 1240 4748 meretur
1256 4674 1392 4748 amodo
1407 4674 1513 4769 quie

343 4799 420 4869 tem
445 4793 632 4869 felicitatis.
651 4796 696 4867 ht
711 4801 860 4889 petunt:
875 4816 945 4886 per
960 4798 1092 4885 pruzia
1105 4796 1157 4888 [α’
1170 4798 1230 4867 not
1245 4798 1388 4887 mazia,
1407 4795 1511 4889 quusi

407 5056 434 5117 (¹)
450 5055 481 5106 u
497 5054 671 5119 speculatione
685 5056 750 5107 un.
