4342 6692
724 934 863 990 caurus
887 935 1064 1001 ouxnrus.
1413 922 1484 990 395

309 1078 396 1173 quia
421 1078 598 1155 Picbarda
615 1080 722 1154 beata
740 1101 813 1155 non
831 1087 950 1176 potest
966 1080 1126 1175 mentiri,
1144 1087 1182 1156 et
1198 1082 1343 1157 Beatrix
1367 1081 1486 1157 scien-

308 1194 359 1270 tia
385 1194 548 1270 veritatis
575 1215 768 1289 nunquam
798 1200 915 1289 potest
949 1195 1073 1271 dicere
1105 1195 1249 1270 salsum.
1276 1196 1369 1272 Dicit
1393 1216 1485 1293 ergo

310 1315 457 1391 Beatrix
482 1316 624 1390 autori:
645 1320 685 1389 lo
704 1317 786 1388 l'do
802 1336 869 1409 per
886 1323 994 1406 culo,
1010 1316 1114 1409 idest,
1133 1323 1246 1412 certe,
1265 1317 1343 1392 sine
1359 1316 1483 1411 dubio,

309 1427 403 1510 nella
426 1443 536 1509 ruente
560 1457 685 1528 muso,
711 1436 799 1531 quia
823 1436 913 1510 dixit
937 1437 1107 1531 superius
1125 1438 1224 1531 quod
1245 1438 1414 1514 crederet
1430 1437 1485 1511 di-

309 1555 377 1630 ctis
400 1556 594 1631 animabus
618 1556 713 1629 sicut
736 1555 821 1650 Diis,
847 1558 899 1629 cb'
912 1559 1009 1629 ulma
1030 1558 1132 1631 beato
1156 1579 1228 1630 non
1250 1562 1358 1650 porio
1388 1580 1486 1631 men-

310 1678 399 1769 tire,·
425 1683 462 1750 et
485 1696 636 1751 causam
656 1676 850 1772 assignavi,
865 1670 954 1768 perd
978 1680 1038 1750 clue
1058 1698 1196 1769 compre
1212 1680 1381 1770 cipriano
1399 1700 1485 1751 vero

309 1789 332 1870 e*
347 1817 487 1889 presso,
512 1795 616 1889 idest,
640 1796 740 1892 apud
764 1797 895 1891 Deum,
914 1798 977 1891 qui
997 1804 1053 1872 est
1075 1798 1151 1892 ipsa
1170 1797 1323 1872 veritas:
1342 1818 1434 1893 ergo
1444 1792 1482 1890 (¹)

309 1915 485 1992 Piclrarda
510 1915 599 1989 dixit
624 1936 756 1991 verum
788 1915 869 1990 tibi:
896 1916 995 1991 unde
1026 1916 1131 1991 dicit:
1158 1921 1261 2009 epoi
1286 1921 1411 2010 potasti
1433 1920 1483 1991 do

310 2040 486 2111 Piccordu
511 2040 624 2127 adire,
649 2036 797 2131 quando
833 2038 1053 2131 loquebatur
1085 2037 1148 2111 libi
1178 2058 1301 2133 supra,
1327 2040 1387 2110 olto
1416 2040 1483 2110 Co-

308 2162 437 2229 stonza
461 2165 561 2231 tcum
584 2158 607 2230 1¹
619 2161 772 2251 affezion
796 2159 855 2231 del
877 2161 966 2248 velo,
990 2156 1138 2251 scilicet,
1168 2156 1206 2231 in
1235 2158 1348 2231 corde
1363 2148 1420 2251 (²),
1447 2163 1484 2232 et

308 2277 473 2354 similiter
489 2278 566 2372 ipsa
584 2277 772 2371 Picbarda,
789 2270 820 2350 si
838 2280 967 2352 ci'eilo
978 2298 1053 2370 par
1071 2282 1131 2370 qui
1147 2300 1242 2351 unaco
1266 2282 1483 2368 contradire,

308 2398 395 2491 quia
420 2395 494 2471 dixi
519 2396 583 2469 tibi
609 2396 709 2490 quod
734 2395 812 2469 istae
831 2396 917 2469 duae
936 2416 1009 2470 non
1027 2386 1287 2489 babuerant(³)
1313 2398 1485 2471 volunta-

311 2524 385 2593 tem
413 2516 623 2612 perfactam.
639 2519 815 2589 -lloita
842 2516 908 2590 llic
932 2517 1080 2591 Beatrix
1108 2524 1274 2592 removet
1299 2516 1485 2591 contradi-

309 2637 467 2713 ctionem
493 2657 559 2733 per
586 2658 698 2711 unam
724 2635 989 2711 distinctionem
1021 2636 1067 2711 de
1098 2637 1287 2713 voluntate
1318 2636 1482 2730 simplici,

310 2764 349 2833 el
373 2758 577 2832 secundum
604 2756 702 2851 quid.
730 2757 905 2831 Voluntas
924 2755 1078 2851 simplex
1103 2762 1158 2831 est
1182 2756 1351 2829 voluntas
1375 2756 1485 2829 abso-

310 2877 408 2971 lnta;
435 2878 605 2951 voluntas
636 2875 841 2951 secundum
872 2875 959 2970 quid
988 2882 1043 2949 est
1069 2876 1238 2950 voluntas
1268 2874 1481 2969 respectiva.

310 2997 416 3072 blodo
447 2997 536 3071 tales
565 2996 807 3090 operationes,
841 2997 924 3070 licet
957 2995 1168 3091 simpliciter
1201 2997 1379 3069 absolutae
1412 2995 1484 3068 sint

310 3115 539 3209 voluntariae,
564 3120 686 3189 tamen
719 3121 804 3188 sunt
837 3116 1054 3190 voluntariae
1080 3116 1284 3190 secundum
1320 3114 1420 3209 quid,
1445 3120 1484 3188 et

310 3256 376 3332 per
401 3238 491 3311 tales
518 3256 708 3311 meremur
734 3235 879 3310 laudem
913 3237 972 3310 vel
1002 3236 1239 3331 vituperium,
1265 3236 1359 3309 siout
1385 3240 1484 3330 patet

309 3357 347 3431 in
371 3356 495 3451 pueris
527 3356 590 3450 qui
621 3356 755 3431 timore
784 3357 983 3431 verberum
1014 3357 1152 3431 vadunt
1186 3357 1231 3431 ad
1266 3357 1419 3450 scholas,
1446 3362 1485 3431 et

308 3476 404 3551 bene
429 3476 571 3550 discunt
595 3482 634 3551 et
658 3475 867 3570 laudantur,
886 3475 969 3550 licet
991 3476 1074 3570 plus
1099 3476 1340 3552 laudarentur
1356 3476 1386 3550 si
1404 3476 1483 3551 sine
1538 3491 1542 3497 “

308 3596 441 3670 timore
467 3615 585 3691 poenae
617 3596 687 3669 boc
716 3595 896 3689 lacerent3
930 3594 994 3689 qui
1024 3601 1152 3670 autem
1182 3596 1353 3671 obstinati
1377 3597 1481 3671 nullo

310 3715 420 3790 modo
449 3716 579 3790 volunt
609 3715 750 3790 discere
780 3715 1046 3809 vituperantur.
1082 3714 1255 3791 Similiter
1289 3723 1483 3812 operantes

309 3835 448 3911 bonum
474 3842 623 3931 propter
648 3836 819 3910 timorem
846 3855 965 3930 poenae
991 3835 1190 3910 laudantur
1216 3858 1289 3911 non
1309 3838 1481 3932 simplici·

309 3959 366 4029 ter
391 3955 455 4029 sed
477 3962 643 4051 respectu
663 3955 809 4029 illorum
828 3954 892 4049 qui
910 3955 1011 4028 nullo
1029 3955 1140 4029 modo
1158 3962 1243 4029 sunt
1265 3955 1481 4031 reducibiles

308 4074 356 4149 ad
381 4076 576 4171 virtutem3
602 4077 661 4151 vel
686 4075 797 4150 eliam
822 4074 1021 4149 laudantur
1040 4096 1113 4149 non
1135 4084 1283 4170 propter
1309 4096 1481 4171 praesens,

308 4195 373 4271 sed
398 4202 547 4291 propter
574 4216 678 4291 spem
711 4194 836 4270 loturi.
869 4195 962 4269 uicit
986 4214 1077 4291 ergo
1103 4196 1249 4271 Boatrix
1276 4197 1417 4270 autori:
1450 4202 1480 4270 0

304 4320 413 4410 stote,
440 4318 541 4389 molta
561 4319 646 4409 fiale
670 4306 732 4407 qu
756 4317 962 4407 addiocnne,
987 4315 1110 4388 multis
1135 4315 1356 4409 bominibus,
1373 4318 1482 4389 etesi

305 4437 402 4529 [ddi
425 4440 504 4525 puel
526 4438 586 4509 cte
613 4440 677 4528 sor
707 4456 781 4508 aon
807 4438 840 4508 si
868 4455 1057 4524 conuenite,
1084 4442 1172 4530 puta
1203 4435 1339 4530 aliquid
1373 4442 1481 4531 turpe

308 4555 365 4629 vel
396 4554 642 4648 inhonestum,
677 4555 770 4629 sicut
804 4554 922 4649 patuit
955 4554 992 4627 in
1027 4556 1148 4648 Petro,
1182 4554 1246 4647 qui
1281 4556 1428 4651 negavit
1442 4544 1479 4647 (⁸)

308 4675 515 4769 Christum3
542 4676 600 4750 vel
626 4675 721 4749 sicut
744 4674 830 4749 dicit
854 4674 1065 4749 Aristoteles
1090 4675 1135 4749 de
1161 4674 1233 4748 lilio
1260 4676 1323 4769 qui
1349 4676 1482 4751 verbe-

371 4908 399 4969 (¹)
415 4907 446 4956 B.
462 4919 526 4970 crgo
542 4910 570 4956 ct
585 4905 719 4955 l‘icbarda.
813 4902 842 4966 (⁸)
857 4902 888 4953 Ε.
904 4904 930 4953 ln
946 4916 1070 4966 corpore3
1087 4908 1122 4953 et.
1217 4901 1244 4967 (⁸)
1260 4904 1291 4955 li„
1308 4904 1463 4956 babuerunt.

371 4984 399 5046 (⁸)
415 4982 446 5031 E.
463 4981 565 5044 negarit
581 4980 723 5032 Domimxn
737 4984 857 5030 nostrum
873 4978 964 5029 lesum
978 4976 1109 5029 Christum
1125 4979 1327 5043 Redemptorem
1348 4980 1482 5042 pretiosis-

310 5061 419 5122 simom3
435 5058 477 5110 vel
493 5059 568 5109 sicut.
