4342 6692
632 909 770 966 caurus
795 912 985 967 vronsruus
1010 911 1177 979 Qururus.
1422 898 1490 965 1⁰9

322 1058 559 1134 materialiter
584 1058 678 1132 siout
699 1056 743 1130 ltt
768 1014 825 1132 nic
851 1058 888 1130 in
910 1078 1076 1153 corpore,
1097 1065 1137 1131 ut
1154 1056 1293 1131 laoilius
1309 1055 1490 1152 intelliga-

320 1185 393 1254 tur.
420 1178 523 1253 Unde
547 1178 655 1251 dicit:
680 1169 752 1250 rosi
776 1200 795 1251 e
820 1184 950 1269 quanto
975 1180 1062 1251 nelle
1086 1178 1244 1250 memma
1268 1180 1357 1267 vioe,
1376 1176 1485 1269 idest,

196 1299 200 1305 ’
318 1300 442 1375 taliter
468 1304 504 1373 et
530 1303 684 1391 tantum,
711 1297 869 1391 qualiter
899 1305 936 1373 ot
968 1304 1150 1391 quantum
1181 1296 1345 1372 radiabat
1369 1296 1489 1391 primo

319 1420 356 1495 in
381 1439 536 1515 corpore
561 1418 650 1493 dans
681 1418 836 1493 sormam
869 1418 932 1493 toti
958 1429 995 1495 ot
1026 1417 1178 1514 singulis
1208 1417 1371 1512 partibus
1396 1415 1487 1491 eius.

320 1546 415 1613 -Ε
438 1560 543 1613 come.
569 1538 635 1613 llio
659 1537 793 1613 Statius
820 1538 1025 1615 manifestat
1052 1560 1186 1613 novam
1217 1537 1488 1633 dispositionem

321 1683 434 1757 quam
460 1658 616 1755 acquirit
641 1658 764 1733 anima
789 1659 837 1733 ibi
863 1680 929 1754 per
953 1659 1214 1735 nobilissimam
1242 1658 1489 1755 comparatio·

321 1802 418 1856 nem.
436 1782 490 1857 dd
508 1781 613 1856 cuius
630 1780 910 1856 intellectionem
921 1775 958 1874 (¹)
973 1781 1112 1856 bonum
1130 1787 1186 1855 est
1202 1781 1373 1875 praescire
1387 1780 1487 1873 quod

320 1920 449 1977 omnes
475 1908 550 1975 tam
576 1900 776 1996 philosophi
801 1920 913 1994 qoam
940 1906 1057 1996 poatae
1076 1900 1114 1973 in
1132 1901 1201 1974 hoc
1217 1900 1415 1975 convenire
1432 1899 1489 1974 vi·
1617 1941 1621 1947 -

320 2020 465 2115 dentur,
485 2020 584 2114 quod
605 2019 667 2113 iris
693 2026 747 2093 est
772 2020 962 2114 speculum
980 2020 1064 2093 solis
1081 2020 1118 2093 in
1135 2040 1274 2113 aquosa
1293 2020 1402 2094 nubo.
1421 2021 1488 2095 lris

321 2140 418 2216 enim
445 2145 500 2214 est
523 2158 633 2215 arcos
660 2138 848 2233 rotundus,
871 2138 928 2213 vel
946 2140 1063 2233 quasi,
1082 2160 1156 2213 non
1172 2139 1352 2214 excedens
1376 2140 1489 2215 semi-

320 2260 512 2352 circulum,
539 2265 577 2334 et
601 2256 814 2353 frequenter
839 2258 956 2354 portio
982 2258 1104 2333 minor
1128 2258 1485 2353 semicircu103nam

320 2384 460 2474 quanto
485 2378 539 2452 sol
564 2383 619 2451 est
635 2376 753 2471 altior,
771 2382 871 2451 tanto
887 2376 1047 2451 circulus
1064 2384 1120 2453 est
1140 2378 1277 2472 min0r;
1295 2385 1488 2473 alquanto

320 2498 374 2573 sol
402 2498 512 2573 luerit
536 2496 697 2590 interior,
716 2502 816 2570 tanto
834 2517 942 2572 arcus
968 2498 1181 2573 est-maior.
1209 2498 1312 2573 Unde
1333 2519 1405 2572 non
1430 2499 1488 2571 in·

320 2617 581 2693 convenienter
605 2615 794 2710 Euripides
818 2622 925 2711 poeta
950 2616 1051 2711 dixit,
1072 2616 1201 2692 iridem
1225 2638 1305 2693 esse
1330 2618 1488 2715 sagiptas

320 2738 490 2833 Apollinis
515 2737 644 2811 affixas
671 2736 707 2809 in
732 2735 925 2830 superficie
950 2757 1109 2812 camerae
1134 2737 1296 2832 lunonis,
1323 2759 1406 2832 quae
1431 2744 1487 2813 ost

321 2859 375 2935 vis
400 2857 521 2931 divina
546 2856 583 2929 in
608 2875 706 2931 aere.
734 2856 825 2931 llicit
849 2876 958 2952 ergo:
985 2862 1019 2930 ll
1040 2877 1136 2929 come
1167 2860 1279 2931 t'ot're
1303 2854 1489 2950 quondoe'

320 2979 384 3053 den
402 2980 548 3071 plorato,
573 2975 676 3069 idest,
701 2977 840 3070 plenus,
866 2994 1070 3073 praegnans,
1089 2978 1148 3052 vel
1167 2977 1292 3052 ebrius
1315 2977 1485 3071 nubibus,

319 3096 480 3193 intellige
505 3095 627 3189 quoad
653 3100 807 3190 partem,
828 3095 915 3189 quia
938 3115 1047 3170 arcus
1072 3117 1147 3170 non
1171 3102 1324 3192 apparet
1350 3096 1417 3169 nisi
1447 3096 1485 3169 in

319 3238 420 3311 aere,
432 3215 564 3291 alicubi
578 3236 720 3308 sereno,
735 3214 867 3289 alicubi
886 3215 1050 3310 turbid03
1064 3219 1202 3291 diventa
1215 3220 1367 3307 ademto,
1381 3216 1485 3310 idest,

317 3339 527 3428 adornatus,
555 3336 754 3431 insignitus,
780 3338 819 3409 di
841 3338 970 3410 diversi
994 3339 1130 3429 colom
1155 3338 1249 3411 bene
1274 3336 1369 3431 dicit,
1396 3356 1481 3410 nam

318 3458 460 3533 colores
486 3455 584 3529 iridis
609 3454 646 3529 in
673 3455 826 3531 veritate
850 3476 924 3531 non
949 3462 1035 3529 sunt
1059 3456 1159 3530 aliud
1189 3456 1255 3531 nisi
1288 3456 1377 3531 radii
1402 3455 1487 3530 solis

316 3579 477 3651 humore
502 3574 647 3669 vaporis
672 3575 731 3649 vel
748 3573 856 3648 nubis
872 3574 1116 3650 diversimode
1132 3576 1251 3671 tincti3
1265 3598 1333 3669 per
1349 3580 1486 3651 l’oltrm

317 3700 446 3789 rappio
466 3698 572 3769 cle’n
591 3716 628 3767 se
651 3697 682 3767 st
704 3697 845 3787 tidelm
863 3694 1068 3789 benedicit,
1087 3696 1175 3788 quia
1194 3716 1305 3771 causa
1322 3698 1484 3772 efficiens

317 3817 415 3891 iridis
440 3823 478 3891 et
502 3815 667 3889 colorum
694 3820 748 3888 est
774 3814 897 3887 radius
922 3813 1006 3889 solis
1027 3814 1171 3889 rediens
1189 3836 1427 3912 repercussus
1446 3824 1485 3893 et

318 3937 477 4012 redonus
502 3936 548 4009 ad
573 3954 747 4030 vaporem
775 3934 963 4029 multiplici
991 3935 1225 4011 retractione:
1251 3944 1289 4011 et
1312 3938 1364 4013 sie
1387 3937 1483 4032 vide,

318 4077 441 4154 quam·
457 4054 605 4152 egregie
630 4059 736 4149 poeta
763 4059 886 4127 noster
903 4052 1020 4148 tetigit
1038 4054 1292 4130 diffinitionem
1313 4056 1422 4131 iridis.
1439 4058 1485 4131 Et

319 4185 404 4253 nota
429 4182 608 4271 quantum
635 4174 859 4268 oomparatio
876 4174 921 4247 sit
938 4174 1105 4269 propria:
1124 4176 1219 4249 sieut
1239 4176 1335 4251 enim
1358 4178 1411 4252 sol
1428 4177 1485 4251 in·

316 4296 559 4392 corruptibilis
584 4294 743 4391 potentia
769 4316 836 4369 sua
850 4286 888 4385 (¹)
916 4294 1129 4370 mirabiliter
1157 4294 1334 4391 imprimit
1362 4298 1486 4372 direr-

317 4438 376 4493 sos
401 4418 543 4491 colores
567 4416 604 4489 in
630 4434 763 4508 corpus
796 4414 892 4489 aeris
922 4414 1087 4509 nubilusi,
1113 4415 1164 4489 ita
1193 4422 1231 4491 et
1262 4416 1385 4491 anima
1414 4417 1486 4491 im·

317 4537 484 4613 mortalis
508 4537 645 4612 virtuto
669 4557 736 4610 sua
758 4533 972 4610 mirabiliter
989 4534 1165 4629 imprimit
1181 4536 1324 4611 diversa
1344 4558 1484 4634 organa

316 4658 547 4733 diversarum
582 4656 827 4753 potentiarum
861 4654 898 4729 in
931 4675 1065 4750 corpus
1096 4655 1193 4730 aeris
1225 4656 1294 4730 sibi
1324 4657 1484 4732 vicinum

316 4774 425 4854 radiis
450 4776 536 4852 suis.
569 4777 662 4852 llicit
690 4797 800 4873 ergo:
832 4768 903 4849 rosi
931 4778 1034 4849 laer
1065 4779 1155 4849 vicio
1186 4780 1481 4870 quindennem,

379 5041 405 5107 (¹)
421 5042 452 5093 E·
469 5040 638 5094 intellectum.
853 5038 881 5105 Γ)
898 5044 952 5102 tlt,
969 5054 1015 5093 ma
1030 5040 1145 5093 mirallll
1158 5041 1292 5106 inprimit.
