4342 6692
653 889 724 958 llo
1045 904 1250 960 conuururr
1274 905 1443 960 rsnnnrsr

652 1048 862 1126 immediate
888 1056 925 1125 et
950 1051 1292 1146 supernaturaliter,
1318 1051 1412 1126 siout
1437 1051 1601 1146 quotidie
1625 1063 1729 1130 creat
1747 1055 1828 1130 ani·

652 1191 731 1245 mas
749 1171 943 1246 rationales
959 1173 1019 1248 vel
1037 1172 1178 1247 rev'elat
1194 1171 1319 1267 aliqua
1335 1179 1488 1248 secreta.
1500 1172 1554 1247 lo
1571 1173 1716 1250 literam
1734 1195 1826 1272 ergo

652 1291 798 1366 Beatrix
823 1291 993 1386 proponit
1006 1283 1042 1383 (⁴)
1065 1292 1174 1366 istam
1199 1292 1406 1386 materiam,
1432 1292 1576 1368 dicens:
1609 1298 1662 1368 Or
1685 1297 1826 1369 ritorno

650 1433 675 1484 e
691 1415 891 1486 dichiarare
908 1415 946 1486 in
963 1416 1067 1486 oleam
1084 1415 1175 1503 loeo,
1191 1412 1338 1507 scilieet,
1357 1434 1475 1486 unum
1499 1413 1639 1488 dietum
1665 1415 1826 1509 positum

650 1552 775 1628 supra,
797 1529 925 1624 percite
949 1539 983 1606 tu
1009 1537 1111 1623 veppi
1135 1527 1159 1606 tt
1182 1527 1255 1607 rosi
1276 1535 1425 1627 eom’eo,
1455 1532 1557 1628 idest,
1579 1541 1622 1607 ut
1647 1535 1827 1630 intelligas

651 1650 762 1745 clare,
789 1652 883 1726 sicut
908 1673 978 1749 ego
1004 1653 1165 1749 intelligo
1191 1651 1338 1748 proprie
1363 1659 1401 1726 et
1425 1652 1562 1747 stricte,
1577 1674 1644 1745 per
1669 1657 1828 1747 empierti

650 1773 734 1846 bene
754 1775 838 1863 opni
858 1775 961 1864 elsio,
981 1773 1128 1866 scilieet,
1146 1772 1372 1848 removendo
1393 1773 1517 1848 omnia
1539 1773 1649 1848 dubia
1667 1774 1824 1850 orientia

650 1914 767 1966 unum
795 1913 841 1967 ex
868 1894 995 1968 altero.
1022 1893 1066 1966 Et
1092 1912 1179 1967 ecce
1203 1893 1377 1966 dubium:
1408 1900 1444 1966 te
1475 1895 1557 1984 diri,
1583 1892 1684 1988 idest,
1718 1901 1823 1989 poles

648 2014 771 2089 dicere
791 2021 828 2088 et
848 2013 1008 2089 obiicere
1033 2014 1142 2087 mihi:
1159 2018 1201 2087 lo
1220 2018 1342 2105 oeppto
1358 2017 1386 2087 tr
1397 2017 1494 2110 sooo,
1514 2017 1677 2106 torpeo,
1694 2017 1824 2104 t’aere,

651 2139 687 2209 ta
721 2143 832 2229 terra,
865 2143 1026 2230 quatuor
1058 2136 1252 2228 elementa,
1284 2156 1303 2207 e
1341 2142 1421 2208 tutte
1451 2138 1507 2209 tor
1536 2137 1692 2228 mutere,
1722 2133 1825 2228 idest,

649 2255 773 2330 omnia
799 2257 912 2330 mixta
939 2275 1024 2350 quae
1048 2261 1322 2350 componuntur
1351 2275 1399 2330 ex
1429 2255 1513 2350 ipsis
1537 2253 1739 2348 elementis,
1765 2276 1825 2328 oe-

648 2379 726 2450 oire
750 2397 775 2448 e
799 2379 1009 2450 correzione
1033 2398 1052 2449 e
1076 2378 1193 2450 deror
1214 2397 1317 2469 poco,
1346 2375 1440 2451 sicut
1465 2375 1566 2450 clare
1591 2374 1758 2448 videmus
1783 2373 1822 2447 in

648 2495 895 2571 elementatis:
922 2496 1107 2571 elementa
1127 2496 1238 2571 etiam
1265 2495 1360 2570 inter
1379 2516 1420 2569 se
1437 2494 1613 2570 continuo
1639 2502 1825 2569 transmu-

648 2623 773 2692 tantur
798 2615 845 2689 ‹le
872 2637 946 2691 uno
971 2616 1009 2690 in
1034 2616 1145 2711 aliud,
1163 2616 1251 2710 quia
1275 2615 1451 2690 continuo
1467 2635 1513 2690 es
1537 2622 1636 2690 terra
1656 2615 1697 2690 lit
1712 2635 1822 2710 aqua,

647 2757 693 2813 ex
719 2757 817 2830 aqua
843 2757 920 2830 aer,
947 2757 993 2812 er
1011 2757 1100 2811 aere
1117 2736 1233 2833 ignis3
1258 2757 1278 2808 e
1302 2743 1416 2828 queste
1440 2757 1518 2809 cose
1537 2756 1612 2828 pur
1633 2738 1697 2827 sur
1721 2756 1825 2809 oren-

649 2863 738 2948 tere,
763 2857 866 2952 idest,
894 2877 952 2932 res
977 2865 1113 2932 creatae
1138 2878 1160 2931 a
1186 2849 1424 2950 Deoperette',
1441 2877 1479 2929 se
1500 2849 1555 2928 oti
1570 2858 1630 2928 cire
1649 2858 1694 2929 lto
1713 2859 1820 2951 detto,

650 2978 736 3073 quia
767 2984 807 3051 tu
838 2999 911 3052 nou
946 2986 1048 3073 potes
1081 2978 1239 3071 mentiri,
1264 2973 1286 3052 ε’
1311 2985 1402 3051 stato
1432 2998 1529 3071 oero,
1557 2980 1590 3050 si
1622 2998 1689 3072 pro
1722 2980 1820 3070 quio,

647 3098 733 3194 quia
760 3117 892 3173 verum
920 3103 986 3191 est,
1012 3119 1106 3172 esser
1132 3100 1286 3171 doorton
1301 3118 1421 3198 secure
1451 3099 1499 3170 do
1532 3099 1755 3171 correzione.
1773 3138 1823 3152 -

650 3222 706 3293 Gli
742 3221 868 3309 appeti.
908 3219 1012 3292 Nunc
1050 3217 1198 3291 Beatrir
1228 3217 1313 3292 lacit
1349 3217 1566 3311 promissam
1603 3217 1822 3292 declaratio-

647 3360 744 3435 nem,
770 3340 910 3414 dicens:
938 3343 1093 3433 Osrate,
1114 3338 1262 3432 scilicet,
1294 3338 1509 3433 reverende,
1538 3342 1590 3430 pli
1621 3342 1741 3430 ampeli
1765 3342 1827 3413 e't

642 3481 750 3555 paese
769 3463 917 3554 nocero,
938 3458 1073 3534 scilicet
1097 3460 1247 3553 eoelum,
1273 3479 1408 3555 eorpus
1428 3459 1583 3555 simplex
1607 3467 1645 3534 et
1669 3479 1820 3554 purum,

646 3584 705 3654 net
731 3582 815 3672 quot
843 3585 878 3652 tu
902 3581 962 3670 set,
989 3579 1047 3653 hie
1077 3600 1229 3654 mecum
1260 3600 1347 3655 oum
1380 3587 1515 3675 mente,
1545 3583 1577 3653 si
1601 3599 1735 3673 possen
1759 3582 1820 3653 dir

646 3703 767 3792 ereoti,
780 3700 915 3775 scilicet
932 3701 1090 3794 proprie,
1107 3704 1145 3773 in
1162 3703 1241 3774 toro
1254 3722 1367 3775 essere
1385 3703 1512 3790 intere,
1526 3699 1629 3793 idest,
1643 3698 1818 3794 perlecto,

644 3815 794 3898 sirome
818 3841 918 3914 sono,
947 3819 1025 3894 sine
1050 3821 1286 3915 corruptione
1311 3821 1370 3896 vel
1400 3820 1483 3915 liue,
1514 3819 1602 3915 quia
1633 3826 1720 3892 suut
1749 3819 1821 3892 im·

646 3943 804 4018 mediate
819 3933 854 4034 (²)
881 3963 905 4015 a
929 3940 1006 4016 Deo
1032 3940 1111 4016 sine
1135 3961 1247 4036 opera
1273 3948 1429 4035 naturae,
1455 3945 1493 4016 et
1519 3940 1568 4014 ita
1597 3939 1733 4014 animae
1759 3960 1823 4013 ra-

645 4065 809 4159 tionales,
836 4062 929 4138 siout
953 4069 1079 4156 postea
1105 4063 1226 4136 statim
1247 4063 1363 4158 dicet,
1381 4082 1440 4135 mo
1459 4065 1510 4154 pti
1529 4065 1686 4136 elementi
1704 4063 1765 4134 olle
1785 4068 1822 4133 tn

644 4188 705 4259 irai
728 4185 874 4275 morati,
898 4181 1000 4276 idest,
1028 4202 1127 4256 nune
1152 4182 1359 4276 nominasti,
1385 4182 1472 4276 quia
1503 4181 1550 4256 de
1580 4180 1649 4255 illis
1673 4180 1821 4254 dubita-

644 4306 722 4400 bas,
748 4327 766 4378 e
791 4307 899 4397 quelle
923 4324 1001 4376 rose
1026 4304 1085 4374 ele
1109 4306 1147 4376 di
1171 4305 1228 4376 tor
1244 4307 1276 4376 si
1291 4308 1417 4397 sonno,
1438 4303 1542 4396 idest,
1560 4322 1717 4397 corpora
1735 4321 1820 4396 quae

644 4429 919 4522 componuntur
944 4441 990 4497 ex
1017 4422 1096 4517 illis,
1114 4445 1202 4496 soon
1217 4426 1401 4518 informati
1419 4424 1469 4496 du
1484 4429 1605 4496 creato
1625 4417 1731 4514 vtro,
1748 4420 1821 4495 sci·

643 4548 728 4622 licet
753 4545 847 4638 eoeli,
867 4544 972 4619 cuius
1000 4551 1103 4618 motu
1129 4544 1189 4618 illa
1214 4545 1333 4619 virtus
1359 4542 1591 4619 informativa
1616 4541 1757 4616 inducit
1783 4541 1820 4616 in

644 4667 838 4743 materiam
856 4665 1151 4760 praeexistentem
1177 4665 1299 4741 varias
1320 4666 1457 4740 lormas
1482 4671 1520 4739 et
1541 4662 1705 4737 diversas
1722 4662 1819 4758 ligu-

646 4811 716 4884 ras,
735 4809 819 4882 quae
840 4785 1041 4888 dant-illud
1068 4805 1149 4862 esse
1175 4785 1367 4884 singulare
1387 4785 1499 4861 rebus
1523 4804 1590 4879 per
1615 4782 1716 4877 quod
1742 4804 1816 4858 una

707 5049 736 5114 (¹)
752 5048 783 5100 Ε·
798 5049 884 5113 primo
900 5049 1028 5112 proponi.
1216 5047 1245 5114 (¹3
1261 5049 1292 5101 u.
1309 5050 1457 5101 mosomo
1473 5047 1555 5100 emo
1571 5061 1585 5098 ι
1601 5047 1666 5098 ooo.
