4342 6692
644 752 649 762 ¹
671 784 719 853 80
1036 798 1241 855 comaron
1265 800 1484 856 runcrronn

670 964 821 1020 eversae.
840 946 884 1020 Et
908 944 1050 1042 fugiens
1069 938 1107 1038 ξ’)
1125 946 1237 1041 solus,
1254 966 1341 1020 cum
1363 966 1438 1020 non
1456 951 1578 1040 posset
1594 946 1742 1021 flectere
1757 968 1841 1043 pre-

670 1066 774 1142 cibus
799 1067 858 1142 uel
883 1065 1070 1163 promissis
1096 1067 1229 1141 milites
1253 1066 1438 1142 catalanos
1462 1072 1723 1162 persequentes
1738 1087 1840 1163 enm,

669 1186 803 1262 timeus
833 1186 913 1263 lieri
942 1185 1143 1262 ludibrium
1172 1186 1347 1282 bostium,
1372 1207 1459 1262 cum
1489 1192 1585 1262 esset
1613 1187 1842 1283 podagricus,

670 1308 837 1403 permisit
861 1314 989 1402 sponte
1014 1327 1054 1383 se
1079 1306 1214 1382 cadere
1238 1307 1286 1382 ab
1310 1328 1420 1402 equo,
1438 1306 1497 1383 vel
1521 1327 1611 1382 casu
1635 1306 1773 1400 cecidit,
1799 1313 1841 1382 ut

671 1428 785 1523 aliqui
811 1428 948 1503 volunt.
975 1429 1019 1502 Et
1044 1447 1132 1502 cum
1157 1448 1277 1522 equus
1301 1428 1465 1502 traheret
1484 1447 1573 1502 eum
1591 1432 1733 1502 retento
1750 1426 1842 1522 pede

672 1548 710 1625 in
739 1548 880 1643 stapite,
905 1568 1102 1643 percussus
1135 1553 1190 1623 est
1219 1547 1401 1623 lethaliter
1429 1547 1468 1622 in
1498 1553 1651 1645 gutture
1686 1547 1733 1621 ab
1766 1567 1841 1622 uuo

672 1668 810 1743 milite:
843 1688 957 1762 quem
995 1666 1258 1742 moribundum
1285 1667 1434 1763 quidam
1468 1668 1638 1742 monachi
1674 1674 1843 1761 portave-

673 1795 761 1862 runt
786 1789 833 1864 ad
856 1788 1041 1863 abbatiam
1075 1788 1189 1865 sancti
1215 1788 1312 1863 Salvi
1325 1779 1376 1883 (²),
1403 1787 1467 1862 nbi
1498 1788 1662 1883 sepultus
1686 1787 1842 1862 estsine

671 1910 813 1984 honore
837 1908 986 1983 funeris.
1014 1909 1120 1982 Nunc
1136 1907 1182 1983 ad
1199 1909 1344 1983 literam
1360 1908 1445 1983 dicit
1466 1914 1593 2003 poeta:
1619 1910 1702 1982 dns
1712 1912 1756 1999 et,
1773 1906 1843 1982 sci-

671 2028 766 2123 licet,
784 2028 844 2121 ille
860 2028 1050 2103 Foresius:
1082 2030 1135 2102 Or
1159 2032 1230 2121 ud,
1247 2025 1308 2108 cle*
1322 2031 1466 2120 oeppfto
1484 2031 1564 2123 quel
1586 2029 1646 2102 cte
1665 2022 1727 2120 pib
1753 2028 1844 2099 o’lm

671 2152 787 2243 culpa,
813 2148 948 2225 scilicet
972 2148 1126 2224 fratrem
1152 2169 1292 2243 meum,
1310 2156 1417 2224 batto
1432 2172 1456 2224 u
1473 2152 1564 2223 coda
1588 2152 1704 2224 duna
1722 2150 1842 2240 modu,

672 2269 819 2364 scilicet,
844 2270 891 2345 ab
917 2290 1027 2365 equo,
1044 2268 1175 2345 deinde
1191 2290 1214 2345 a
1231 2270 1411 2365 daemon'e,
1434 2272 1535 2345 maer
1553 2273 1589 2344 ln
1607 2273 1708 2361 oum,
1725 2269 1843 2365 primo

672 2389 857 2485 drnalem,
882 2388 1013 2465 deinde
1045 2388 1271 2465 infernalem.
1312 2392 1356 2465 ut
1386 2390 1489 2465 dicit:
1515 2413 1579 2464 oue
1609 2392 1683 2465 mni
1711 2393 1843 2464 nond

672 2513 807 2603 sculpo,
833 2508 919 2603 quia
945 2509 982 2582 in
1009 2510 1102 2584 valle
1122 2509 1210 2583 Arni
1227 2530 1433 2606 numquam
1456 2510 1671 2586 liberabitur
1687 2510 1767 2584 *ab
1784 2508 1841 2582 in·

673 2628 796 2723 famia,
818 2628 854 2703 in
872 2629 966 2704 valle
984 2629 1114 2705 inferni
1134 2624 1340 2726 numquam
1362 2630 1608 2705 liberabitur*
1623 2620 1659 2722 (³)
1678 2652 1700 2705 a
1720 2650 1839 2725 poeua.

673 2751 717 2824 Et
743 2750 857 2845 tangit
884 2755 1041 2824 mortem
1068 2750 1159 2843 eius,
1185 2750 1327 2825 dicens:
1353 2754 1390 2824 lu
1414 2751 1521 2824 bestia
1546 2772 1593 2823 aa
1603 2745 1668 2843 piri
1683 2757 1777 2823 rullo
1793 2751 1844 2822 ad

673 2871 758 2961 oqui
776 2890 886 2962 passo
911 2872 1097 2943 nascendo
1121 2890 1270 2962 sempre,
1296 2869 1468 2945 incursu
1494 2868 1589 2964 forti,
1611 2872 1794 2963 fincl’ettc
1817 2872 1846 2943 il

667 2996 844 3082 perante,
874 2990 1096 3064 calcitrando
1128 3011 1214 3065 eum
1245 2991 1409 3086 pedibus,
1435 2991 1495 3067 vel
1525 2990 1726 3066 collidendo
1754 3009 1841 3065 eum

673 3129 739 3203 per
765 3130 864 3204 saxa,
890 3129 956 3204 per
982 3114 1135 3204 terram,
1159 3132 1178 3183 e
1202 3112 1313 3184 lusda
1331 3113 1360 3184 il
1376 3132 1486 3205 corpo
1502 3115 1657 3185 annena
1681 3112 1843 3205 clusum,

675 3230 725 3304 ita
750 3249 971 3305 concussum
999 3236 1036 3304 et
1066 3238 1315 3326 cruentatum,
1340 3232 1442 3325 quasi
1473 3231 1568 3306 dicat
1600 3231 1723 3307 tacite:
1744 3232 1845 3326 juste

675 3349 769 3423 sicut
794 3349 906 3423 bostis
931 3349 1057 3444 patriae
1083 3356 1255 3425 mortuus
1272 3356 1327 3426 est
1346 3358 1486 3426 tractus
1502 3351 1548 3425 ad
1564 3350 1720 3427 caudam
1738 3349 1844 3445 equi3

675 3468 773 3543 unde
800 3468 931 3543 melius
958 3468 1083 3544 fnisset
1102 3469 1170 3544 sibi
1185 3469 1370 3566 splendide
1387 3470 1513 3547 vivere
1530 3471 1567 3544 in
1583 3491 1675 3566 pace
1691 3471 1728 3543 in
1745 3478 1844 3545 terra

675 3608 754 3683 sua,
781 3587 875 3662 sicut
899 3587 1013 3664 frater
1038 3611 1129 3664 suus
1153 3590 1334 3665 Foresius.
1360 3592 1404 3665 Et
1429 3592 1550 3667 subdit
1569 3592 1668 3686 quod
1687 3592 1760 3667 cito
1777 3591 1846 3665 erit

677 3709 756 3783 baec
782 3708 883 3803 justa
913 3708 1081 3802 vindicta,
1112 3710 1255 3785 diceus:
1289 3732 1361 3785 non
1390 3714 1509 3785 buum
1538 3716 1643 3786 molto
1673 3733 1697 3784 a
1725 3716 1845 3804 volper

676 3830 785 3920 quelle
808 3835 920 3920 ruou,
942 3829 1089 3923 scilicet,
1107 3849 1224 3926 sperae
1248 3831 1434 3926 coelestes3
1460 3832 1559 3907 unde
1577 3832 1760 3907 interserit
1775 3853 1845 3906 au-

676 3952 754 4023 tor:
780 3969 799 4020 e
822 3939 949 4021 dmzzd
973 3952 1025 4040 pli
1048 3953 1145 4023 cccli
1172 3954 1212 4024 nl
1238 3954 1314 4042 atel,
1339 3952 1444 4046 quasi
1468 3952 1583 4026 dicat:
1609 3972 1682 4026 nou
1713 3952 1844 4026 transi-

676 4068 768 4141 bunt
794 4067 900 4141 multi
925 4069 1032 4163 auni3
1058 4091 1145 4144 nam
1161 4058 1198 4162 (⁴)
1225 4076 1356 4146 octavo
1377 4092 1474 4146 auno
1500 4078 1580 4168 post
1603 4072 1675 4147 boc
1698 4079 1845 4167 tempus

675 4188 754 4283 fuit,
786 4191 846 4261 olle
877 4192 903 4263 u
926 4192 980 4283 plu
1012 4192 1146 4283 adiuro,
1184 4190 1286 4286 idest,
1317 4191 1387 4266 erit
1418 4192 1481 4265 tibi
1512 4192 1758 4287 manifestum,
1791 4189 1845 4265 oid

678 4310 779 4386 oluf!
802 4314 871 4384 mio
897 4312 955 4385 dir
974 4306 1039 4405 pid
1064 4314 1248 4387 dubiurm
1271 4333 1344 4386 non
1366 4321 1482 4405 puoto,
1500 4312 1587 4407 quia
1610 4311 1765 4408 praediuo
1781 4310 1843 4384 tibi

676 4431 827 4506 confuse
853 4432 953 4528 illud,
971 4434 1070 4528 qnod
1087 4432 1159 4507 cito
1185 4432 1333 4508 videbis.
1350 4436 1395 4509 Et
1410 4434 1462 4509 sic
1478 4432 1561 4511 uide
1580 4433 1737 4529 qualiter
1753 4434 1846 4507 Gur-

676 4552 752 4627 sins
776 4552 960 4648 cordatus,
977 4574 1132 4648 corpore
1151 4554 1289 4649 pulcer,
1311 4554 1482 4650 potentiae
1505 4553 1634 4629 avidus
1658 4552 1845 4628 infeliciter

740 4780 766 4843 (¹)
783 4784 837 4843 ¹¹¹1,
854 4796 970 4846 surgons.
1103 4736 1107 4752 Ι
1296 4784 1325 4847 (¹)
1340 4785 1372 4835 li.
1388 4785 1469 4838 Silrit.

740 4857 765 4921 Ρ)
781 4859 818 4910 La
834 4860 923 4923 parole
938 4860 979 4912 fra
995 4862 1003 4912 i
1019 4862 1070 4913 dua
1085 4862 1220 4913 asteriscbl
1234 4875 1282 4914 sou
1296 4862 1409 4926 snpplltc
1424 4861 1468 4913 dal
1482 4860 1575 4915 muca
1589 4862 1706 4914 liutem

741 4932 768 4997 (⁸)
784 4934 810 4985 S.
825 4948 886 4985 nam
898 4950 930 4987 ex
945 4942 1038 4991 octtrm
1054 4952 1130 4989 mun.
