4342 6692
676 893 748 960 dtu
1068 903 1274 961 commun
1298 904 1466 960 rrnnmsr

676 1075 804 1132 rerum
830 1056 936 1132 rediit
960 1057 1006 1132 ad
1032 1056 1253 1153 Augustum,
1275 1056 1339 1151 qui
1361 1055 1537 1152 sapientia
1555 1065 1593 1132 et
1608 1053 1755 1130 solertia
1777 1075 1847 1130 sua

675 1178 862 1252 turbatum
881 1197 1015 1273 corpus
1032 1177 1175 1272 imperii
1192 1176 1384 1272 ordinarit,
1401 1176 1502 1272 quod
1519 1175 1597 1250 sine
1612 1175 1724 1250 dubio
1749 1197 1847 1250 nun-

674 1317 787 1394 quam
812 1298 1010 1374 convenire
1035 1298 1222 1394 potuisset,
1240 1297 1306 1373 nisi
1331 1297 1440 1372 unlus
1459 1295 1629 1393 priucipls
1645 1297 1846 1391 voluntate,

674 1417 779 1512 quasi
805 1439 880 1492 una
905 1418 1027 1494 anima
1046 1423 1083 1493 et
1109 1424 1233 1493 mente
1253 1424 1468 1514 regeretur,
1486 1416 1551 1492 sed
1567 1416 1692 1491 verius
1708 1416 1846 1492 coelnm

674 1537 888 1632 disponebat
913 1544 1050 1612 tantam
1078 1537 1378 1632 tranquillitatem
1396 1544 1433 1612 et
1449 1537 1683 1613 serenitatem
1704 1536 1848 1612 Christo

675 1659 739 1754 qui
764 1659 834 1732 sub
858 1658 1023 1756 Augusto
1050 1658 1261 1733 incarnatus
1285 1664 1351 1734 est.
1377 1659 1443 1733 llic
1467 1663 1593 1734 tomen
1617 1657 1847 1732 lelicisslmus

676 1781 867 1855 bominum
896 1781 1030 1855 multas
1056 1779 1282 1855 infelicitates
1300 1779 1439 1872 babuit,
1457 1779 1552 1852 sicut
1574 1779 1706 1854 Iuliam
1734 1777 1845 1853 tiliam

677 1899 1024 1995 meretricissimam,
1043 1905 1079 1975 et
1099 1899 1286 1975 Tiberium
1305 1919 1556 1975 successorem
1575 1899 1845 1994 pessimum.-

676 2026 738 2094 dla
763 2011 826 2093 oto.
853 2019 918 2096 llic
943 2019 1167 2094 lastinianus
1193 2019 1308 2116 tangit
1324 2039 1537 2114 supremam
1562 2020 1717 2116 gloriam
1743 2018 1847 2093 istius

675 2139 780 2236 signi,
806 2139 891 2234 quia
918 2140 946 2214 si
973 2140 1043 2214 sub
1072 2138 1240 2236 Augusto
1270 2144 1352 2214 erat
1379 2139 1473 2213 iacta
1506 2137 1688 2235 reparatio
1720 2138 1848 2212 mnndi

677 2261 774 2334 male
798 2259 969 2355 dispositi,
1000 2260 1070 2334 sub
1099 2259 1244 2334 Tiberio
1269 2259 1363 2334 iacta
1389 2264 1445 2335 est
1478 2260 1664 2354 reparatio
1695 2260 1847 2334 bomani

675 2381 822 2478 generis
847 2381 1032 2455 damnati:
1051 2387 1089 2455 et
1114 2381 1233 2474 primo
1257 2381 1509 2476 superextollit
1535 2379 1726 2478 magnifice
1750 2379 1846 2454 istud

677 2501 826 2596 lactum,
852 2501 1046 2576 ostendens
1072 2501 1171 2595 quod
1196 2500 1320 2575 omnia
1346 2501 1442 2576 lacta
1464 2500 1648 2595 preterita
1659 2507 1704 2602 ,et
1721 2500 1848 2576 lutura

677 2630 762 2698 sunt
787 2643 918 2718 pnrum
947 2623 1006 2696 vel
1032 2621 1119 2696 nibil
1145 2627 1313 2719 respectu
1335 2622 1450 2696 istius.
1471 2622 1563 2697 uicit
1583 2642 1692 2718 ergo:
1713 2626 1777 2694 lla
1794 2611 1849 2694 otri

676 2746 736 2817 cto
752 2746 778 2816 'l
799 2763 920 2835 senno,
946 2742 1094 2836 scilicet,
1114 2741 1259 2836 aquilae,
1276 2744 1337 2814 cite
1352 2745 1483 2835 partor
1499 2744 1548 2815 nrt
1560 2746 1640 2836 soce
1653 2744 1743 2834 sotto
1760 2761 1849 2814 oneo

674 2867 807 2956 primo,
833 2863 978 2956 scilicet,
1005 2869 1090 2938 ante
1114 2862 1313 2958 tiberium,
1338 2866 1441 2956 epol
1464 2885 1529 2936 ero
1549 2867 1695 2957 sotnno,
1713 2862 1849 2938 scilicet

678 2989 759 3078 post
782 2983 982 3076 Tiberium,
1009 2981 1104 3056 sicut
1129 3002 1195 3077 per
1219 2980 1494 3086 llespasianum,
1507 2983 1717 3075 Traianum,
1735 2981 1850 3056 Anto-

678 3103 805 3178 ninum
841 3103 954 3198 pium,
981 3103 1242 3196 Alexandrum,
1268 3110 1306 3178 et
1340 3103 1389 3177 ita
1420 3103 1468 3177 de
1497 3101 1622 3177 multis
1652 3122 1773 3198 usque
1803 3103 1849 3176 ad

677 3223 966 3316 Constantinum,
993 3223 1103 3298 etita
1130 3222 1300 3318 deinceps
1326 3222 1514 3316 usquead
1541 3223 1660 3317 ipsum
1678 3222 1849 3296 iustinia-

677 3365 779 3437 num,
807 3350 843 3418 et
868 3345 916 3418 ab
941 3345 1018 3439 ipso
1046 3363 1165 3438 usque
1189 3344 1235 3417 ad
1253 3344 1427 3418 carolum
1451 3363 1640 3440 magnum,
1653 3365 1723 3437 pn·
1741 3348 1777 3418 lo
1792 3367 1849 3418 rc·

676 3485 748 3557 pno
774 3467 915 3557 mortat,
943 3467 1032 3537 ct'a
1057 3467 1107 3538 lut
1130 3467 1307 3556 soppicce,
1333 3464 1436 3558 idest,
1469 3463 1662 3558 mundum,
1697 3465 1759 3560 qui
1792 3474 1848 3540 est

677 3583 844 3658 subditus
869 3583 915 3658 de
935 3585 1025 3679 jure
1050 3583 1129 3676 sibi,
1150 3587 1291 3658 diventa
1314 3588 1353 3658 tn
1367 3605 1577 3678 apparenza
1590 3605 1679 3678 poco
1694 3607 1714 3658 e
1728 3605 1848 3678 sonno,

679 3703 892 3799 respective,
917 3725 955 3777 so
978 3707 1016 3777 tn
1041 3724 1148 3777 mano
1173 3707 1213 3777 al
1235 3713 1333 3777 terzo
1361 3709 1488 3778 cesare
1514 3708 1547 3778 st
1575 3708 1680 3799 mira,
1711 3705 1847 3780 scilicet

678 3823 716 3897 in
735 3844 846 3898 manu
862 3823 1012 3917 Tiberii;
1031 3824 1099 3899 iste
1116 3824 1183 3898 luit
1200 3824 1474 3899 strenuissimus
1490 3845 1695 3918 armorum,
1713 3832 1750 3900 et
1767 3845 1848 3898 ma·

677 3963 750 4040 gna
777 3949 814 4018 ct
840 3943 1044 4038 periculosa
1072 3945 1167 4020 bella
1192 3945 1304 4042 gessit
1336 3965 1403 4040 pro
1434 3945 1579 4020 cesare
1603 3944 1770 4042 Augusto
1795 3944 1849 4018 vi·

678 4063 771 4138 trico
788 4085 868 4156 suo,
883 4071 1007 4139 tamen
1027 4064 1280 4139 vitiosissimus
1294 4057 1352 4159 (¹),
1373 4064 1520 4161 juvenis
1536 4064 1714 4158 ebriosus,
1734 4084 1847 4139 senex

678 4183 899 4277 luxuriosus
931 4185 1030 4259 carris
1063 4185 1221 4259 rabidus.
1247 4184 1340 4259 llicit
1365 4191 1490 4260 tamen
1520 4184 1695 4258 Homsius
1726 4183 1773 4258 de
1803 4203 1849 4258 eo

679 4304 777 4398 quod
793 4303 971 4398 Tiberius,
989 4305 1075 4399 quia
1098 4325 1171 4379 non
1191 4304 1348 4379 obtinuit
1365 4305 1402 4378 in
1419 4310 1547 4380 senatu
1567 4304 1665 4398 qood
1685 4303 1849 4380 Christus

678 4424 864 4498 coleretur
887 4445 957 4519 pro
976 4425 1066 4519 Deo,
1083 4444 1130 4498 er
1157 4425 1451 4499 mansuetissimo
1468 4423 1630 4520 principe
1648 4444 1848 4499 conversus

677 4551 733 4618 est
758 4543 794 4617 in
820 4543 1056 4618 saevissimam
1083 4544 1260 4638 bestiam3
1287 4551 1325 4619 et
1347 4544 1452 4619 dicit:
1477 4565 1545 4618 con
1569 4547 1686 4618 occln'o
1710 4547 1845 4636 obturo,

678 4663 780 4757 idest,
807 4665 989 4738 intellectu
1018 4683 1118 4760 vero,
1144 4687 1164 4738 e
1187 4686 1254 4739 con
1278 4671 1395 4759 offulto
1409 4687 1515 4758 pnro,
1536 4663 1640 4759 idest,
1657 4663 1848 4740 allectione

679 4786 789 4858 clara.
816 4783 892 4858 Hoc
916 4784 1000 4859 dicit
1026 4785 1113 4879 quia
1134 4785 1239 4859 multi
1260 4792 1396 4883 negant
1412 4786 1518 4861 istam
1536 4786 1716 4861 rationem
1734 4805 1846 4881 quam

743 5049 771 5112 ll)
786 5049 816 5098 E.
834 5049 1011 5099 vitiosissimus
1025 5049 1177 5111 bominum
1190 5049 1301 5114 juvenis.
