4342 6692
673 816 744 882 llll
1062 824 1268 880 murtrum
1294 826 1458 879 rmunmr

671 992 867 1049 cursuram
896 971 983 1065 sibi3
1012 977 1050 1045 et
1082 990 1170 1045 cum
1196 971 1316 1066 primo
1346 970 1442 1045 lilius
1466 968 1686 1045 occurrisset
1715 971 1842 1046 voleus

670 1094 790 1189 ipsum
815 1090 1010 1166 immolare
1033 1092 1160 1187 pulsus
1186 1096 1242 1167 est
1266 1111 1288 1165 a
1313 1090 1542 1166 cretensibus
1571 1090 1618 1165 de
1646 1091 1771 1185 patria
1796 1092 1844 1165 lit

669 1215 729 1289 bic
757 1220 843 1288 nota
870 1212 971 1306 quod
995 1212 1250 1309 Agamemnon
1283 1217 1401 1307 potest
1432 1211 1546 1287 videri
1577 1210 1846 1286 infelicissimus

670 1333 882 1426 bominum
908 1352 995 1407 uam
1024 1332 1089 1426 qui
1118 1331 1192 1405 dur
1225 1338 1277 1406 tut
1306 1352 1440 1428 regum
1472 1338 1701 1406 mactaverat
1731 1328 1843 1406 liliam

670 1453 873 1550 promtam,
899 1458 938 1526 et
963 1456 1016 1525 tot
1040 1452 1231 1525 laboribus
1252 1458 1289 1526 et
1306 1451 1512 1548 sumptibus
1530 1451 1712 1525 bellorum
1728 1450 1845 1525 vindi·

670 1579 820 1649 caverat
836 1572 1061 1648 adulterium
1078 1572 1231 1666 Paridis,
1248 1572 1326 1667 ipsc
1347 1578 1528 1647 mactatus
1547 1580 1603 1646 est
1618 1572 1667 1645 ab
1679 1570 1843 1667 AEgistbo

670 1693 861 1769 sacerdote
873 1692 1054 1767 adulterio
1065 1686 1101 1785 (¹)
1118 1692 1245 1766 uxoris
1257 1712 1335 1767 suae
1347 1712 1434 1767 curu
1449 1692 1614 1767 rediisset
1631 1692 1668 1765 in
1686 1692 1838 1787 patriam

668 1813 952 1911 gloriosissimus
969 1812 1214 1907 triumphator
1232 1833 1337 1888 more
1355 1812 1468 1888 bovis.
1484 1853 1534 1868 —
1545 1818 1647 1887 State.
1666 1812 1729 1887 llic
1746 1812 1839 1887 Bee-

670 1935 742 2009 trir
766 1933 897 2009 suadet
921 1954 969 2007 er
993 1931 1097 2006 dictis
1122 1931 1221 2024 quod
1247 1952 1318 2005 nou
1345 1932 1460 2006 simus
1485 1932 1591 2006 nimis
1616 1932 1746 2023 festini,
1765 1932 1841 2005 imo

669 2054 762 2129 tardi
781 2053 829 2128 ad
847 2058 989 2146 votum,
1001 2052 1146 2126 diceus:
1170 2055 1386 2145 Ommtoni,
1402 2056 1490 2125 note
1504 2048 1566 2146 pini
1581 2056 1688 2144 gram
1704 2074 1728 2125 o
1746 2073 1843 2125 turro-

670 2178 779 2266 oervi,
807 2174 955 2267 scilicet,
979 2172 1027 2247 ad
1052 2180 1194 2267 votum,
1217 2194 1290 2246 non
1314 2176 1401 2247 state
1425 2194 1522 2247 come
1543 2194 1662 2266 prum
1686 2176 1737 2246 od
1759 2178 1844 2265 ogni

670 2302 784 2386 mtto,
800 2293 904 2387 idest,
921 2313 995 2367 uon
1016 2294 1129 2387 leves,
1148 2313 1220 2366 nou
1239 2295 1391 2368 mobiles
1416 2293 1462 2368 ad
1487 2314 1637 2369 omnem
1663 2294 1840 2389 impetum

669 2416 926 2509 adversorum,
950 2421 988 2488 et
1011 2414 1196 2510 precipue
1228 2415 1442 2511 navigantes
1473 2416 1543 2490 boc
1575 2414 1698 2490 lacere
1726 2416 1843 2490 solent

668 2537 716 2612 ad
740 2556 898 2631 parvum
923 2541 1077 2611 ventum
1103 2536 1352 2631 eontrarium,
1370 2558 1389 2610 c
1406 2558 1479 2610 oon
1498 2540 1651 2611 crediate
1674 2538 1735 2611 cle
1759 2540 1843 2627 ogni

668 2676 783 2749 copta
807 2659 843 2728 oi
866 2659 950 2747 tuot,
976 2656 1063 2749 quia
1090 2676 1163 2731 non
1189 2657 1323 2731 sufficit
1347 2677 1445 2751 aqua
1475 2664 1600 2731 sancta
1625 2657 1672 2731 ad
1696 2658 1843 2732 solven-

668 2778 758 2852 dum
786 2777 858 2850 tale
883 2775 1058 2850 debitum.
1085 2777 1130 2850 Et
1155 2776 1276 2850 subdit
1302 2776 1400 2870 quod
1421 2796 1617 2873 possumus
1641 2798 1721 2851 esse
1746 2796 1842 2873 prae-

669 2896 768 2972 cauti
784 2897 823 2970 in
844 2897 924 2990 boc,
937 2895 1080 2971 diceus:
1101 2904 1198 2969 avete
1220 2900 1249 2969 il
1269 2918 1384 2970 nuovo
1400 2899 1457 2970 e'l
1472 2900 1607 2970 vetolio
1628 2903 1842 2988 testamento,

669 3037 831 3113 quorum
857 3021 1062 3110 utrumque
1086 3016 1249 3111 praecipit
1276 3017 1430 3092 reddere
1446 3017 1546 3111 quod
1562 3024 1738 3092 vovetur:
1756 3018 1841 3092 etsi

668 3138 844 3235 ignoratis
861 3157 1005 3212 sacram
1023 3138 1257 3234 scripturam,
1270 3138 1412 3213 bebetis
1427 3142 1455 3211 il
1463 3145 1589 3231 postor
1604 3141 1698 3214 della
1715 3142 1842 3231 chiesa,

668 3258 774 3353 quasi
798 3258 905 3352 dicat,
931 3258 1101 3354 prelatos
1126 3258 1363 3353 predicantes
1388 3266 1427 3334 et
1450 3259 1648 3357 dirigentes
1678 3279 1745 3335 vos
1769 3261 1843 3335 sal-

668 3386 743 3454 tem
771 3378 906 3472 verbo;
931 3377 1013 3452 ideo
1047 3378 1143 3471 dicit,
1170 3379 1231 3451 obe
1262 3382 1297 3451 vi
1323 3382 1445 3472 guido,
1474 3387 1510 3455 et
1544 3380 1638 3476 ideo,
1663 3388 1779 3474 presto
1804 3384 1841 3454 oi

668 3499 758 3572 busti
781 3519 807 3571 a
830 3506 950 3572 norbo
973 3500 1198 3571 smuantentn
1213 3504 1328 3573 -Se
1364 3500 1429 3575 llic
1460 3500 1608 3575 Beatrix
1640 3501 1743 3577 docet
1772 3522 1840 3576 uos

668 3618 821 3694 obviare
846 3618 901 3691 bis
926 3638 1012 3713 quae
1036 3618 1262 3713 praecipitant
1288 3639 1354 3693 nos
1380 3620 1416 3693 in
1442 3628 1539 3715 vota,
1566 3621 1709 3716 scilicet,
1734 3622 1840 3717 cupi-

668 3740 841 3815 ditatibus
865 3738 1010 3832 nostris,
1028 3739 1171 3815 dicens:
1191 3761 1229 3812 se
1245 3742 1341 3813 molo
1357 3744 1534 3833 cupidipio
1549 3746 1644 3815 altro
1663 3746 1696 3815 oi
1718 3745 1842 3833 paida,

669 3861 763 3935 deut
779 3859 958 3954 cupiditas
974 3858 1142 3935 vindicte
1167 3860 1343 3953 compulit
1366 3858 1694 3957 Agamemnonem,
1712 3869 1750 3937 et
1773 3882 1842 3935 cu-

668 3980 798 4077 piditas
815 3980 978 4055 victorie
995 3980 1224 4073 lephtbe,·ad
1243 3987 1317 4053 tam
1336 4000 1434 4055 caeca
1451 3986 1537 4057 vota
1546 4005 1556 4075 ;
1573 3988 1610 4056 et
1627 3982 1676 4056 ita
1701 3982 1842 4078 cupidi-

669 4107 725 4175 tas
748 4100 843 4175 lucri
867 4100 1052 4195 compellit
1075 4120 1255 4194 avarum,
1273 4119 1382 4197 ergo:
1403 4102 1490 4174 ecte
1509 4104 1641 4175 nomini
1655 4092 1714 4194 (¹);
1735 4102 1840 4197 quasi

668 4220 781 4296 dicat:
799 4221 969 4318 regimini
986 4220 1141 4314 ratione,
1159 4240 1242 4315 quae
1266 4222 1410 4317 regulat
1428 4222 1679 4315 passionem,e
1695 4242 1841 4315 nonpe-

668 4362 750 4415 ecrc
766 4348 883 4437 mette,
903 4362 988 4436 que
1004 4348 1213 4437 sequuntur
1239 4342 1354 4416 solam
1373 4342 1660 4435 sensualitatem,
1685 4334 1717 4415 si
1740 4344 1800 4415 cle
1816 4345 1843 4416 ’l

671 4465 816 4555 deeeo,
841 4463 905 4557 qui
931 4464 1041 4538 babet
1065 4463 1185 4536 solum
1213 4468 1319 4537 vetus
1346 4468 1619 4558 testamentum,
1645 4472 1682 4539 et
1706 4465 1843 4559 optime

668 4590 791 4658 servat
815 4590 997 4679 precepta
1023 4582 1113 4680 legis
1137 4582 1309 4678 antiquae,
1331 4591 1389 4658 tra
1414 4587 1472 4658 voi
1495 4586 1535 4658 di
1559 4588 1616 4657 voi
1639 4606 1713 4658 noo
1735 4588 1843 4679 ridn5

669 4708 706 4776 et
730 4722 819 4777 vere
839 4702 953 4797 judaei
980 4704 1163 4777 mirantur
1189 4704 1350 4777 multum
1377 4710 1415 4778 et
1440 4704 1639 4780 trutiautur
1668 4705 1714 4780 de
1746 4704 1843 4779 cbri-

731 4959 759 5021 ('l
773 4960 806 5011 lt.
822 4962 950 5013 antero.
1199 4959 1230 5025 (¹)
1242 4963 1273 5015 B.
1290 4964 1395 5022 mhi,
1412 4963 1484 5025 idest,
1500 4964 1628 5028 regimini.
