4342 6692
745 917 884 975 caurus
908 918 1071 975 ruamus
1424 912 1494 981 adt

322 1061 541 1139 videbantur
565 1063 656 1140 radii
682 1064 779 1158 selis,
804 1070 842 1139 et
871 1065 1048 1141 ruborem
1080 1064 1183 1141 faciei
1213 1040 1381 1143 mistum
1407 1086 1494 1145 cum

321 1180 502 1277 candere3
528 1190 567 1260 et
590 1183 765 1279 breviter,
785 1185 930 1282 singula
951 1186 1119 1261 membra
1139 1189 1267 1283 pulcra
1289 1190 1391 1264 velut
1413 1210 1498 1263 rnu-

320 1303 389 1380 lter
413 1304 451 1378 in
475 1304 635 1400 speculo.
662 1304 799 1379 Deinde
824 1304 974 1380 abiectis
1005 1306 1168 1381 vestibus
1201 1308 1322 1383 nudus
1347 1308 1497 1383 intrarit

321 1444 472 1519 aquarn,
498 1425 625 1500 rolens
649 1426 852 1521 amplexari
878 1431 916 1501 et
940 1426 1099 1501 osculari
1116 1429 1310 1504 umbram:
1328 1430 1392 1505 sed
1409 1431 1498 1506 bra·

323 1545 404 1621 chia
421 1546 519 1621 nuda
545 1545 744 1621 reducebat
768 1544 816 1621 ad
840 1552 988 1642 pectus3
1011 1554 1049 1623 et
1073 1546 1125 1623 sic
1150 1568 1246 1645 saepe
1269 1550 1405 1625 faciens
1422 1556 1497 1625 sta-

322 1665 387 1741 bat
410 1666 538 1740 illusus
562 1666 641 1742 sine
665 1666 758 1760 cibo,
784 1674 875 1763 potu
899 1672 937 1743 et
961 1688 1104 1763 somne,
1127 1690 1195 1745 nec
1212 1671 1415 1746 satiabatur
1440 1671 1497 1746 ri-

323 1786 413 1862 dere
436 1806 542 1860 suam
575 1786 741 1861 fallacem
771 1786 942 1881 formam,
967 1794 1005 1862 et
1036 1790 1335 1883 conquerebatur
1367 1804 1496 1865 secum

323 1904 424 2000 quod
440 1926 509 1981 nec
527 1905 655 2001 maria,
674 1926 743 1981 nec
760 1912 916 2001 montes,
934 1926 1003 1981 nec
1024 1909 1123 1982 muri
1141 1910 1272 1985 clausis
1290 1912 1414 2006 portis,
1431 1908 1496 1988 sed

323 2048 438 2123 parva
462 2048 561 2122 aqna
577 2018 627 2119 (⁴).
648 2026 808 2101 ‘landem
835 2026 1025 2103 Narcissus
1037 2019 1076 2123 (²)
1101 2030 1212 2125 coepit
1236 2032 1368 2107 resolvi
1396 2032 1497 2107 velut

323 2166 409 2223 cera
433 2146 480 2221 ad
506 2146 630 2245 ignem
654 2154 692 2222 et
714 2146 847 2221 bruma
872 2148 920 2221 ad
944 2149 1081 2241 snlem3
1109 2156 1145 2224 et
1167 2170 1368 2225 conversus
1386 2150 1498 2225 estin

322 2266 451 2342 dorem
478 2266 534 2341 sui
565 2266 733 2359 nominis,
759 2266 823 2361 qui
853 2273 910 2341 est
932 2267 1040 2341 albus
1063 2269 1201 2343 rubens
1231 2268 1267 2342 in
1297 2270 1428 2364 medin,
1457 2277 1499 2344 ut

320 2386 407 2461 dicit
422 2386 570 2461 Ovidius
587 2387 631 2459 Nl
646 2387 801 2461 Nainris.
820 2389 897 2462 Hoc
914 2388 1002 2482 riso,
1020 2388 1212 2464 rideamus
1229 2390 1392 2466 breviter
1409 2391 1498 2486 qnid

322 2506 389 2581 sibi
413 2509 495 2582 vult
519 2508 585 2582 ista
605 2507 767 2603 jncunda
792 2508 928 2603 fabula,
945 2516 984 2585 et
1007 2508 1089 2604 quis
1115 2518 1170 2584 est
1195 2510 1264 2585 iste
1284 2510 1496 2587 Narcissus:

322 2635 424 2702 certe
448 2636 504 2703 est
523 2628 672 2723 juvenis
692 2649 820 2722 vanus,
838 2650 954 2727 vagus
969 2619 1021 2724 (³),
1038 2629 1102 2724 qui
1121 2648 1226 2705 mere
1249 2632 1399 2727 pavonis
1417 2633 1497 2729 glo·

325 2747 441 2822 riatur
466 2754 504 2822 et
528 2747 732 2823 delectatur
751 2748 907 2823 mirabili
929 2750 1048 2823 forma
1067 2770 1135 2825 sua
1153 2756 1191 2824 et
1215 2749 1282 2825 sibi
1302 2752 1439 2847 placet,
1457 2759 1496 2827 et

322 2866 375 2943 sic
400 2874 528 2962 captus
545 2888 675 2943 amere
693 2868 751 2941 sni
768 2866 883 2943 credit
899 2868 1025 2943 videre
1045 2868 1140 2945 inse
1160 2889 1240 2945 rem
1267 2889 1394 2946 veram
1422 2892 1497 2946 nnn

325 2987 508 3082 umbram,
535 3008 621 3062 cum
648 2994 772 3063 tamen
798 2988 918 3082 petius
938 3009 961 3062 e
981 2996 1108 3063 centra
1130 2989 1336 3085 pulcritudo
1362 3011 1495 3087 cerpo-

323 3105 375 3181 ris
398 3108 445 3181 sit
469 3106 602 3181 umbra
628 3127 713 3202 quae
733 3108 895 3182 vanescit
911 3106 1007 3181 inter
1026 3110 1154 3183 oculos
1169 3110 1335 3204 ipsorum
1354 3111 1495 3185 miran-

322 3227 415 3303 tium
441 3233 479 3301 et
503 3227 751 3302 laudantium:
777 3228 859 3303 ideo
885 3228 980 3303 bene
1009 3228 1166 3302 vertitur
1197 3228 1235 3302 in
1263 3230 1404 3325 florem,
1431 3230 1496 3327 qui

323 3348 395 3423 citu
419 3347 614 3423 marcescit
630 3346 677 3422 ad
698 3347 878 3423 modicam
905 3347 1119 3422 febriculam
1139 3355 1176 3423 et
1193 3368 1346 3444 parvam
1364 3350 1497 3427 adver-

323 3467 487 3562 sitatem3
514 3474 551 3542 et
576 3468 605 3541 si
631 3467 726 3542 forte
751 3468 859 3543 duret
884 3468 1108 3562 aliquandiu,
1134 3477 1304 3544 senectus
1330 3470 1396 3545 sibi
1423 3491 1497 3550 non

322 3590 449 3685 parcit.
476 3588 578 3664 Sicut
603 3609 694 3686 ergo
718 3588 769 3661 nil
793 3588 945 3685 gratius,
971 3589 1021 3662 ita
1047 3588 1097 3661 nil
1123 3588 1272 3664 brevius
1297 3590 1427 3665 forma.
1454 3591 1498 3665 Et

321 3717 424 3786 certe
448 3711 568 3786 omnis
592 3716 693 3785 terra
710 3707 822 3783 habet
838 3730 925 3784 suns
941 3709 1138 3803 Narcissus,
1157 3730 1225 3785 nec
1242 3716 1298 3785 est
1314 3710 1376 3786 diu
1399 3710 1497 3805 qnod

319 3824 395 3905 'ridi
422 3852 539 3905 unum
566 3839 667 3906 recte
691 3829 815 3921 talem,
841 3829 904 3924 qui
931 3829 1059 3904 flerem
1085 3850 1164 3904 suae
1193 3830 1322 3905 fnrmae
1352 3832 1498 3906 stultius

324 3956 363 4025 et
386 3949 563 4025 infelicius
588 3949 743 4046 perdidit
773 3970 885 4044 quam
918 3948 1118 4044 Narcissus,
1144 3950 1277 4025 acerba
1310 3958 1347 4026 et
1372 3950 1496 4025 infami

325 4076 457 4145 morte.
483 4072 588 4145 Nunc
612 4071 659 4145 ad
684 4069 828 4146 literam
854 4069 940 4143 dicit
964 4075 1090 4144 autor:
1119 4072 1281 4143 Perct'io
1297 4075 1391 4145 cmm
1409 4074 1497 4145 dere

325 4195 382 4265 tro
407 4190 467 4264 att'
478 4212 585 4264 error
608 4194 789 4265 contario
818 4210 843 4261 a
871 4191 961 4283 puel,
990 4188 1137 4284 scilicet,
1164 4191 1295 4285 errori,
1321 4193 1498 4265 ct'accese

325 4330 429 4385 amer
453 4318 511 4385 tra
536 4314 690 4402 fuemo,
714 4309 860 4404 scilicet,
882 4308 1112 4403 Narcissum
1131 4314 1331 4385 astantem
1351 4310 1497 4385 Neruis-

325 4452 391 4507 sns
406 4431 472 4507 dns
488 4431 628 4527 pulcer,
644 4430 708 4526 qui
724 4429 836 4505 latine
853 4435 1008 4505 vocatur
1024 4428 1141 4502 lilium
1158 4428 1302 4523 album;
1320 4432 1377 4503 e’f
1387 4434 1497 4525 sone,
1597 4492 1605 4503 .

325 4570 437 4647 quem
464 4551 610 4626 vocavit
633 4550 718 4626 alibi
743 4549 935 4646 speculum
955 4547 1123 4624 Narcissi.
1138 4586 1188 4603 -··
1201 4549 1327 4623 suido.
1346 4550 1411 4625 Hic
1430 4572 1498 4626 au·

388 4758 418 4823 (¹)
434 4760 446 4811 l
462 4767 504 4812 tre
518 4759 606 4813 Codlci
625 4761 736 4825 leggono
755 4759 816 4810 lnttl
837 4772 912 4810 nonne
926 4759 955 4812 la
974 4762 1081 4822 stampe.
1098 4757 1127 4809 L’
1140 4758 1246 4809 Estense
1267 4757 1300 4808 ira
1322 4759 1348 4809 iu
1368 4759 1497 4823 margines

326 4836 401 4888 «Per
416 4837 560 4887 &hiante
575 4841 666 4901 queste
682 4848 758 4887 sense
773 4848 877 4899 snspesn
893 4836 913 4885 si
929 4846 989 4885 raca
1005 4835 1051 4899 qni
1067 4834 1086 4885 il
1103 4834 1182 4898 luogo
1193 4832 1319 4885 dfOridio
1329 4847 1344 4885 a
1356 4836 1398 4885 eni
1415 4834 1434 4887 il
1448 4846 1499 4886 ne-

323 4919 380 4966 stro
398 4918 491 4964 autore
507 4926 632 4964 arcannm
701 4926 748 4963 nee
761 4926 808 4963 nes
822 4926 895 4963 mure
909 4917 1013 4976 sepem
1026 4914 1125 4978 moeni,
1137 4912 1187 4963 Nee
1202 4912 1255 4970 vic,
1272 4926 1318 4963 noe
1333 4918 1436 4975 meam,
1452 4927 1499 4965 nse

325 4990 419 5041 etam
433 4990 529 5039 meniu
542 4990 631 5054 portis,
648 4990 754 5053 Extpuu
767 4986 931 5052 prohibemur
945 5001 1044 5053 apua.»

389 5064 416 5131 (¹)
432 5066 463 5117 lt.
479 5066 612 5118 Narcissus
628 5068 682 5131 lpse
698 5067 776 5131 empti
791 5065 857 5116 uniri
872 5064 952 5116 salut.
1079 5064 1106 5127 (Ἴ
1123 5065 1154 5115 E.
1170 5068 1197 5117 et
1212 5076 1300 5130 ragan
