4342 6692
661 885 708 951 le
997 897 1204 952 couuuruu
1228 896 1448 952 ruaunaonn

659 1041 756 1118 enim
784 1042 923 1140 vitium
941 1049 996 1116 est
1011 1034 1046 1135 (¹)
1074 1043 1225 1118 bestiale
1246 1042 1364 1135 nimis,
1382 1042 1419 1114 in
1438 1041 1538 1133 quod
1563 1042 1716 1118 faciliter
1739 1043 1834 1118 labi-

659 1181 745 1235 mur
770 1161 914 1257 impulsi
941 1163 1098 1236 naturali
1123 1162 1374 1255 delectatione,
1399 1183 1513 1256 quarn
1546 1169 1681 1238 natura
1710 1163 1831 1258 posuit

658 1284 695 1359 ln
720 1291 831 1381 gustu
857 1283 903 1357 ad
928 1283 1252 1358 substentationem
1275 1283 1370 1358 vitae.
1388 1284 1493 1358 Nunc
1517 1284 1621 1358 litera
1638 1283 1826 1379 apparebit

657 1407 769 1498 clara,
794 1425 879 1498 quae
903 1403 1004 1498 prius
1030 1411 1110 1478 erat
1135 1405 1303 1478 obscura.
1330 1404 1423 1478 Dicit
1448 1425 1538 1500 ergo
1563 1411 1671 1499 poeta
1685 1397 1722 1496 (²)
1739 1429 1748 1478 :
1767 1409 1830 1478 Mc

656 1545 727 1598 uno
743 1525 927 1598 arboreta
939 1531 1135 1596 trooummo
1147 1527 1185 1596 in
1199 1546 1325 1597 mezzo
1341 1528 1480 1615 strada,
1496 1524 1669 1600 mirabilis
1686 1525 1827 1618 lormae,

656 1667 722 1718 eon
741 1649 841 1737 pomi
865 1647 915 1717 cd
938 1647 1074 1718 odoror
1099 1649 1200 1718 soavi
1223 1646 1384 1736 chaom,
1412 1653 1452 1718 ut
1471 1646 1587 1740 magis
1611 1646 1771 1721 alliciant
1790 1655 1829 1722 et

655 1766 832 1858 crucient,
859 1771 946 1837 tosto
977 1786 1087 1858 ruppe
1123 1768 1155 1838 lc
1191 1769 1283 1838 dolci
1318 1769 1475 1856 raptent,
1500 1766 1602 1850 idest,
1633 1767 1829 1862 interrupit

607 1897 612 1908 '
656 1884 775 1960 dulcia
800 1885 980 1978 colloquia
1008 1883 1143 1981 Virgilii
1169 1891 1206 1959 et
1231 1885 1344 1979 Statii,
1370 1905 1455 1978 quae
1486 1906 1560 1960 non
1593 1886 1716 1960 minus
1748 1886 1830 1960 alli-

656 2005 798 2079 ciebant
822 2006 988 2080 animum
1018 2027 1157 2099 meum,
1175 2027 1287 2099 quarn
1307 2006 1375 2080 ista
1392 2026 1500 2100 poma
1520 2011 1684 2102 gustum.
1703 2008 1746 2081 Et
1763 2007 1829 2084 de-

655 2126 769 2199 clarat
787 2126 943 2200 lormam
957 2126 1101 2200 arboris
1113 2146 1179 2220 per
1193 2147 1305 2199 unam
1321 2127 1633 2221 comparationem
1648 2127 1827 2222 pulcram,

653 2245 797 2320 diceus:
823 2268 842 2318 e
866 2267 962 2320 come
985 2249 1081 2320 adele
1105 2251 1143 2320 in
1173 2250 1245 2320 att>
1269 2250 1301 2318 si
1324 2249 1493 2338 diprmlu,
1519 2267 1649 2322 versus
1674 2248 1825 2342 coelum,

654 2367 692 2438 di
714 2385 820 2439 raom
842 2368 881 2438 in
904 2387 1020 2460 rame,
1046 2387 1113 2460 per
1138 2367 1273 2440 mullos
1306 2367 1454 2462 gradus,
1480 2360 1551 2440 cosi
1576 2370 1701 2459 puello,
1724 2367 1829 2462 idest,

655 2485 714 2559 illa
739 2485 851 2560 arbor
876 2485 1064 2580 pomifera,
1091 2486 1229 2581 supple,
1255 2488 1526 2583 degradabatur
1556 2488 1615 2581 ibi,
1650 2492 1688 2560 in
1712 2492 1826 2578 ptmo,

654 2626 784 2680 versus
809 2614 959 2680 terram.
987 2607 1031 2679 Et
1055 2607 1215 2702 assignat
1231 2628 1380 2683 causam
1402 2607 1545 2682 dicens:
1563 2610 1718 2699 cred'io,
1742 2629 1827 2700 per·

654 2724 716 2800 cdd
733 2747 891 2819 persono
924 2748 965 2801 su
998 2748 1069 2799 non
1095 2729 1202 2820 oudo,
1229 2727 1275 2801 ad
1298 2727 1543 2824 colligendum
1569 2734 1606 2801 et
1629 2729 1827 2803 comeden-

654 2847 745 2922 dum
771 2846 816 2920 de
842 2847 963 2920 lructu
991 2847 1079 2921 eius.
1098 2848 1143 2920 Et
1160 2849 1242 2922 vide
1267 2848 1366 2940 quod
1382 2847 1607 2942 comparatio
1625 2848 1755 2922 abietis
1771 2855 1827 2922 est

653 2967 760 3042 valde
783 2967 941 3062 propria,
960 2967 1102 3041 ratione
1123 2966 1332 3061 altitudinis,
1351 2967 1576 3041 rectitudinis
1599 2974 1637 3042 et
1661 2968 1827 3042 diverso·

656 3109 740 3160 rum
767 3087 970 3182 graduum3
993 3087 1041 3160 ila
1066 3087 1153 3183 gula
1170 3088 1280 3161 habet
1300 3086 1577 3182 longitudinem,
1599 3086 1827 3181 profundita-

651 3213 728 3280 tem
755 3214 792 3280 et
817 3207 979 3281 diversos
1005 3228 1141 3300 ramos,
1167 3207 1259 3282 idest
1284 3207 1585 3302 multiplicitatem
1616 3208 1823 3302 epularum.

652 3329 696 3403 Et
713 3328 835 3401 subdit
846 3319 882 3420 (Β)
906 3335 1030 3421 potum
1049 3335 1130 3422 post
1147 3327 1270 3402 cibum
1290 3328 1456 3420 vetitum,
1472 3327 1615 3402 diceus:
1638 3333 1690 3401 Uo
1711 3331 1827 3420 liquor

651 3451 787 3538 adiuro,
814 3447 959 3542 scilicet,
986 3468 1083 3540 aqua
1110 3467 1215 3542 pura,
1240 3451 1351 3522 ccdcc
1375 3451 1543 3522 dcltulta
1570 3451 1703 3538 roccio,
1722 3449 1825 3542 idest,

653 3568 742 3663 ripa,
767 3570 831 3642 dul
862 3572 933 3641 tulo
963 3571 1053 3641 ouda
1069 3571 1096 3641 'l
1122 3572 1237 3642 condo
1266 3575 1387 3641 roseo
1419 3589 1484 3641 cru
1511 3571 1641 3660 cltum,
1677 3569 1826 3664 scilicet,

651 3708 674 3761 a
698 3696 804 3783 parte
821 3689 953 3763 montis
979 3696 1016 3764 et
1039 3689 1125 3762 altae
1141 3694 1262 3781 cosm,
1280 3710 1299 3760 c
1314 3693 1346 3762 m·
1364 3692 1545 3781 spondete
1557 3711 1625 3783 per
1649 3693 1681 3763 lc
1701 3693 1825 3784 soptie,

651 3807 755 3903 idest,
781 3809 926 3884 lrondes
953 3831 1157 3903 ramorum,
1182 3831 1277 3901 suso,
1313 3829 1442 3884 versus
1466 3810 1615 3903 coelum,
1641 3831 1708 3906 per
1735 3832 1825 3886 oon-

651 3929 808 4003 trarium
834 3931 991 4005 aliarum
1017 3951 1215 4024 aquarum,
1241 3930 1291 4004 ita
1317 3931 1417 4023 quod
1445 3929 1564 4026 gulosi
1596 3931 1760 4006 ridentes
1788 3940 1826 4006 et

652 4071 724 4123 nou
745 4051 906 4124 valentes
922 4051 1114 4148 attingere,
1133 4051 1250 4146 magis
1266 4051 1528 4125 cruciabantur
1547 4051 1615 4125 siti.
1629 4093 1678 4104 -
1692 4055 1732 4125 Li
1747 4056 1824 4126 due.

650 4168 755 4243 Nunc
780 4176 887 4264 poeta
909 4171 1015 4245 docet
1033 4169 1150 4245 vilare
1169 4170 1297 4244 vitium
1313 4170 1412 4266 gulae
1428 4170 1569 4266 lingens
1589 4191 1717 4246 vocem
1736 4191 1824 4266 pro·

650 4289 784 4364 cedere
808 4290 855 4365 ab
881 4291 1025 4384 arbore,
1054 4313 1138 4385 quae
1162 4290 1343 4364 interdicit
1367 4290 1478 4364 istum
1504 4292 1627 4365 cibum
1655 4293 1822 4366 vetitum.

650 4410 751 4485 Unde
776 4410 878 4484 dicit:
905 4415 946 4484 Li
969 4413 1035 4484 due
1057 4413 1162 4505 poeti,
1190 4410 1359 4507 Virgilius
1388 4416 1425 4486 et
1450 4411 1597 4505 Statius,
1623 4432 1647 4483 c
1673 4413 1822 4485 tardor

650 4533 920 4624 suppressere,
943 4532 990 4606 ad
1011 4530 1317 4606 considerandum
1335 4530 1430 4605 istud
1448 4532 1678 4626 vilevilium,
1696 4541 1730 4606 ct
1749 4555 1823 4606 unu

651 4671 733 4724 oooc
753 4643 858 4742 pridd
870 4673 940 4743 per
956 4659 1058 4725 entre
1083 4656 1114 4725 lc
1136 4654 1286 4745 fronde:
1302 4656 1340 4726 di
1355 4661 1473 4744 questo
1496 4654 1571 4726 cido
1588 4661 1707 4728 curete
1723 4675 1823 4745 curo,

652 4773 752 4865 idest,
778 4772 1032 4866 caritudinem,
1058 4773 1254 4867 caristiam,
1277 4774 1364 4866 quia
1391 4775 1495 4869 copia
1520 4775 1687 4848 ciborum
1714 4773 1823 4849 debet

713 4954 740 5016 (¹)
756 4956 787 5006 Ε·
803 4961 842 5005 ²⁵²
858 4969 961 5020 semper
977 4958 1091 5008 manre.
1325 4955 1354 5021 (¹)
1369 4959 1400 5010 lt
1415 4965 1491 5023 poen
1507 4964 1610 5010 nonen
1626 4960 1682 5010 atu

712 5032 739 5094 (¹)
756 5033 787 5082 Ε.
803 5032 888 5082 subdit
904 5038 980 5096 pocla
996 5039 1096 5098 polum.
