4342 6692
679 917 818 974 caurus
842 883 1038 976 vroasmus·
1057 921 1201 976 numus.
1502 909 1525 973 5

355 1085 473 1138 unum
499 1063 619 1137 solum
646 1063 853 1160 prodigum,
872 1065 959 1159 quia
982 1065 1087 1170 anari
1111 1072 1198 1139 sunt
1222 1065 1363 1160 infiniti,
1380 1072 1417 1141 et
1436 1087 1526 1159 pro-

352 1184 426 1281 digi
458 1183 544 1277 rari,
575 1189 613 1259 et
644 1189 731 1257 sunt
764 1184 881 1280 magis
913 1184 1012 1260 olari.
1052 1185 1144 1259 Dicit
1177 1204 1292 1282 ergo:
1326 1207 1346 1258 e
1382 1187 1525 1278 Virprlto

350 1297 461 1379 rende*
483 1306 532 1378 lui
555 1307 583 1378 d
605 1324 714 1378 curuo
739 1305 828 1376 oll’u
852 1296 905 1378 oid
934 1308 966 1378 si
996 1309 1162 1400 consore,·
1193 1304 1279 1399 quia
1308 1303 1387 1399 pari
1417 1324 1525 1378 reve-

341 1425 472 1500 rentia
496 1423 683 1500 inclinavit
706 1431 815 1518 caput
841 1424 901 1518 illi,
927 1432 966 1500 et
992 1425 1203 1500 resalutavit
1217 1419 1255 1517 (¹)
1281 1425 1395 1498 illum.
1424 1424 1525 1498 Unde

353 1544 459 1620 dicit:
483 1548 545 1638 poi
568 1537 749 1636 eomtnctd,
778 1546 918 1640 supple,
944 1544 1086 1620 dicere:
1113 1549 1150 1619 ta
1175 1552 1430 1636 morocoria,
1453 1544 1525 1618 soi-

352 1666 436 1740 lioet
461 1665 594 1758 divina,
620 1664 658 1738 in
682 1686 757 1760 qua
783 1685 856 1740 non
882 1672 1012 1761 regnat
1031 1666 1182 1761 invidia,
1203 1687 1278 1742 non
1306 1667 1405 1740 valet
1429 1665 1524 1741 adu-

352 1786 451 1880 latio,
477 1787 538 1858 cte
562 1806 617 1858 me
636 1788 763 1876 η’ἱερα,
780 1785 883 1880 idest,
900 1786 1070 1881 eontinet,
1088 1789 1167 1859 oetl'
1179 1794 1298 1860 eterno
1322 1789 1431 1879 osilia
1455 1785 1525 1860 soi·

352 1906 448 1999 licet,
474 1905 511 1978 in
536 1903 650 1978 limbo
675 1904 818 1998 inierni,
836 1905 898 1979 ubi
919 1926 1002 1979 sum
1029 1908 1117 1981 exul
1142 1907 1364 1982 aeternaliter
1380 1928 1404 1982 a
1421 1905 1526 1981 curia

353 2025 448 2098 illius
473 2024 581 2121 regis,
609 2027 776 2116 ltponpa
799 2028 837 2098 iu
860 2045 960 2117 paee,
987 2045 1098 2119 quam
1129 2026 1301 2101 nuntiasti
1329 2026 1444 2120 nobis,
1469 2029 1528 2100 ael

353 2145 453 2220 beato
477 2147 634 2235 manilio,
660 2143 763 2238 idest,
782 2145 819 2217 in
836 2145 1053 2219 consistorio
1074 2145 1281 2220 beatorum.
1298 2147 1343 2219 Et
1359 2147 1411 2221 sio
1430 2146 1524 2240 vide,

354 2264 540 2358 quomodo
558 2263 731 2360 Virgilius
747 2269 869 2359 captat
884 2264 1178 2339 benevolentiam
1196 2265 1354 2359 optando
1372 2265 1419 2338 illi
1437 2265 1525 2339 illud

351 2387 491 2460 bonum
509 2384 610 2480 quod
626 2405 694 2479 pro
711 2405 751 2459 se
768 2405 973 2479 numquam
992 2391 1186 2479 sperat-
1197 2390 1318 2458 dorne!
1335 2386 1400 2459 liic
1418 2392 1525 2480 poeta

353 2504 453 2600 ponit
478 2504 688 2600 petitionem
720 2524 834 2598 quam
860 2503 944 2578 lecit
968 2503 1105 2578 Statius
1126 2525 1172 2578 ex
1197 2504 1451 2600 admiratione,
1470 2504 1525 2578 di-

352 2623 457 2700 cens:
482 2627 656 2716 dirs'epli,
673 2623 819 2718 scilicet,
838 2625 974 2699 Statius
986 2616 1043 2716 (²):
1074 2627 1200 2698 domet
1217 2624 1320 2719 idest,
1339 2625 1525 2719 quomodo

352 2755 407 2822 est
425 2728 528 2820 'istud
553 2745 689 2819 lactum
718 2743 896 2838 mirabile,
921 2767 958 2818 se
983 2749 1040 2818 voi
1059 2749 1141 2818 stete
1160 2743 1281 2819 umbre
1301 2749 1362 2819 cde
1389 2749 1459 2819 Dio
1483 2765 1526 2818 su

351 2889 423 2942 uon
448 2869 564 2958 degni
583 2865 685 2958 idest,
703 2884 795 2959 quas
812 2866 910 2939 Deus
927 2886 1001 2941 non
1022 2865 1131 2941 laniat
1154 2866 1283 2962 dignas
1308 2867 1521 2941 ascensione

352 3007 524 3082 superna,
545 2985 639 3060 sicut
663 2992 704 3058 tu
730 2984 818 3059 diois
838 2985 937 3081 quod
955 2985 1130 3082 relegeris
1148 2986 1185 3058 in
1210 2985 1345 3079 inieris,
1359 2990 1414 3061 cdi
1438 2990 1523 3059 o'ba
1544 3035 1547 3039 -

355 3116 451 3183 tuoto
475 3113 601 3196 scorto,
622 3106 702 3201 jam
728 3124 794 3201 per
820 3113 872 3178 tot
896 3105 1044 3200 gradus,
1062 3127 1129 3198 per
1146 3109 1182 3178 la
1200 3126 1267 3178 suu
1281 3110 1394 3198 scala,
1420 3107 1525 3201 idest,

305 3247 306 3250 ‘
354 3247 421 3323 per
446 3233 611 3300 montem
642 3223 844 3320 purgatorii
870 3225 934 3318 qui
963 3225 1064 3300 ducit
1092 3224 1140 3298 ad
1172 3225 1337 3298 coelumi
1362 3225 1405 3298 Et
1440 3225 1524 3300 lacit

356 3365 468 3421 unam
487 3344 744 3440 parenthesim,
762 3343 905 3418 dicens:
926 3346 955 3435 (a
968 3350 1072 3436 parte
1088 3346 1268 3417 unduoam
1282 3347 1399 3439 sorte),
1421 3344 1525 3439 idest,

354 3475 393 3543 et
418 3465 563 3542 interim
582 3465 726 3539 ibamus
743 3463 930 3558 velociter,
948 3483 1015 3538 neo
1033 3463 1269 3538 tardabamus
1286 3465 1355 3538 illis
1371 3466 1527 3558 loquen-

354 3587 463 3681 tibus,
489 3587 540 3660 ita
573 3584 672 3680 quod
701 3585 760 3658 hic
794 3591 897 3676 porte
926 3604 1001 3658 non
1029 3584 1178 3658 denotat
1215 3585 1431 3681 portionem,
1458 3607 1527 3661 nor

356 3715 412 3782 ost
436 3725 584 3800 nomen,
611 3706 686 3779 imo
715 3704 945 3798 adverbium,
976 3711 1013 3779 et
1043 3712 1186 3780 mutum
1217 3708 1314 3781 valet
1344 3715 1525 3801 quantum
1659 3695 1663 3701 ’

355 3827 393 3902 in
417 3827 487 3902 isto
514 3825 650 3920 medio,¹
671 3833 710 3900 et
734 3831 790 3899 est
815 3826 971 3920 vulgare
995 3825 1242 3900 florentinum.
1261 3827 1304 3899 Et
1324 3827 1446 3902 subdit
1466 3850 1527 3902 re·

355 3947 588 4044 sponsionem
614 3945 753 4042 Virgilii
778 3945 826 4019 ad
851 3944 1005 4020 Statium
1032 3946 1174 4020 dicens:
1204 3949 1273 4020 e'l
1296 3951 1413 4022 duitor
1443 3953 1527 4040 auio,

355 4068 502 4162 scilieet,
529 4065 702 4163 Virgilius
726 4066 838 4139 dixit:
863 4087 901 4138 re
934 4073 970 4139 tu
1001 4068 1167 4156 riquardi
1193 4070 1208 4140 i
1236 4071 1348 4159 sepul,
1381 4069 1526 4162 scilicet,

356 4191 384 4262 P
405 4189 509 4284 nigra
522 4177 572 4282 (³),
591 4190 651 4260 cle
666 4189 774 4280 quood
787 4192 908 4278 portu,
927 4185 1072 4277 scilicet,
1091 4185 1158 4259 iste
1175 4192 1283 4280 poeta
1300 4208 1417 4261 novus
1432 4189 1528 4284 gerit

357 4308 395 4382 in
420 4308 551 4401 fronte,
576 4330 596 4381 e
620 4310 680 4382 cde
704 4309 846 4397 tanqu
863 4308 1010 4398 proptu,
1036 4305 1138 4399 idest,
1163 4325 1248 4399 quae
1277 4306 1378 4403 signa
1413 4329 1529 4406 ange-

358 4432 417 4505 lus
442 4428 611 4504 describit
636 4447 723 4502 cum
749 4447 837 4502 ense
862 4425 1062 4520 unicuique
1086 4425 1234 4501 intranti
1260 4427 1529 4524 purgatorium,

356 4569 520 4644 quorum
548 4554 709 4641 quatuor
728 4546 807 4643 jam
834 4545 979 4639 delevit,
997 4552 1034 4620 et
1061 4546 1129 4620 tria
1154 4545 1275 4621 adhuc
1301 4556 1439 4623 restant
1463 4549 1529 4624 de·

356 4669 475 4761 lenda,
501 4659 566 4741 beri
590 4670 714 4742 oedrat'
739 4669 799 4740 cde
823 4669 968 4740 conatur
991 4665 1528 4764 corroborantibus,

357 4788 456 4883 qnod
481 4787 527 4861 sit
551 4787 598 4861 de
623 4806 779 4861 numero
813 4785 1087 4879 salvandorum,
1113 4787 1197 4861 licet
1225 4807 1296 4882 ego
1326 4787 1395 4861 sim
1425 4788 1529 4862 dam-

420 5049 448 5112 (¹)
465 5053 520 5110 117,
534 5049 663 5102 1111111111.
784 5050 810 5112 (¹)
828 5051 883 5111 1¹⁷,
899 5048 945 5099 illo
961 5047 1064 5100 strum.
1188 5008 1217 5112 (r)
1233 5054 1280 5101 11⁷
1294 5063 1311 5100 ο
1326 5050 1357 5101 ll.
1373 5063 1432 5114 pm
1447 5051 1529 5115 nigra.
