4342 6692
681 876 763 956 ,334
1081 886 1287 942 conburunt
1312 886 1477 949 rnnsnrsr

687 1034 804 1110 altum
817 1039 873 1108 est
885 1031 934 1106 ita
948 1031 1123 1107 naturalis
1140 1038 1179 1106 et
1194 1030 1363 1127 proprius
1377 1030 1471 1106 sicut
1483 1029 1679 1106 descensus
1696 1049 1804 1123 aquae
1821 1022 1858 1121 (³)

688 1154 726 1228 in
750 1153 912 1246 bamam,
929 1151 1016 1245 quia
1035 1151 1182 1226 animus
1206 1158 1295 1226 tuus
1320 1158 1376 1227 est
1401 1151 1531 1248 igneus
1556 1156 1593 1224 et
1618 1149 1785 1224 coeleslis.
1813 1149 1857 1224 lit

683 1273 831 1350 subdit:
858 1273 1065 1362 maenuba
1088 1273 1203 1364 suaa,
1230 1271 1349 1365 potius
1373 1292 1396 1346 e
1420 1276 1559 1365 contra,
1583 1292 1621 1344 se
1646 1273 1766 1362 prino,
1792 1291 1859 1364 pro

690 1393 864 1489 privatus,
889 1393 1191 1485 d’impedimento,
1216 1390 1442 1488 ignorantiae,
1471 1386 1531 1483 pil
1564 1393 1704 1486 lisossi
1733 1395 1859 1486 morbo,

689 1514 792 1608 idest,
818 1512 974 1588 locasses
1003 1518 1040 1587 te
1071 1511 1245 1608 interra,
1276 1533 1300 1586 a
1329 1511 1448 1605 simili,
1466 1514 1592 1584 com’u
1621 1519 1719 1584 terra
1748 1515 1859 1603 quieto

687 1638 791 1729 [uoco
815 1635 908 1726 uiuo,
934 1631 1035 1725 idest,
1055 1632 1151 1707 sicut
1175 1639 1271 1708 esset
1296 1631 1431 1706 mirum
1455 1630 1578 1707 videre
1594 1630 1755 1725 aliquam
1780 1652 1862 1709 ma-

689 1754 822 1830 teriam
848 1750 1139 1828 combustibilem
1165 1757 1264 1826 stare
1289 1751 1451 1846 quietam
1478 1751 1557 1826 siue
1580 1750 1705 1844 abqua
1738 1758 1861 1829 muta·

689 1874 789 1948 tione
813 1872 851 1945 in
874 1871 961 1968 igne
976 1891 1131 1946 accenso
1147 1871 1300 1948 ardenti.
1319 1873 1363 1946 lit
1379 1871 1515 1946 claudit
1532 1881 1639 1967 poeta
1658 1873 1859 1967 capitulum

690 1993 863 2088 primum,
889 1991 1032 2067 dicens:
1058 1994 1174 2084 quintet
1192 1993 1333 2084 monite,
1352 1992 1411 2066 illa
1430 1992 1588 2085 Bealrix,
1608 1989 1709 2066 inotr
1725 1995 1759 2065 lo
1778 1996 1863 2068 aeto

691 2116 719 2186 il
741 2116 828 2206 viso,
858 2117 900 2186 ut
923 2111 1096 2208 dirigeret
1118 2131 1244 2186 meum
1263 2111 1382 2187 visum
1402 2111 1683 2186 intellectualem
1705 2111 1740 2186 in
1759 2111 1858 2186 illud.

689 2233 733 2305 Et
759 2233 818 2306 bic
843 2230 974 2308 ult-imo
998 2238 1097 2326 nota,
1123 2232 1249 2326 lector,
1275 2231 1374 2325 quod
1400 2251 1489 2306 vere
1514 2251 1588 2306 nou
1613 2237 1693 2307 erat
1724 2231 1860 2306 mirum

690 2353 783 2427 sicut
820 2352 908 2427 dicit
943 2351 1011 2428 ista
1046 2351 1205 2446 domina,
1237 2352 1266 2426 si
1299 2351 1368 2426 iste
1401 2352 1513 2426 bomo
1547 2339 1663 2428 veloci
1697 2359 1733 2428 et
1768 2353 1862 2427 facili

692 2478 796 2546 motu
822 2472 995 2545 currebat
1022 2473 1182 2547 nuncin
1208 2471 1356 2565 coelum,
1382 2477 1419 2546 et
1448 2471 1636 2548 serebatur
1661 2473 1698 2546 in
1728 2474 1859 2566 Deum,

692 2593 757 2687 qui
787 2591 934 2667 calcatis
966 2592 1138 2666 omnibus
1169 2591 1275 2686 vitiis,
1301 2597 1479 2688 purgatus
1505 2592 1674 2667 omuibus
1704 2593 1861 2688 peccatis

692 2719 910 2808 pervenerat
934 2711 981 2786 ad
1006 2717 1171 2787 montem
1206 2713 1344 2788 celsum
1380 2719 1590 2809 tangentem
1623 2713 1772 2802 omium,
1799 2709 1861 2788 ubi

692 2831 813 2908 iuerat
845 2831 941 2906 lotus
973 2831 1106 2927 duplici
1139 2852 1236 2926 aqua
1269 2831 1519 2928 mundissima,
1555 2854 1714 2927 quarum
1745 2835 1861 2910 altera

692 2951 886 3028 induxerat
916 2951 1137 3033 oblivionem
1170 2953 1365 3046 malorum,
1397 2953 1511 3028 altera
1546 2954 1763 3028 memorium
1796 2953 1864 3028 bo-

693 3093 827 3148 norum
852 3072 890 3147 in
915 3072 1077 3147 animam
1104 3071 1319 3167 depuratum
1338 3073 1386 3147 ab
1404 3073 1503 3146 omni
1520 3072 1755 3148 affectionum
1777 3094 1863 3170 per·

692 3192 912 3286 turbatione,
937 3192 1016 3268 sine
1041 3191 1214 3286 superbia
1244 3198 1280 3266 et
1310 3192 1517 3288 cupiditate,
1548 3213 1632 3288 quae
1662 3201 1748 3268 suut
1779 3195 1863 3270 duae

693 3312 833 3388 radices
866 3299 1043 3387 omnium'
1068 3317 1318 3407 peecatorum,
1353 3320 1522 3408 receptus
1557 3321 1595 3388 et
1623 3312 1812 3388 investitus
1839 3335 1863 3390 a

692 3439 831 3526 septem
858 3431 1054 3507 virtutibus
1079 3430 1213 3525 quibus
1232 3432 1419 3506 revolabat
1444 3432 1480 3506 iu
1507 3432 1675 3528 patriam,
1692 3433 1756 3506 ubi
1777 3434 1862 3510 ielix

693 3551 809 3627 victor
841 3551 1156 3625 infestissimorum
1192 3551 1362 3645 bostium,
1388 3551 1691 3648 gloriosissimum
1728 3545 1863 3631 trium·

693 3672 808 3766 pbum
845 3671 921 3746 suis
955 3671 1093 3746 meritis
1118 3671 1416 3766 predestinatum
1443 3673 1522 3768 jam
1555 3675 1734 3769 sperabat.
1769 3675 1863 3763 Quid

694 3792 843 3886 mirum,
868 3792 1031 3887 iuquam,
1056 3792 1087 3865 si
1111 3791 1256 3866 divinus
1280 3793 1338 3866 bic
1363 3799 1469 3887 poeta
1501 3800 1602 3870 tanto
1633 3814 1745 3870 cursu
1777 3816 1864 3890 pro-

694 3913 850 3986 missum
873 3912 1043 3988 bravium
1064 3919 1305 4008 properanter
1322 3912 1496 4007 petebat?
1516 3913 1563 3988 ad
1582 3914 1678 4008 quod
1697 3934 1763 3989 nos
1781 3921 1862 3990 tan·

692 4031 777 4116 dem
794 4030 989 4127 pervenire
1004 4032 1175 4130 dignetur
1193 4031 1256 4126 qui
1273 4039 1442 4108 autorem
1459 4033 1640 4108 viventem
1656 4054 1721 4129 per
1734 4054 1864 4110 omnes

694 4151 862 4248 regiones
886 4151 970 4228 coeli
994 4151 1041 4228 ad
1065 4171 1106 4228 se
1132 4153 1279 4227 trabere
1292 4142 1330 4243 (¹)
1356 4151 1536 4248 diguatus.
1562 4152 1690 4229 Amen.

754 4411 784 4476 (¹)
799 4412 831 4465 B.
844 4425 881 4469 ,ex
895 4413 949 4465 ulto
965 4414 992 4464 in
1008 4413 1119 4464 bassum.
1380 4412 1408 4476 (¹2
1424 4413 1454 4464 ll.
1472 4413 1576 4466 trahere
1591 4419 1630 4466 est
1646 4415 1772 4480 (limatus.

1149 4733 1413 4742 ————
