4342 6692
750 926 890 982 caurus
914 928 1080 994 ouuurus.
1428 918 1498 985 413

327 1078 466 1167 quanto
491 1071 610 1145 maior
635 1076 690 1146 est
715 1091 895 1145 numerus
919 1092 1171 1167 possessorum
1190 1079 1340 1149 aeternae
1361 1074 1498 1171 gloriae,

326 1202 428 1269 tanto
444 1195 526 1290 plus
543 1200 599 1268 est
615 1192 663 1267 ihi
681 1192 840 1269 caritatis
857 1200 895 1268 et
910 1194 1066 1289 amoris3
1084 1195 1142 1269 rel
1162 1197 1231 1271 hoc
1248 1195 1333 1270 dicit
1345 1188 1393 1289 (⁴),
1415 1195 1502 1291 quia

318 1322 436 1391 autor
460 1335 633 1389 reversus
657 1312 704 1389 ad
729 1313 912 1388 mundum
938 1315 1073 1389 scribet
1103 1314 1150 1392 de
1184 1316 1236 1391 eis
1265 1321 1302 1390 ct
1327 1315 1501 1391 exaltabit

326 1455 462 1511 nomen
488 1441 525 1510 et
550 1435 685 1509 lamam
712 1455 856 1509 eorum.
883 1436 926 1508 Et
950 1436 1072 1510 subdit
1101 1436 1139 1509 in
1167 1435 1313 1531 speciali
1339 1436 1502 1533 singula·

328 1576 408 1631 rem
434 1555 664 1631 adactionem
696 1575 809 1650 quam
840 1554 1024 1630 habebant
1051 1556 1224 1651 adeum,
1258 1556 1401 1632 dicens:
1428 1580 1447 1631 c
1470 1551 1500 1631 si

326 1696 423 1749 conte
446 1679 609 1749 ciosouoo
634 1696 659 1747 a
682 1678 744 1749 noi
768 1676 882 1768 uenio,
910 1676 1245 1772 appropinquantes
1270 1678 1315 1752 ad
1344 1700 1420 1773 nos,
1441 1700 1500 1752 oe-

327 1798 426 1870 deaei
448 1796 622 1887 iootdra,
647 1794 751 1889 idest,
771 1795 896 1870 anima
921 1796 1032 1890 clara,
1060 1800 1165 1889 piena
1190 1800 1229 1871 di
1253 1801 1381 1888 aazia,
1399 1798 1499 1894 plus-

328 1938 439 2012 quam
466 1916 597 2011 primo,
623 1920 681 1990 nel
701 1919 822 2011 fulgor
846 1917 982 2008 cicaro,
1007 1915 1111 2010 idest,
1143 1918 1336 2012 splendore
1366 1918 1497 2013 lucido,

327 2040 386 2111 cte
410 2041 449 2112 di
472 2040 516 2111 ici
538 2030 645 2111 asem.
672 2036 800 2111 Et-hic
824 2046 911 2113 nota
933 2038 1033 2130 quod
1058 2046 1166 2133 poeta
1194 2040 1325 2115 merito
1342 2040 1404 2114 dat
1423 2041 1499 2115 istis

326 2158 552 2255 singularem
569 2157 773 2233 claritatem
792 2164 829 2232 et
845 2157 1019 2252 laetitiam,
1038 2158 1125 2252 quia
1142 2161 1346 2235 Mercurius
1363 2168 1417 2236 est
1435 2162 1497 2256 qui

326 2278 412 2354 lacit
429 2278 596 2353 homines
612 2278 762 2371 activos,
780 2297 943 2373 sagaces,
956 2278 1189 2372 eloquentes:
1208 2280 1417 2374 eloquentia
1431 2304 1499 2357 au-

325 2407 401 2473 tem
429 2405 486 2473 est
510 2419 570 2473 res
587 2397 773 2492 mirabilis,
791 2398 837 2472 dc
855 2419 928 2492 qua
948 2397 1034 2472 dicit
1054 2399 1205 2494 Tullius,
1224 2401 1323 2497 quod
1340 2401 1426 2474 nihil
1444 2402 1500 2476 ri-

324 2520 434 2596 detur
460 2520 592 2595 melius
618 2541 730 2615 quam
757 2539 864 2615 posse
884 2519 1036 2594 dioendo
1055 2526 1184 2596 tenere
1204 2519 1396 2596 hominum
1417 2530 1499 2595 tur·

324 2641 401 2737 bas,
427 2648 570 2716 mentes
595 2642 753 2735 allicere,
780 2642 987 2717 voluntates
1016 2662 1220 2736 provocare
1246 2648 1283 2717 et
1309 2662 1496 2717 revocare.

324 2762 418 2852 Quid
444 2770 519 2837 tam
547 2764 682 2859 regale,
700 2769 777 2837 tam
801 2762 965 2855 liberale,
982 2782 1096 2856 quam
1115 2761 1204 2837 dare
1221 2763 1390 2858 salutem,
1407 2762 1498 2836 libe-

327 2904 411 2958 rare
435 2883 617 2979 periculis,
644 2883 804 2958 retinere
829 2882 995 2956 homines
1020 2882 1058 2955 iu
1083 2881 1252 2957 civitate?
1278 2883 1374 2979 Ergo
1401 2883 1497 2957 bene

324 3003 430 3078 dicit:
461 3002 542 3098 quis
574 3023 647 3077 non
677 3008 832 3077 conetur
856 3001 1109 3077 *antecellere
1140 3002 1347 3078 hominibus
1379 3002 1416 3077 in
1451 3020 1496 3077 eo

324 3123 488 3198 maxime
513 3123 549 3195 in
576 3143 650 3216 quo
677 3122 842 3196 homines
868 3120 994 3195 studiis
1009 3112 1046 3213 (¹)
1067 3122 1293 3217 praevalent‘i
1311 3123 1392 3217 quis
1408 3124 1498 3196 hor·

324 3244 427 3321 tari*
445 3234 482 3337 (³)
509 3242 555 3317 ad
581 3242 754 3317 virtutem
780 3240 993 3316 ardentius?
1014 3240 1097 3335 quis
1121 3263 1143 3316 a
1169 3242 1263 3316 vitiis
1287 3242 1410 3317 aerius
1437 3262 1497 3317 re·

324 3384 459 3440 vocare
483 3370 565 3456 etc,
595 3360 766 3435 mirificas
798 3359 924 3468 laudes
958 3362 1177 3456 eloquentiae
1209 3362 1326 3459 tangit
1359 3361 1497 3436 Tullius

323 3484 443 3578 primo
467 3482 514 3557 de
538 3481 707 3574 Oratore,
722 3486 759 3554 et
775 3479 1001 3577 Augustinus
1026 3482 1120 3556 libro
1145 3481 1192 3557 de
1215 3482 1380 3558 doctrina
1400 3482 1498 3557 chri·

323 3604 450 3678 stiana.
466 3607 654 3675 —Pensu
680 3602 785 3674 Nunc
814 3607 923 3675 autor
953 3600 1231 3678 introducturus
1265 3625 1382 3676 unum
1413 3602 1497 3676 illu·

323 3725 542 3799 strissimum
568 3728 606 3798 et
635 3722 955 3819 praeolarissimum
987 3722 1155 3817 spiritum
1185 3724 1232 3798 do
1263 3745 1370 3819 spera
1400 3724 1497 3797 ller-

322 3845 427 3938 ourii,
461 3842 613 3918 intendit
643 3844 765 3918 lacere
793 3842 998 3916 auditorem
1032 3842 1182 3917 avidum
1216 3851 1253 3918 et
1287 3849 1494 3934 attentum,

323 3966 451 4060 pulcre
476 3971 513 4039 et
528 3962 722 4038 artificiose
739 3961 926 4056 suspendit
942 3962 1108 4037 animum
1130 3963 1283 4059 legentis
1300 3962 1494 4038 ostendens

322 4084 512 4160 ardentem
539 4082 769 4158 allectionem
795 4103 907 4177 quam
936 4082 1093 4158 habebat
1118 4083 1253 4158 sciendi
1273 4082 1319 4158 de
1336 4083 1404 4159 illis
1421 4083 1494 4179 spi-

324 4204 463 4299 ritibus,
490 4210 527 4279 et
551 4203 731 4278 convertit
755 4223 963 4278 sermonem
989 4224 1099 4277 suum
1127 4205 1174 4279 ad
1190 4204 1419 4297 auditorem,
1438 4203 1494 4278 di-

323 4344 428 4399 cens:
455 4328 584 4416 Persa,
609 4326 722 4417 letior,
748 4344 786 4395 se
811 4324 890 4415 quel
916 4325 977 4395 olle
1004 4326 1064 4415 qui
1094 4326 1122 4397 s'
1131 4314 1261 4415 tuizia,
1294 4325 1491 4420 quodiam

323 4444 467 4519 videtur
492 4444 555 4518 tibi
581 4464 662 4518 esse
686 4441 773 4536 quid
800 4462 977 4538 magnum
994 4443 1040 4517 de
1057 4466 1133 4538 quo
1150 4445 1273 4520 dicere
1293 4445 1398 4540 ooepi,
1422 4466 1506 4518 non·

235 4560 239 4567 ’
318 4566 534 4659 procedessc,
562 4563 729 4657 ulterius,
755 4583 852 4637 corne
876 4571 911 4637 tu
940 4567 1071 4638 aureoli
1098 4569 1309 4658 onposctosa
1340 4568 1490 4661 cordaio,

321 4684 424 4779 idest,
448 4684 697 4781 angustiosum
723 4684 963 4758 caritudinem
989 4685 1027 4758 in
1053 4693 1188 4781 mente,
1210 4689 1248 4761 di
1266 4682 1330 4780 piri
1353 4678 1493 4781 sopc're,

321 4798 435 4902 quam
459 4804 654 4898 audiveris,
675 4802 762 4897 quia
780 4802 867 4877 nihil
889 4804 993 4898 quasi
1009 4804 1096 4901 dixi,
1114 4806 1207 4882 sicut
1224 4808 1342 4905 gratia
1363 4828 1492 4883 exem·

383 4992 412 5057 (¹)
428 4994 459 5045 B.
477 4994 574 5044 dicunt.
824 4989 852 5053 (¹)
867 4997 892 5054 ὅ,
908 4992 1003 5045 bullit·

384 5068 412 5133 (⁸)
427 5070 464 5146 m
479 5069 569 5133 puolo
584 5068 625 5121 tn
640 5070 650 5120 ¹
665 5070 717 5121 uno
732 5068 865 5121 umbi
880 5082 928 5121 son
943 5071 1055 5136 supputo
1070 5073 1111 5125 oo
1126 5072 1213 5127 coust
1229 5080 1245 5125 ι
1260 5086 1275 5125 0
1291 5074 1406 5127 maeno.
