4342 6692
657 889 795 946 clusus
820 891 1012 947 mansurus
1035 893 1179 947 antuus.
1372 920 1377 928 ·
1455 883 1499 949 17

330 1032 447 1110 lactus
472 1033 689 1108 christianus
716 1053 781 1129 per
805 1034 936 1130 ipsum.
964 1033 1174 1110 Secundum
1207 1035 1369 1130 primum
1396 1037 1500 1112 litera

330 1159 385 1229 est
409 1154 461 1229 sic
486 1154 720 1250 exponenda:
749 1158 794 1227 Le
819 1157 952 1250 saville,
979 1153 1081 1248 idest,
1112 1154 1207 1229 dicta
1236 1156 1373 1252 Virgilii
1404 1164 1501 1231 tarn-

331 1295 443 1370 quam
470 1273 564 1347 vivae
596 1273 769 1368 scintilla,
795 1276 885 1348 ende
915 1295 1003 1348 sono
1036 1276 1205 1365 alternati,
1235 1274 1338 1364 idest,
1364 1276 1500 1350 illumi·

332 1394 416 1489 nati,
430 1389 493 1488 pii:
508 1396 547 1466 di
563 1396 665 1486 mille,
687 1393 772 1487 quia
794 1395 908 1468 multa
936 1394 1046 1468 millia
1072 1394 1270 1469 latinorum
1297 1395 1502 1470 didicerunt

328 1512 510 1610 poetriam
553 1521 590 1588 et
631 1514 876 1610 eloquentiam
921 1514 1105 1590 mediante
1145 1515 1317 1610 dogmate
1350 1515 1500 1612 Virgilii,

330 1637 389 1708 ete
419 1637 467 1707 mi
495 1635 640 1707 mollior
674 1636 765 1706 delta
793 1637 913 1707 divim
937 1638 1098 1726 tamma,
1123 1634 1225 1729 idest,
1250 1635 1500 1710 accenderunt

332 1761 493 1830 mentem
521 1775 642 1828 meam
669 1753 748 1828 eius
773 1754 936 1829 doctrina
953 1755 1094 1848 divina,
1116 1758 1157 1848 su
1181 1778 1284 1848 seme,
1309 1754 1414 1850 idest,
1441 1775 1501 1830 se-

333 1873 464 1949 mentis
489 1880 525 1949 et
560 1871 675 1966 radix,
702 1876 740 1946 al
767 1877 836 1946 mro
868 1877 1013 1966 ardore,
1045 1874 1148 1969 idest,
1178 1875 1319 1951 ardenti
1354 1875 1502 1972 ingenio

333 2014 419 2070 meo
442 1994 488 2069 ad
512 1991 747 2088 poetandum.
768 1993 976 2069 Secundum
1003 1995 1117 2068 alium
1144 1996 1368 2070 intellectum
1394 1996 1500 2070 litera

334 2113 385 2187 sic
420 2119 643 2208 exponatur:
679 2116 725 2184 Le
755 2116 874 2206 saville
907 2117 967 2188 ete
1000 2118 1048 2188 ml
1078 2118 1223 2189 scoldar
1254 2120 1346 2190 delta
1380 2120 1502 2190 meina

330 2237 489 2326 flamma,
507 2232 651 2326 seilicet,
669 2232 822 2308 caritate
838 2233 921 2310 fidei
943 2235 1160 2330 christianae,
1175 2241 1238 2330 sar
1257 2259 1380 2327 scente,
1398 2237 1503 2330 idest,

333 2353 482 2429 luerunt
495 2347 532 2445 (¹)
570 2359 659 2428 tune
696 2353 895 2448 diminutae,
929 2358 967 2429 nl
997 2359 1066 2429 mio
1098 2361 1244 2451 ardore,
1277 2357 1381 2450 idest,
1416 2377 1503 2431 meo

331 2472 475 2568 amori:
501 2473 606 2568 quasi
635 2472 732 2548 dieat
756 2474 912 2548 Statius:
947 2474 1031 2550 licet
1063 2497 1086 2551 a
1120 2484 1156 2551 te
1190 2477 1382 2552 habuerim
1416 2496 1500 2550 cre-

332 2592 521 2668 dulitatem
548 2592 629 2666 fidei
657 2599 766 2686 ierae,
794 2599 917 2668 tamen
947 2615 1054 2670 amor
1084 2617 1190 2670 mens
1221 2595 1289 2670 luit
1320 2597 1435 2670 simus
1463 2602 1502 2669 et

333 2717 453 2790 lentus
478 2713 552 2806 diu,
579 2720 616 2788 et
641 2713 692 2788 sie
717 2715 864 2808 peccavi
880 2705 916 2806 (²)
936 2735 1001 2810 per
1026 2716 1213 2809 accidiam,
1231 2717 1326 2792 sieut
1345 2723 1500 2792 testatur

334 2836 443 2930 paulo
469 2840 558 2940 post.
577 2833 646 2909 Sed
665 2834 722 2909 hio
741 2841 837 2928 nota,
856 2835 953 2929 quod
972 2835 1054 2910 licet
1071 2844 1179 2931 poeta
1200 2838 1284 2911 velit
1301 2838 1399 2932 quod
1417 2838 1500 2912 Sta·

335 2955 406 3029 lius
431 2954 602 3028 habuerit
626 2954 815 3048 aVirgilio
841 2961 1044 3048 utrumque
1069 2956 1221 3050 bonum,
1241 2957 1387 3052 scilieet,
1413 2979 1503 3052 poe-

335 3075 414 3149 triae
440 3081 477 3148 et
502 3072 597 3167 ndei,
620 3079 743 3148 tamen
769 3074 884 3168 prima
911 3074 1086 3168 expositio
1113 3075 1180 3148 luit
1197 3075 1346 3170 melior:
1364 3077 1451 3169 quia
1471 3077 1501 3150 si

334 3195 470 3270 Statius
495 3193 563 3268 luit
588 3193 813 3268 illuminatus
839 3193 977 3269 lumine
1002 3194 1085 3269 fidei
1111 3216 1177 3290 per
1202 3195 1404 3292 Virgilium,
1428 3217 1502 3270 non

281 3357 285 3366 ·
334 3316 434 3390 mille
457 3315 529 3408 alii,
556 3315 649 3388 sicut
674 3314 778 3388 litera
803 3312 907 3388 dicit:
933 3321 1113 3409 praeterea
1138 3315 1245 3390 litera
1261 3335 1420 3409 sequens
1437 3315 1502 3392 de-

334 3437 449 3511 clarat
478 3453 651 3529 expresse
676 3433 775 3527 quod
805 3433 967 3526 loquitur
996 3433 1200 3508 secundum
1228 3435 1390 3529 primum
1422 3455 1503 3508 mo·

334 3555 434 3630 dum.
465 3553 568 3628 Unde
600 3551 745 3626 subdit:
779 3555 856 3625 dell
868 3555 1002 3626 Enetda
1032 3555 1123 3645 dieo,
1161 3553 1226 3647 qui
1261 3553 1353 3628 liber
1388 3560 1506 3648 potest

335 3675 404 3750 diri
438 3675 627 3770 speculum
662 3673 836 3746 humana:
867 3672 962 3766 vitm,
987 3673 1080 3748 sicut
1110 3673 1195 3748 dicit
1223 3675 1433 3750 Aristoteles
1458 3673 1505 3748 de

181 3847 184 3852 ·
335 3779 493 3893 Odyssea
518 3791 668 3868 Homeri
699 3791 735 3865 in
760 3790 985 3886 Rhetoricis3
1011 3796 1047 3867 le
1076 3795 1305 3903 poolgsommi
1334 3814 1503 3890 mamaea,
1545 3822 1548 3829 ¹

336 3918 438 4010 idest,
458 3913 618 3989 mamilla
635 3911 761 4006 dulcis,
779 3913 838 3986 vel
858 3933 1024 4004 mamaea,
1042 3912 1144 4008 idest,
1164 3921 1294 4005 mater,
1307 3913 1504 4008 propinans

337 4037 425 4112 mihi
450 4035 610 4130 primurn
638 4034 694 4107 lac
718 4032 891 4127 poetriae;
917 4033 1015 4108 unde
1040 4033 1144 4106 dicit:
1169 4037 1250 4126 esu
1275 4037 1347 4106 mia
1371 4036 1504 4107 amne:

334 4159 520 4251 poetondo,
546 4153 628 4228 ideo
654 4151 776 4227 studui
804 4151 885 4226 totis
912 4152 1048 4256 ¹viribus
1079 4153 1211 4228 imitari
1241 4154 1360 4248 ipsum
1386 4174 1502 4248 opus3

337 4278 436 4353 unde
460 4274 563 4350 dicit:
588 4275 683 4347 senz'
696 4294 773 4346 esso
797 4293 872 4346 aon
886 4275 1016 4367 semei
1032 4293 1116 4365 peso
1140 4275 1179 4346 di
1202 4274 1380 4363 mammo,
1398 4271 1504 4365 quasi

338 4397 444 4490 dicat,
470 4416 543 4469 non
569 4393 712 4468 firmavi
739 4392 933 4466 minimum
959 4399 1136 4487 punctum
1168 4392 1226 4468 vel
1255 4413 1415 4487 passum.
1444 4392 1505 4466 Est

338 4517 437 4594 enim
453 4515 628 4590 drachma
645 4514 843 4608 parvulum
861 4511 1013 4606 pondus,
1031 4531 1107 4605 quo
1123 4517 1280 4586 utuntur
1300 4510 1446 4587 medici:
1467 4519 1506 4586 et

325 4638 443 4730 hene,
470 4634 643 4728 quoniam
668 4633 804 4708 Statius
829 4632 866 4706 in
891 4653 959 4707 suo
985 4631 1185 4706 Thebaidos
1206 4652 1352 4727 semper
1378 4631 1505 4706 nititur

336 4756 469 4832 imitari
496 4754 631 4828 Eneida
657 4752 806 4848 Virgilii,
834 4771 906 4826 non
933 4752 1053 4825 solum
1073 4752 1286 4826 innumero
1312 4751 1506 4844 librorum,

401 5015 428 5079 (¹)
444 5015 470 5066 S.
487 5014 594 5066 luerunt
609 5026 711 5065 summe
727 5012 867 5064 ffimnutm.
1055 5006 1083 5072 (¹)
1099 5009 1130 5062 B.
1145 5010 1247 5073 posteri
1263 5021 1319 5072 por.

471 5122 510 5166 tv.
1359 5117 1374 5158 8
