4342 6692
702 894 774 964 310
1096 909 1300 964 conamen
1324 909 1491 964 ramnrsr

702 1053 814 1148 licus,
840 1053 905 1149 qui
930 1058 985 1128 est
1010 1053 1072 1126 lux
1094 1051 1232 1148 mundi,
1251 1053 1372 1128 oritur
1388 1051 1596 1128 hominibus
1619 1071 1687 1149 per
1710 1053 1873 1128 diversas

701 1174 791 1268 rias,
816 1174 881 1250 sed
914 1173 1099 1268 potissime
1130 1194 1196 1270 per
1228 1181 1390 1268 quatuor
1420 1173 1573 1250 virtutes
1603 1173 1805 1250 cardinales
1835 1179 1874 1248 et

700 1301 777 1370 tres
800 1293 950 1368 divinas.
967 1295 1013 1368 lit
1029 1293 1088 1370 hic
1106 1300 1192 1370 nota
1212 1294 1307 1370 bene
1324 1292 1424 1389 quod
1441 1291 1621 1368 rectitudo
1638 1283 1770 1368 animae
1787 1309 1873 1386 por-

691 1414 795 1491 lecta
820 1413 986 1509 requirit,
1005 1413 1106 1509 quod
1122 1414 1199 1509 ipsa
1218 1413 1441 1489 rectiiicetur
1460 1411 1665 1488 secundum
1687 1411 1869 1507 duplicem

699 1533 843 1628 taciem,
856 1534 1001 1628 scilicet,
1014 1533 1244 1630 superiorem
1259 1542 1296 1608 et
1316 1532 1540 1626 interiorem,
1554 1537 1592 1608 et
1607 1539 1773 1628 respectu
1792 1531 1871 1606 finis

701 1660 739 1728 et
764 1662 932 1750 respectu
951 1676 1083 1730 eorum
1110 1675 1195 1749 quae
1221 1659 1306 1728 sunt
1330 1654 1377 1728 ad
1404 1653 1534 1749 tinem3
1552 1652 1634 1728 ideo
1650 1673 1799 1728 necesse
1816 1659 1871 1727 est

696 1774 860 1850 animam
878 1781 1059 1869 quantum
1084 1773 1132 1849 ad
1156 1774 1386 1870 superiorem
1409 1773 1539 1849 faciem
1561 1772 1597 1846 in
1618 1793 1694 1868 qua
1709 1773 1871 1850 consistit

699 1892 823 1989 imago
842 1893 1026 1968 Trinitatis
1042 1900 1192 1969 aeternae
1209 1893 1400 1969 rectificari
1419 1913 1485 1988 per
1503 1900 1577 1968 tres
1595 1892 1748 1968 virtutes
1765 1893 1868 1968 lireo-

695 2011 846 2109 logicas,
862 2013 913 2090 ita
929 2015 1028 2108 quod
1054 2014 1143 2090 fides
1167 2013 1300 2110 dirigat
1317 2013 1353 2088 in
1371 2033 1518 2090 summe
1535 2033 1667 2089 verum
1684 2013 1866 2090 credendo

697 2138 735 2206 et
759 2134 1008 2227 assentiend03
1033 2155 1116 2229 spes
1142 2133 1178 2207 in
1203 2153 1349 2208 summe
1366 2132 1526 2207 arduum
1553 2130 1728 2213 imitando
1749 2138 1786 2208 et
1803 2153 1869 2208 ex-

699 2254 895 2349 pectando;
915 2253 1049 2329 caritas
1073 2253 1111 2328 in
1136 2275 1282 2328 summe
1299 2254 1439 2328 bonum
1461 2253 1699 2328 desiderando
1725 2259 1762 2328 et
1786 2252 1865 2328 dili-

699 2373 832 2470 gendo.
849 2374 1007 2449 Necesse
1030 2379 1085 2449 est
1111 2375 1220 2448 etiam
1241 2382 1421 2468 quantum
1438 2373 1485 2449 ad
1507 2373 1716 2450 inferiorem
1736 2372 1864 2450 taciem

699 2491 892 2568 rectilimri
917 2514 984 2588 per
1007 2499 1169 2588 quatuor
1195 2493 1349 2567 virtutes
1365 2492 1577 2586 cardinales,
1597 2511 1681 2588 quae
1696 2493 1864 2568 ordinant

688 2619 802 2686 ectus
823 2613 993 2707 morales,
1009 2611 1057 2687 de
1073 2612 1208 2707 quibus
1225 2619 1422 2688 tractatum
1439 2619 1496 2688 est
1515 2613 1645 2688 totiens
1661 2612 1755 2686 libro
1772 2613 1864 2686 Pur·

552 2757 557 2775 ·
687 2731 827 2828 gatorii
844 2733 880 2807 in
906 2732 1109 2829 protemtn,
1127 2738 1163 2806 et
1181 2733 1218 2807 in
1233 2733 1312 2808 aliis
1329 2733 1454 2808 multis
1470 2733 1558 2808 locis
1575 2739 1613 2808 et
1629 2732 1862 2828 capitulis.-

695 2855 807 2926 li'otto.
826 2853 891 2928 llic
907 2860 1015 2949 poeta
1031 2854 1284 2949 superextollit
1300 2855 1410 2929 talem
1429 2861 1553 2929 ortum
1575 2873 1685 2928 suum
1706 2855 1863 2950 probans

691 2973 794 3068 quod
818 2974 873 3048 sol
899 2973 935 3047 in
960 2974 1024 3048 tali
1047 2974 1153 3070 signo
1178 2975 1341 3050 maxime
1365 2981 1515 3050 exercet
1544 2973 1863 3070 virtutemsuam‚

695 3093 784 3189 quia
808 3093 893 3169 lacit
919 3093 1031 3168 nobm·
1046 3094 1263 3191 temperiem
1290 3116 1484 3192 magnam3
1502 3093 1600 3171 unde
1624 3093 1726 3198 dicits
1744 3103 1781 3170 et
1802 3095 1858 3170 itta

684 3213 847 3288 lucerna
878 3214 1118 3308 mundicors
1148 3219 1335 3306 coeptante
1363 3235 1430 3288 corr
1461 3217 1602 3306 miplrirr
1634 3215 1861 3310 commonia

685 3339 782 3407 stunc
805 3335 924 3408 currit
947 3336 1001 3410 sol
1027 3357 1094 3430 per
1120 3335 1283 3410 medium
1303 3335 1396 3430 ooeli,
1417 3335 1503 3429 quta
1529 3335 1697 3431 pervenit
1718 3337 1764 3411 ad
1790 3336 1861 3412 cir·

692 3453 821 3526 culum
856 3453 1161 3549 aequinoctialem,
1187 3475 1206 3528 e
1229 3476 1294 3528 con
1324 3457 1484 3546 miplz'om
1506 3457 1619 3549 stelio,
1647 3455 1748 3549 idest,
1773 3476 1861 3530 oon·

692 3572 913 3650 stellatione:
939 3580 995 3648 est
1018 3575 1118 3650 enim
1146 3573 1244 3650 aries
1276 3575 1420 3672 signum
1452 3581 1621 3650 constans
1653 3595 1700 3650 cx
1732 3576 1856 3652 decem

692 3699 778 3768 octo
802 3693 934 3788 stellis3
960 3701 997 3770 et
1024 3701 1109 3770 nota
1135 3695 1234 3790 quod
1252 3695 1354 3793 signa
1381 3695 1510 3771 eodem
1536 3695 1616 3773 loco
1635 3695 1806 3772 oriuntur
1823 3705 1860 3774 et

690 3812 874 3907 occidunt
897 3834 971 3888 non
996 3814 1049 3890 sic
1073 3816 1139 3910 sol,
1166 3815 1260 3890 sicut
1284 3815 1410 3891 scribit
1434 3814 1570 3912 lginius
1594 3815 1640 3891 de
1663 3817 1858 3914 astrmogia

689 3933 843 4026 poetica
870 3934 918 4008 lit
954 3936 1085 4029 pmltat
1123 3954 1189 4030 per
1227 3934 1413 4028 effectum,
1437 3934 1581 4010 dicens:
1607 3957 1627 4008 e
1655 3942 1809 4030 tempero
1840 3959 1858 4012 c

685 4057 847 4145 suppeto
870 4059 909 4129 la
932 4059 1114 4130 mandam
1136 4078 1233 4150 cero,
1259 4056 1361 4150 idest,
1389 4054 1581 4132 materiam
1602 4055 1854 4132 elementalem

689 4172 914 4268 inferiorem,
939 4197 1053 4276 quam
1077 4181 1198 4250 autor·
1213 4175 1462 4271 metaphorice
1486 4175 1644 4270 appellat
1664 4195 1801 4270 ceram,
1818 4183 1853 4252 et

681 4295 915 4392 dignissime:
934 4299 988 4373 sol
1013 4297 1111 4373 enim
1136 4304 1325 4392 tamquam
1344 4297 1502 4394 sigillum
1523 4305 1705 4373 aeternum
1723 4297 1855 4372 immn-

662 4453 666 4460 ·
686 4416 796 4492 tabile
820 4417 997 4513 imprimit
1014 4418 1190 4493 virtutem
1212 4438 1317 4492 suam
1335 4416 1373 4491 in
1392 4417 1502 4492 talem
1524 4416 1718 4492 materiam
1737 4424 1855 4492 muta·

686 4535 798 4612 tillem
822 4537 870 4613 ad
895 4537 1049 4614 modum
1064 4557 1183 4613 oerae.
1204 4537 1306 4614 Sicut
1323 4537 1420 4612 enim
1442 4557 1528 4612 cera
1546 4557 1620 4612 non
1637 4535 1745 4610 nimis
1764 4537 1853 4612 dura

686 4677 755 4732 nec
781 4657 888 4732 nimis
913 4641 1061 4753 imelda,
1077 4657 1143 4733 sed
1161 4657 1354 4751 aqualiter
1378 4663 1581 4752 temperata
1600 4657 1728 4752 recipit
1751 4657 1852 4755 sigilli

685 4776 976 4872 impressionem,
996 4777 1047 4852 ita
1064 4777 1134 4852 ista
1155 4777 1310 4852 materia
1326 4775 1545 4852 adveniente
1565 4775 1743 4871 temperie
1760 4777 1853 4851 veris

686 4896 812 4992 recipit
837 4895 1055 4972 inlusionem
1081 4895 1178 4990 solis,
1196 4902 1235 4971 et
1257 4903 1344 4972 tunc
1368 4903 1468 4971 terra
1494 4894 1622 4991 recipit
1646 4895 1790 4970 diversa
1805 4895 1853 4970 si·

684 5036 769 5111 gna,
794 5023 832 5091 et
855 5017 1000 5091 dicimo
1024 5037 1088 5090 sno
1105 5019 1223 5110 modo,
1244 5015 1347 5110 idest,
1363 5037 1432 5090 suo
1444 5014 1714 5092 moderamine.
1733 5015 1777 5090 lit
1797 5016 1852 5091 lric
