4342 6692
670 891 809 949 caurus
833 894 1025 951 vrcasmus
1051 894 1195 953 scarus.
1370 868 1381 889 ‘
1447 884 1516 958 tae

345 1036 597 1117 imminentem
624 1044 783 1123 mortem
816 1043 854 1113 et
882 1037 1155 1116 damnationem
1185 1039 1368 1115 reducunt
1399 1061 1440 1116 se
1470 1041 1518 1129 ud

346 1157 520 1253 patriam3
546 1164 583 1231 et
608 1157 702 1233 sicut
734 1157 896 1234 lormicae
926 1157 1034 1237 simul
1065 1179 1197 1235 omues
1226 1180 1349 1234 mares
1383 1166 1420 1237 et
1448 1162 1519 1238 [ωε

346 1277 455 1351 minae
480 1277 646 1356 laborant
676 1277 723 1354 ad
754 1277 1025 1374 purgationem,
1051 1286 1094 1351 ut
1120 1278 1199 1375 iam
1234 1280 1351 1375 patuit
1382 1281 1420 1354 in
1445 1281 1519 1367 tino

345 1397 583 1493 precedentis
608 1398 766 1493 capituli,
794 1405 830 1474 et
856 1398 906 1474 ita
932 1400 1115 1475 universe
1139 1398 1250 1499 simul
1276 1401 1518 1498 egrediuntur

345 1537 411 1613 per
444 1523 586 1593 turmas
610 1538 696 1593 suas
729 1538 833 1593 more
865 1518 1117 1614 formicarum,
1147 1527 1184 1597 et
1214 1521 1323 1595 simul
1353 1522 1518 1597 habitant

346 1636 432 1711 boui
458 1638 634 1713 naturalis
657 1639 787 1735 gratia,
813 1639 877 1733 qui
893 1632 929 1731 (¹)
948 1639 1050 1735 prius
1066 1640 1229 1715 fecerant
1254 1648 1382 1717 contra
1407 1649 1517 1717 natu-

347 1778 446 1852 ram;
464 1763 501 1833 et
518 1763 560 1833 ut
577 1779 650 1835 non
675 1760 781 1855 plura
806 1760 937 1855 dicam,
958 1760 1053 1837 sieut
1069 1760 1232 1836 lormicae
1250 1762 1364 1858 uigrae
1381 1782 1533 1850 occure

346 1882 433 1959 runt
466 1878 532 1953 sihi
566 1878 722 1955 invicem
753 1880 823 1955 snb
856 1900 991 1977 magno
1021 1880 1144 1957 calore
1173 1882 1270 1976 solis,
1299 1882 1349 1957 ita
1382 1883 1516 1957 animae

345 1997 423 2073 ista
448 1998 647 2094 denigratae
672 2000 821 2076 obviant
845 2000 912 2075 sibi
938 2001 1008 2075 sub
1035 2022 1170 2097 magno
1195 2004 1320 2078 calore
1339 2003 1443 2099 ignis.
1461 2003 1516 2079 ld

218 2154 220 2159 v
345 2118 489 2193 literam
503 2139 593 2215 ergo
606 2119 691 2197 dicit
709 2127 836 2216 poeta:
854 2113 925 2195 cosi
941 2123 964 2193 t'
974 2142 1045 2193 una
1059 2126 1210 2216 formica
1226 2126 1256 2195 ε’
1268 2145 1429 2197 nmmum
1447 2144 1512 2198 con

345 2242 490 2331 runa,
516 2240 767 2336 contingentes
792 2260 832 2314 se
848 2240 1006 2331 invicem
1027 2262 1113 2315 cum
1132 2262 1209 2335 ore,
1229 2263 1297 2335 per
1317 2250 1417 2317 entre
1434 2247 1513 2317 toro
1651 2318 1656 2328 ,

346 2362 482 2435 salioru
512 2360 640 2453 droun,
672 2367 709 2435 et
740 2380 827 2435 ecce
859 2382 999 2456 quare3
1023 2366 1123 2456 forsa
1153 2382 1177 2435 α
1205 2364 1324 2455 spiare
1355 2366 1412 2437 tor
1444 2367 1516 2457 oio,

346 2502 460 2575 quam
485 2478 642 2553 debeant
662 2485 789 2555 tenere
814 2500 860 2555 ex
887 2482 1043 2555 naturali
1062 2481 1219 2578 ingenio,
1237 2504 1256 2555 e
1275 2486 1332 2557 tor
1352 2487 1514 2577 formae,

344 2600 490 2693 scilicet,
518 2600 579 2673 ubi
605 2599 761 2675 debeant
786 2620 956 2694 quaerere
980 2622 1096 2697 grana
1127 2602 1194 2675 sibi
1225 2601 1273 2677 ad
1302 2603 1451 2677 victum.
1467 2644 1517 2659 -

352 2726 463 2795 Toeto.
482 2720 546 2794 llic
567 2726 673 2814 poeta
690 2720 791 2815 ponit
807 2741 917 2796 voces
937 2720 1119 2795 dictarum
1136 2721 1358 2816 animarum,
1379 2723 1514 2816 quibus

347 2845 597 2914 rememorant
614 2838 877 2935 turpitudinem
890 2861 1010 2934 suam,
1023 2841 1163 2915 dicens:
1183 2847 1284 2915 rosto
1297 2844 1358 2915 clu
1365 2850 1514 2937 parton,

346 2958 394 3031 illi
422 2958 580 3054 spiritus,
606 2961 865 3051 tuccopticnzc
891 2962 1019 3051 amica,
1037 2959 1139 3053 idest,
1156 2959 1403 3055 receptionem
1421 2960 1516 3040 ami·

346 3081 515 3173 cubilem,
541 3100 652 3173 quam
680 3100 791 3175 supra
817 3080 960 3154 vocavit
980 3080 1094 3155 breve
1111 3080 1256 3175 testum,
1276 3080 1441 3155 similiter
1459 3081 1515 3156 vi-

346 3200 551 3296 tuperando
576 3200 773 3275 amicitiam
799 3206 837 3275 et
861 3200 1143 3297 gratulationem
1169 3200 1426 3297 damnabilem,
1452 3200 1515 3277 ubi

345 3322 555 3405 habuerunt
583 3326 878 3395 momentaneam
899 3320 1176 3395 delectationem
1197 3320 1261 3395 sed
1278 3320 1431 3416 longum
1447 3319 1515 3395 do·

343 3440 482 3535 lorem3
512 3443 677 3515 cimcuna
705 3444 734 3513 ε’,
748 3444 893 3533 affatim
923 3441 1200 3533 soprappridur,
1231 3446 1369 3535 quanto
1406 3440 1515 3515 altius

344 3566 507 3655 possunt,
528 3564 650 3653 ptimo
669 3564 730 3633 cltc
741 3563 767 3633 'l
778 3563 896 3653 primo
910 3580 1018 3653 passo
1035 3552 1059 3632 u
1075 3567 1274 3651 trusmrru,
1292 3558 1394 3653 idest,
1414 3567 1515 3635 tran-

347 3688 425 3756 seat
462 3681 522 3775 ihi,
557 3682 615 3757 vel
653 3686 875 3775 transportet
912 3701 987 3773 eas,
1016 3680 1122 3775 quasi
1153 3679 1259 3774 dicat,
1290 3680 1410 3755 statim
1445 3679 1516 3755 im-

278 3850 280 3855 ,
347 3801 505 3879 mediate
530 3808 609 3897 post
635 3808 760 3879 actum
786 3806 1033 3896 prorumpunt
1058 3800 1095 3873 in
1121 3821 1251 3875 vocem
1268 3792 1303 3893 ι’)
1330 3790 1515 3875 vertentes

345 3922 413 3995 sibi
440 3921 578 4016 culum,
605 3920 699 3995 sicut
728 3927 765 3997 et
794 3921 959 3995 diabolus
988 3920 1120 3995 dicitur
1150 3920 1283 3996 lacere.
1317 3921 1361 3994 Et
1393 3918 1515 3993 subdit

346 4043 545 4117 clamorem
575 4041 767 4135 utriusque
783 4046 904 4134 sectae,
925 4040 1066 4114 dicens:
1094 4042 1131 4113 tu
1155 4060 1274 4113 nuova
1296 4047 1409 4133 penu,
1430 4058 1515 4133 quae

345 4169 609 4257 supervenerat
622 4168 759 4257 postea,
769 4161 907 4257 supple,
917 4162 1052 4235 clamat
1062 4150 1113 4254 (³),
1123 4162 1309 4233 Sodomae
1324 4164 1513 4233 Gomorra.

344 4282 384 4363 ln
410 4283 479 4357 hoc
504 4283 694 4378 propalant
719 4302 794 4376 quo
820 4280 906 4355 vitio
932 4278 1003 4353 sint
1018 4266 1053 4372 (⁸)
1082 4278 1221 4374 polluti,
1246 4279 1351 4374 quasi
1375 4278 1513 4353 dicant:

345 4404 627 4500 provocavimus
654 4402 746 4477 iram
773 4401 839 4477 Dei
864 4421 974 4497 super
1001 4419 1067 4475 nos
1092 4400 1187 4474 sicut
1207 4400 1295 4475 olim
1314 4398 1512 4473 sodomitae.

344 4523 513 4623 Quinque
538 4522 635 4598 enim
663 4522 813 4597 luerunt
838 4520 1001 4597 civitates
1031 4520 1120 4595 olim
1152 4520 1188 4595 in
1215 4519 1346 4593 tinibus
1370 4516 1513 4592 Arabiae

344 4650 518 4718 crematae
544 4642 628 4739 igne
645 4642 781 4717 coelesti
810 4642 857 4717 ob
884 4641 993 4717 talem
1012 4642 1171 4737 culpam,
1189 4641 1324 4716 scilicet
1344 4639 1514 4733 Sodoma,

345 4762 537 4857 Gomorra,
563 4763 713 4855 adama,
740 4762 896 4858 Sebovn,
924 4768 961 4839 et
986 4762 1113 4859 Segor.
1137 4761 1239 4836 Unde
1263 4762 1440 4856 Josephus
1468 4759 1514 4833 de

1252 4896 1515 4909 —---—-

409 4951 436 5011 τ’)
453 4952 483 5002 Ε.
500 4966 558 5015 qun
576 4952 655 5014 prius.
820 4950 847 5012 (¹)
865 4930 918 5009 ιη’,
935 4950 961 4999 in
979 4964 1055 5001 vocer
1070 4954 1200 5001 vertentes
1215 4950 1262 5001 ribi
1277 4948 1386 5001 collum.

409 5030 436 5091 (¹)
452 5028 483 5079 E.
500 5028 635 5079 clamabat.
822 5026 849 5090 (¹)
866 5031 921 5087 1¹7,
937 5026 1042 5078 luerint.
