4342 6692
668 897 739 964 488
1058 905 1263 960 couuuruu
1287 905 1454 960 ranaomr

667 1053 870 1151 magnifice
885 1046 923 1146 (¹)
948 1051 1147 1148 potestatis,
1173 1071 1286 1146 quam
1319 1051 1535 1147 expectabat
1563 1051 1601 1126 iu
1635 1053 1772 1128 muodo
1804 1053 1835 1126 si

665 1196 739 1250 non
765 1174 890 1249 luisset
915 1179 1035 1248 morte
1060 1179 1280 1268 praeveutus.
1300 1171 1343 1246 Et
1358 1172 1479 1268 primo
1497 1172 1670 1248 describit
1689 1175 1838 1269 proriu-

664 1295 772 1389 ciam,
799 1314 883 1388 quae
908 1293 1095 1389 spectabat
1119 1292 1166 1366 ad
1191 1313 1293 1386 eum,
1310 1293 1395 1387 quia
1423 1291 1542 1388 primo
1561 1292 1682 1368 luerat
1701 1293 1761 1368 ari
1781 1295 1838 1367 sui

665 1415 783 1491 Caroli
809 1415 824 1490 1
853 1435 900 1490 ex
926 1414 1139 1488 haereditate
1164 1413 1371 1509 Raymundl
1403 1413 1626 1510 berengerii,
1653 1423 1695 1488 ut
1720 1415 1839 1510 patuit

664 1556 777 1630 supra
802 1535 961 1630 capitulo
980 1534 1025 1608 Vl
1043 1533 1077 1606 in
1097 1533 1180 1608 tine.
1197 1532 1288 1607 Dicit
1308 1553 1419 1630 ergo:
1441 1537 1563 1622 Quctta
1576 1537 1723 1608 matra
1741 1538 1838 1628 moa,

664 1656 765 1750 idest,
792 1654 979 1751 provincia
1004 1653 1096 1730 citra
1124 1654 1355 1748 Rhodanum,
1371 1657 1432 1728 cte
1450 1658 1483 1727 si
1501 1657 1586 1728 toea
1609 1658 1649 1729 di
1671 1659 1837 1747 Rodono,

664 1776 775 1850 lluvio
803 1774 1049 1871 rapacissimo,
1069 1779 1135 1868 poi
1157 1771 1243 1848 ct'd
1265 1779 1366 1848 misto
1381 1795 1449 1850 con
1467 1781 1598 1867 Serpa,
1615 1775 1718 1870 idest,
1736 1784 1836 1872 post-

664 1917 777 1991 quam
803 1895 932 1992 Sorgia
950 1895 1083 1970 lluvius
1101 1894 1319 1990 purissimus
1335 1895 1559 1970 admiscetur
1575 1895 1641 1991 ipsi
1658 1896 1834 1971 Rhodano

662 2018 760 2114 apud
786 2017 1014 2111 llvinionem,
1034 2015 1142 2090 culus
1158 2015 1239 2089 lons
1255 2021 1311 2088 est
1328 2014 1537 2089 notissimus
1557 2015 1686 2091 diebus
1702 2018 1836 2092 nostris

663 2138 858 2234 potissime,
883 2137 970 2232 quia
997 2135 1216 2210 novissimus
1234 2141 1340 2230 poeta
1359 2137 1556 2210 Petrarcba
1573 2136 1622 2210 ibi
1640 2135 1704 2210 diu
1721 2157 1834 2210 suum

662 2257 823 2332 studium
850 2258 934 2332 iecit
960 2263 997 2332 et
1024 2276 1197 2352 magnam
1225 2262 1366 2350 partem
1393 2255 1571 2329 librorum
1593 2277 1770 2351 suorum;
1787 2256 1834 2330 de

662 2400 737 2474 quo
763 2379 839 2474 ipse
864 2378 965 2452 dicit:
992 2379 1123 2468 Sorpto
1146 2397 1217 2448 rec
1237 2379 1387 2470 sontium
1412 2382 1494 2471 etc,
1510 2398 1580 2469 per
1603 2398 1668 2450 suo
1691 2380 1835 2469 sionorc

662 2507 823 2592 atempo
848 2502 1096 2591 m'ospeltouo,
1130 2497 1159 2571 si
1190 2496 1474 2592 supervixissem
1506 2497 1600 2592 patri
1634 2517 1788 2572 meo—
1803 2505 1836 2572 r:

662 2622 749 2716 puel.
775 2619 840 2692 Hic
866 2619 1018 2692 Carolus
1043 2616 1214 2691 describit
1238 2615 1441 2690 secundum
1460 2636 1618 2712 reguum
1643 2618 1832 2712 proprium

662 2739 785 2834 patris,
813 2739 912 2833 quod
950 2737 1165 2834 expectabat
1202 2736 1352 2811 babere.
1391 2737 1433 2809 ut
1470 2736 1515 2810 ad
1559 2737 1831 2834 intelligendam

663 2861 768 2934 istam
801 2859 944 2933 literam
980 2863 1126 2953 oportet
1160 2855 1261 2951 prius
1298 2855 1394 2930 scire
1426 2857 1525 2950 quod
1562 2857 1673 2952 ltalia,
1705 2857 1833 2955 regina

663 3001 875 3077 regnorum,
894 2987 949 3054 est
975 2980 1084 3074 longa
1109 2984 1147 3052 et
1171 2979 1294 3054 stricta
1319 2977 1357 3052 in
1384 2978 1534 3052 modum
1561 2980 1675 3073 navis,
1693 2987 1730 3054 et
1755 2987 1832 3056 tota

661 3101 790 3195 insula,
817 3106 1065 3196 praeterquam
1092 3119 1139 3172 ex
1167 3119 1240 3172 una
1266 3104 1382 3193 parte.
1411 3098 1503 3172 Nam
1534 3121 1556 3173 a
1589 3099 1742 3175 meridie
1767 3121 1833 3197 per

660 3221 811 3317 longum
843 3220 954 3296 babet
983 3239 1087 3294 mare
1122 3219 1353 3315 tyrrhenum,
1384 3239 1405 3292 a
1436 3221 1699 3315 septemtrione
1729 3241 1833 3295 mare

659 3340 888 3434 adriaticum,
907 3341 953 3414 ab
977 3339 1123 3414 oriente
1139 3340 1298 3434 pharum
1317 3359 1562 3434 messanense,
1580 3342 1627 3415 ab
1644 3343 1833 3418 occidente

658 3467 784 3536 autem
811 3461 994 3534 clauditur
1019 3459 1101 3534 altis
1120 3458 1318 3551 montibus,
1336 3458 1399 3553 qui
1419 3458 1585 3534 dividunt
1604 3482 1687 3536 eam
1704 3485 1726 3538 a
1747 3463 1831 3538 Gal·

617 3586 620 3594 '
659 3580 707 3654 lia
733 3588 769 3654 et
794 3580 1009 3656 Germania:
1035 3584 1072 3653 et
1098 3585 1140 3651 ut
1164 3578 1236 3652 cito
1259 3578 1391 3673 dicam,
1413 3585 1468 3653 est
1492 3581 1618 3654 similis
1644 3583 1738 3656 tlbiae
1762 3585 1830 3658 bo·

660 3699 767 3774 minis
792 3721 877 3775 cum
904 3707 981 3775 tota
998 3721 1090 3774 cora
1109 3706 1147 3774 et
1164 3697 1266 3794 pede.
1285 3699 1376 3773 Nam
1395 3720 1488 3774 cora
1504 3722 1634 3797 grossa
1649 3710 1704 3778 est
1721 3705 1830 3780 lom-

659 3821 796 3917 bardia,
824 3841 958 3918 magna
983 3829 1021 3896 et
1045 3828 1174 3916 potens
1200 3820 1406 3914 provincia3
1424 3820 1555 3897 deinde
1572 3823 1714 3920 Tuscia,
1731 3825 1831 3902 unde
1928 3909 1933 3917 ,

659 3941 776 4016 Roma
802 3947 857 4016 est
882 3941 918 4013 iu
942 3961 1041 4038 genu
1069 3940 1172 4014 istius
1188 3940 1311 4032 ltaliae,
1329 3945 1367 4014 et
1388 3940 1435 4014 ita
1455 3921 1643 4036 paullatim
1665 3945 1831 4019 extendi-

661 4068 721 4134 tur
746 4067 783 4136 et
808 4066 1040 4136 extenuatur.
1068 4060 1173 4135 llodo
1197 4059 1243 4133 ad
1262 4060 1512 4155 propositum:
1532 4083 1687 4160 reguum
1709 4066 1829 4147 Caroli

659 4182 819 4256 continet
848 4182 1080 4258 medietatem
1096 4172 1134 4274 (²)
1163 4179 1274 4255 ltalia:
1305 4201 1436 4255 versus
1464 4183 1656 4279 orientem,
1691 4186 1830 4262 babens

660 4302 696 4376 iu
727 4322 767 4376 se
795 4303 1044 4398 Campaniam,
1070 4300 1133 4376 ubi
1163 4306 1219 4376 est
1247 4301 1415 4396 Neapolis
1445 4303 1550 4379 sedes
1585 4306 1700 4402 regni,
1731 4307 1842 4404 llpu-v

658 4425 757 4520 liam,
783 4423 986 4516 Samnium,
1012 4421 1232 4515 Calabriam,
1263 4428 1301 4494 et
1331 4423 1465 4497 multas
1493 4424 1582 4499 alias
1612 4428 1828 4523 provincias,

657 4564 874 4639 quasanunc
906 4542 1076 4618 describit
1109 4563 1133 4616 a
1166 4541 1387 4636 quibusdam
1414 4544 1520 4618 terris
1551 4552 1588 4619 et
1617 4546 1830 4623 lluminibus

657 4663 913 4738 confinalibus:
940 4669 977 4738 et
1003 4661 1212 4737 continetur
1237 4661 1333 4736 istud
1359 4683 1515 4760 regnum
1545 4666 1616 4740 sub
1641 4666 1748 4742 titulo
1773 4669 1830 4744 Si-

658 4785 759 4858 ctltae.
786 4784 890 4858 Nunc
907 4783 953 4858 ad
971 4783 1135 4859 literam:
1155 4782 1240 4856 dicit
1259 4783 1431 4858 Carolus:
1450 4789 1484 4858 Ε
1497 4789 1576 4877 quet
1589 4808 1699 4862 corno
1719 4793 1829 4864 d’llu-

721 5041 748 5106 (¹)
765 5041 795 5091 Ε·
812 5055 827 5092 0
843 5045 867 5102 ⁴,
883 5056 991 5106 magua.
1242 5041 1269 5104 l')
1285 5032 1316 5092 ll.
1331 5055 1347 5092 ο
1363 5047 1387 5103 t,
1404 5043 1477 5108 quasi
1493 5044 1668 5096 medictatem.
1757 5090 1759 5093 .
