4342 6692
645 892 785 951 caurus
811 896 1002 952 vronsruns
1025 897 1191 963 Qumrus.
1456 888 1503 956 93

333 1039 428 1115 allici
454 1040 563 1135 lame,
589 1040 657 1135 siti,
684 1040 742 1115 vel
768 1039 839 1117 alia
864 1041 1040 1137 passione.
1055 1047 1170 1116 —Se
1189 1043 1295 1119 Nunc
1315 1053 1422 1142 poeta
1438 1068 1505 1143 po-

333 1159 385 1233 nit
402 1160 675 1256 responsionem
695 1160 833 1259 Virgilii
854 1162 900 1237 ad
917 1162 1140 1258 propositam
1159 1163 1412 1263 quaestionem,
1429 1168 1504 1262 'qui

331 1280 437 1354 solvit
461 1280 560 1355 illam
576 1281 614 1354 in
630 1281 793 1376 generali
810 1302 876 1377 per
895 1282 970 1357 duo
990 1282 1211 1379 argumenta
1228 1287 1499 1383 exemplorum,

330 1421 491 1498 arguens
516 1424 539 1477 a
564 1401 697 1477 minori
719 1409 759 1477 et
783 1424 805 1477 a
836 1402 962 1495 simili;
996 1425 1158 1497 quorum
1187 1404 1349 1499 primum
1376 1417 1431 1484 est
1455 1407 1503 1483 de

331 1522 498 1618 passione
523 1528 561 1596 et
585 1522 862 1618 consumptione
893 1524 1074 1621 Meleagri,
1109 1543 1195 1618 quae
1226 1525 1320 1601 lacta
1345 1532 1402 1601 est
1427 1533 1503 1601 tam

333 1641 547 1717 mirabiliter
573 1647 610 1717 el
635 1643 787 1717 occulte.
814 1644 858 1717 Et
883 1643 929 1718 ad
954 1642 1228 1741 intelligentiam
1254 1645 1364 1720 huius
1383 1646 1500 1721 literae

331 1760 417 1836 satis
426 1761 593 1837 ohscurae
606 1768 750 1857 oportet
762 1762 946 1838 succincte
959 1763 1131 1859 colligere
1142 1763 1306 1840 lahulam
1315 1764 1502 1862 Meleagri,

331 1882 378 1957 de
394 1904 467 1977 qua
481 1883 672 1979 Euripides
688 1882 817 1957 nobilis
834 1890 940 1980 poeta
958 1883 1041 1958 lecit
1059 1885 1288 1981 tragoediam,
1303 1892 1342 1961 et
1353 1886 1503 1963 Ovidius

330 2002 464 2079 latinus
481 2003 651 2078 describit
676 2024 759 2078 earn
784 2004 893 2079 valde
917 2003 1047 2079 diffuse
1072 2026 1178 2080 more
1204 2027 1272 2081 suo
1288 2006 1364 2079 lllll
1390 2007 1503 2082 Maio-

331 2123 391 2219 ris,
417 2124 523 2198 cuius
557 2144 704 2199 summa
740 2124 818 2199 haec
850 2130 924 2199 est:
951 2124 1132 2219 Tempore
1163 2146 1238 2219 que
1271 2124 1410 2201 hlthaea
1441 2147 1502 2202 re-

330 2245 415 2343 gina
448 2244 642 2320 Calidoniae
676 2264 773 2319 uxor
810 2244 905 2342 regis
939 2244 1054 2319 OEnei
1088 2251 1126 2319 et
1159 2251 1279 2321 mater
1315 2246 1501 2321 tortissimi

329 2365 451 2463 Tydei,
484 2364 531 2440 de
563 2386 638 2459 quo
668 2365 799 2440 totiens
828 2364 923 2439 lacta
952 2370 1007 2439 est
1036 2364 1185 2459 mentio,
1215 2367 1357 2462 peperit
1384 2367 1499 2442 alium

329 2486 447 2561 lilium
467 2484 615 2561 nomine
632 2485 881 2581 Meleagrum3
899 2484 1020 2559 subito
1045 2485 1119 2559 lata
1143 2485 1344 2561 adfuerunt
1368 2494 1406 2562 et
1430 2487 1500 2561 im·

331 2607 511 2682 miserunt
537 2605 722 2701 inignem
748 2604 900 2701 lignum,
927 2604 1005 2679 sive
1030 2626 1177 2679 ramum
1203 2605 1358 2701 arhnris,
1383 2613 1422 2681 et
1447 2606 1502 2681 di-

330 2734 466 2802 xerunt
491 2726 591 2821 quod
616 2725 793 2820 quamdiu
819 2724 973 2800 duraret
997 2724 1107 2798 torris
1123 2746 1219 2820 puer
1238 2732 1346 2799 natus
1371 2746 1500 2801 serva·

330 2854 434 2923 retur
460 2847 497 2920 in
523 2846 616 2941 vita3
642 2866 754 2940 quem
782 2851 901 2920 mater
933 2844 1054 2918 statim
1086 2844 1312 2920 abstractum
1344 2846 1502 2942 exigue

330 2969 483 3044 extinxit
507 2988 618 3061 aqua,
638 2972 675 3043 et
700 2965 903 3041 extinctum
928 2986 1015 3039 cum
1041 2986 1175 3060 magna
1200 2964 1383 3062 diligentia
1408 2986 1499 3040 con-

330 3088 500 3164 servavit.
525 3087 620 3162 Cum
648 3095 772 3161 autem
799 3086 982 3183 Meleager
1007 3085 1125 3160 lactus
1150 3091 1245 3161 esset
1265 3086 1411 3161 adultus
1435 3106 1500 3161 ac-

330 3208 415 3285 cidit
432 3208 529 3303 quod
549 3228 638 3303 aper
664 3206 831 3282 terribilis
857 3206 987 3281 invasit
1004 3226 1114 3302 agros
1139 3204 1417 3300 calidoniorum,
1435 3206 1501 3300 qui

209 3362 214 3374 ·
331 3350 487 3425 magnus
513 3334 555 3401 ut
582 3333 712 3400 laurus
735 3332 904 3401 armatus
929 3325 1014 3399 setis
1040 3332 1081 3398 ut
1107 3324 1257 3421 sagittis,
1278 3331 1315 3399 et
1331 3324 1501 3400 dentibus

329 3450 513 3525 fulmineis
543 3448 710 3523 vastabat
726 3446 861 3521 omnia.
887 3447 1118 3541 Quapropter
1147 3446 1329 3541 Meleager
1353 3445 1502 3520 ordina-

328 3571 379 3649 vit
405 3569 565 3644 nobilem
592 3566 824 3642 venationem
849 3565 896 3641 ad
922 3564 1148 3661 perdendum
1171 3566 1296 3659 illum;
1314 3564 1360 3639 ad
1385 3586 1499 3659 quam

329 3696 577 3769 cucurrerunt
602 3687 769 3763 certatim
791 3687 868 3762 lere
890 3706 1018 3761 omnes
1034 3687 1192 3782 juvenes
1216 3685 1371 3761 animosi
1396 3685 1500 3760 Grae·

329 3814 395 3887 ciae
418 3810 537 3908 gratia
556 3808 703 3883 honoris
720 3814 757 3881 et
774 3806 912 3904 gloriae,
933 3806 1026 3880 sicut
1042 3810 1216 3881 strenuus
1233 3806 1395 3881 Theseus
1412 3812 1449 3882 et
1460 3798 1497 3899 (¹)

329 3932 511 4007 Pirithous
524 3928 709 4026 singulare
725 3949 792 4023 par
804 3927 1022 4020 amicorum,
1036 3926 1201 4001 similiter
1213 3926 1341 4002 Castor
1358 3934 1397 4002 et
1412 3927 1497 4001 Pol-

230 4044 238 4051 ’
328 4053 404 4147 lux,
425 4049 665 4125 clarissimum
683 4039 720 4139 (²)
740 4067 805 4142 par
822 4047 999 4140 iratrum3
1016 4052 1055 4121 et
1071 4046 1180 4120 Jason
1198 4044 1353 4142 inclytus
1373 4054 1496 4141 postea

328 4176 620 4269 argonautarum
640 4168 848 4263 juventute,
866 4166 967 4241 tortis
984 4166 1170 4260 Telamon,
1196 4171 1234 4241 et
1257 4164 1381 4240 senior
1405 4185 1498 4239 cun-

328 4292 394 4366 ctis
418 4292 560 4383 Nestor,
587 4295 623 4363 ot
648 4288 723 4362 dno
749 4287 878 4363 iratres
903 4286 1015 4381 ipsius
1039 4285 1188 4359 hlthaeae
1213 4284 1434 4381 Speusippus
1460 4291 1499 4361 et

329 4411 496 4504 Thonias,
515 4416 552 4485 et
568 4408 700 4483 Peleus
725 4414 829 4501 pater
854 4406 956 4481 tortis
975 4405 1120 4479 Achillis
1145 4404 1306 4481 renitet
1331 4404 1498 4480 Atalanta

330 4531 569 4609 celeberrima
600 4529 706 4625 virgo
743 4528 862 4603 forma
900 4534 937 4602 et
973 4526 1099 4600 hahitu
1139 4525 1357 4620 venatricis3
1391 4525 1498 4601 cuius

327 4672 457 4729 amere
472 4642 510 4745 (³)
535 4650 623 4726 visae
652 4648 772 4723 subito
805 4654 933 4743 captus
962 4652 1017 4721 est
1048 4646 1176 4720 nobilis
1207 4646 1401 4743 Meleager.
1428 4645 1500 4721 Sed

327 4775 485 4870 incoepta
516 4770 711 4847 venatione
742 4788 829 4844 cnm
861 4766 1034 4843 altissimo
1066 4768 1229 4841 clamore
1263 4766 1430 4841 virorum
1460 4771 1498 4841 et

389 4960 418 5024 (¹)
433 4960 464 5009 n
480 4964 508 5009 ot
523 4959 652 5022 gloriosus
667 4958 797 5008 Pirithous
812 4954 943 5021 singulare
959 4966 1015 5017 pur.

389 5034 418 5100 l¹l
436 5040 490 5097 ¹¹⁷,
506 5036 668 5087 carinianum
684 5048 739 5099 pu.
923 5028 1324 5095 platamonensem.
