4342 6692
764 920 904 978 usurus
928 923 1073 978 antuus.
1433 911 1504 1010 323

328 1085 553 1166 succursum
568 1064 754 1164 Beatricis,
772 1086 856 1161 quae
873 1068 1047 1142 continuo
1064 1069 1229 1165 promisit
1242 1089 1283 1144 se
1300 1069 1506 1154 satisfactu-

335 1206 416 1288 ram
437 1184 618 1286 desiderio
639 1207 719 1280 suc,
742 1185 886 1262 dicens:
905 1191 1077 1280 nadalia,
1095 1188 1230 1264 scilicet
1246 1189 1405 1283 Bcatrix‚
1425 1210 1507 1274 ma-

330 1326 408 1402 gna
433 1305 609 1404 magistra
634 1312 863 1382 secretorum
889 1308 984 1402 eceli,
1001 1310 1062 1380 cle
1086 1311 1193 1384 cedes
1210 1330 1276 1400 me,
1295 1302 1326 1381 sl
1342 1331 1438 1384 conte
1454 1312 1503 1409 iu,

336 1424 439 1522 idest,
463 1425 706 1528 segnescebat
730 1434 883 1532 acutum
909 1426 1130 1502 desiderium
1164 1449 1303 1525 meum,
1333 1432 1437 1533 aptio
1468 1432 1505 1526 lu

335 1545 455 1648 We
480 1545 619 1643 supple⁷
643 1544 690 1619 ad
716 1545 942 1640 loquendum
964 1567 1012 1622 ne
1025 1547 1222 1642 ‘perderem
1249 1554 1406 1644 tempus,
1419 1553 1505 1644 pria

331 1666 386 1747 ,cl’
399 1667 448 1759 io,
469 1664 617 1766 scilicet,
635 1664 817 1766 aperirem
839 1685 892 1760 cs,
909 1688 934 1740 a
951 1669 1157 1762 dimandur,
1174 1667 1221 1743 de
1237 1689 1347 1743 causa
1368 1670 1506 1752 utrius-

333 1806 411 1878 que
436 1785 489 1890 rei
515 1805 632 1888 novae,
658 1788 709 1860 ad
733 1790 948 1880 aequaturmr'
972 1790 1123 1862 laniato
1147 1809 1351 1883 commosse,
1380 1795 1505 1894 stupe·

335 1907 473 1984 lactum
495 1905 656 1997 novitate
672 1906 826 2004 insolita,
843 1927 892 1982 ne
908 1914 1052 1986 teneret
1066 1903 1102 2000 (¹)
1117 1909 1283 1983 animum
1298 1929 1423 1984 meum
1442 1909 1503 1985 diu

332 2047 554 2126 ¹suspensum
580 2025 767 2121 inutiliter,
785 2048 804 2100 e
819 2019 1000 2121 οοηιὲηοὶὸ,
1021 2029 1160 2123 supple,
1177 2028 1300 2104 dicere
1321 2029 1504 2106 fidenter:

325 2155 372 2242 :tu
390 2155 502 2246 ¹stesso
521 2149 553 2249 ti
572 2149 629 2242 sai
651 2167 793 2245 crosso,
818 2155 947 2222 contra
972 2155 1144 2222 naturam
1170 2154 1208 2224 et
1233 2149 1368 2223 honam
1384 2149 1505 2244 dispe

333 2266 502 2363 sidenem
515 2272 633 2364 tuam,
651 2286 739 2340 cum
759 2265 912 2342 deberes
927 2267 1062 2342 amedu
1078 2287 1159 2344 esse
1176 2267 1327 2362 subtilis,
1344 2270 1400 2342 col
1411 2272 1506 2362 salso

331 2390 527 2480 intuamur,
556 2386 643 2481 quia
668 2387 805 2461 scilicet
829 2386 1040 2484 imaginaris
1069 2407 1151 2463 esse
1182 2387 1303 2462 adhuc
1337 2389 1374 2461 in
1405 2395 1506 2483 terra

334 2505 372 2583 in
394 2506 566 2602 paradiso
590 2506 767 2602 terrestri,
793 2506 891 2602 quod
916 2512 1041 2602 tamen
1068 2514 1124 2582 est
1149 2507 1292 2602 falsum,
1319 2507 1405 2605 quia
1425 2509 1505 2607 jam

334 2647 375 2710 es
389 2626 429 2707 iu
445 2619 762 2722 ecclesiolam
778 2628 857 2702 cedi
871 2619 925 2701 ciri
941 2630 1002 2702 cte
1017 2630 1178 2722 cedrosti,
1194 2628 1339 2722 scilicet,
1354 2649 1505 2705 causam

330 2741 414 2828 sont
435 2755 478 2827 ‚et
501 2748 660 2844 luminis,
677 2770 715 2822 se
730 2751 753 2821 Γ
763 2751 878 2822 auessi
891 2769 1025 2841 ecesse,
1041 2747 1144 2844 idest,
1163 2755 1349 2822 remotum
1367 2769 1390 2822 a
1407 2753 1444 2822 te
1459 2748 1506 2850 il·

334 2866 398 2943 lud
415 2866 547 2944 laisum
564 2866 777 2964 imaginari3
796 2867 859 2943 sed
877 2866 999 2941 statim
1016 2866 1189 2961 quietaho
1208 2868 1374 2942 animum
1396 2873 1503 2943 tuum

323 2986 552 3084 ,inquietum
566 3027 617 3042 -
634 2993 683 3061 lu
707 3008 781 3062 aaa
797 2990 856 3060 se‘.
882 2987 948 3060 llic
972 2986 1117 3062 Beatrix
1148 2986 1310 3083 assignat
1340 3007 1502 3080 causam,

334 3128 453 3202 quare
476 3108 610 3184 llantes
631 3107 752 3202 incipit
772 3106 903 3182 audire
920 3112 1063 3181 mutum
1082 3127 1182 3180 nuuc
1199 3127 1337 3182 norum
1359 3127 1504 3200 sonum,
1541 3185 1546 3194 ,

334 3234 373 3328 at
397 3227 522 3325 ¹ridere
545 3248 686 3304 novum
712 3229 849 3303 lumen.
875 3228 920 3301 Et
944 3227 1024 3306 vult
1043 3219 1248 3320 finaliter(²)
1267 3229 1390 3304 dicere
1407 3228 1505 3324 quod

328 3346 411 3442 ipse
427 3346 510 3424 ideo
525 3347 627 3422 audit
639 3338 676 3440 (³)
703 3368 837 3422 sonum
863 3347 958 3444 coeli,
985 3346 1164 3440 nunquia
1190 3347 1235 3420 sit
1252 3347 1301 3422 ibi
1318 3347 1434 3423 lactus
1460 3347 1507 3426 de

334 3487 442 3562 nave,
467 3467 534 3544 sed
557 3467 645 3561 quia
669 3467 758 3542 (lum
784 3473 900 3542 staret
924 3467 960 3541 in
986 3473 1086 3543 terra
1112 3487 1186 3542 non
1217 3474 1360 3564 poterat
1385 3468 1504 3572 ipsum

328 3586 473 3690 ‘audire
499 3586 672 3663 Similiter
697 3587 796 3664 videt
820 3589 948 3662 lumen
974 3586 1178 3662 maximum
1211 3607 1282 3661 non
1313 3589 1400 3682 quia
1433 3610 1505 3683 non

182 3807 187 3816 .
334 3714 430 3808 esset
453 3706 555 3802 prius
580 3706 640 3804 ibi,
666 3707 729 3783 sed
756 3706 843 3801 quia
868 3727 942 3782 non
965 3694 1111 3803 poterat
1131 3707 1251 3802 ipsum
1273 3706 1398 3784 videre
1414 3708 1504 3788 dum

335 3835 430 3921 esset
453 3827 493 3902 in
517 3834 628 3924 terra.
654 3827 748 3902 Dicit
772 3847 888 3924 ergo:
906 3835 943 3900 tu
957 3847 1031 3900 noa
1046 3829 1097 3900 sei
1112 3829 1150 3900 in
1167 3834 1277 3921 erra,
1298 3827 1505 3934 sicutluisti

334 3947 521 4045 hactenus,
546 3942 578 4021 sl
601 3967 698 4022 conte
721 3953 757 4020 tu
782 3948 902 4039 credi;
925 3952 964 4022 et
979 3945 1135 4020 ostendit
1160 3947 1258 4040 quod
1280 3967 1377 4022 nunc
1397 3955 1504 4052 poeta

335 4068 550 4143 naturaiiter
580 4066 743 4144 ascendit
773 4066 910 4142 coelum
943 4085 1009 4160 per
1043 4086 1156 4142 unam
1190 4067 1502 4170 comparationem

335 4187 543 4262 naturalem
573 4194 612 4262 et
642 4186 812 4262 subtilem
848 4185 1022 4288 fulminis,
1052 4185 1153 4279 quod
1182 4205 1256 4260 non
1291 4191 1364 4260 tarn
1401 4188 1505 4274 velo,-

334 4306 426 4405 citer
450 4306 670 4382 *descendit
700 4306 748 4383 ad
780 4313 931 4406 terram,
957 4326 1071 4402 quam
1101 4312 1209 4402 poeta
1240 4326 1339 4380 nunc
1368 4306 1506 4394 veloci„-

330 4427 427 4524 ter*
440 4414 477 4519 (⁸)
503 4426 666 4528 ascendit
692 4425 742 4500 ad
765 4426 921 4522 ‘coelum‘.
956 4423 1010 4500 Ad
1042 4425 1141 4520 quod
1172 4424 1373 4501 notandum
1406 4425 1505 4530 quoql

332 4545 481 4648 Reatriu
505 4544 788 4640 exquisitissime
818 4546 889 4619 hoc
919 4543 1015 4643 dicit,
1050 4545 1138 4646 quia
1168 4545 1294 4642 lulgur
1324 4567 1346 4622 a
1382 4546 1506 4648 calore

333 4665 419 4765 selis
441 4685 518 4764 nnn
538 4665 701 4744 trahitur
715 4663 787 4764 nisi
808 4663 991 4765 usquead
1010 4663 1167 4740 mediam
1186 4665 1376 4760 regionem
1396 4666 1504 4768 aeris,

336 4792 374 4863 et
395 4785 447 4885 ibi
472 4784 662 4882 repellitur
686 4805 709 4858 a
734 4783 872 4880 trigone
895 4782 943 4859 ad
968 4790 1107 4860 terram
1133 4804 1219 4859 cum
1238 4805 1383 4860 summa
1402 4787 1506 4892 vele„-

396 4973 425 5040 ρ)
439 4977 463 5032 l,
479 4983 513 5022 ue
529 4976 655 5023 tenerem.
778 4969 806 5034 (Ἴ
822 4971 853 5022 B.
869 4959 1065 5023 scutenffllitcr.
1191 4971 1219 5034 (¹)
1236 4977 1259 5031 l,
1276 4972 1381 5024 audivit.
1459 4994 1465 5000 ·

395 5048 422 5113 ω
438 5049 475 5100 ιο
491 5047 585 5114 parab
597 5047 638 5104 cn
653 5047 662 5098 i
678 5046 877 5100 incalescunt
893 5061 940 5098 son
955 5046 1067 5112 appuis
1082 5047 1152 5126 unali
1168 5048 1228 5100 altri
1245 5053 1285 5100 tre
1301 5047 1396 5102 eourct.
