4342 6692
619 896 759 952 conaus
784 898 999 954 aaronsnrus
1023 900 1185 956 ruamus.
1395 851 1482 960 '273

309 1068 380 1120 nus
404 1044 534 1141 eripiet
547 1038 584 1137 (¹)
610 1034 684 1118 sibi
703 1045 859 1139 plumas,
884 1044 987 1140 idest,
1013 1049 1236 1142 temporales
1266 1049 1420 1144 divitias,
1447 1055 1485 1125 et

307 1166 405 1242 dabit
429 1166 637 1241 libertatem
663 1163 836 1240 ecclesiae.
864 1164 909 1237 lit
937 1163 1100 1240 declarat
1131 1165 1249 1262 ipsum
1281 1169 1483 1265 principem

307 1287 477 1361 loturum
502 1286 572 1360 sub
598 1282 781 1359 velamine
812 1284 1027 1379 verborum,
1052 1285 1196 1361 dicens:
1228 1290 1327 1361 cb'io
1359 1289 1483 1380 oeppio

307 1413 526 1500 commeate,
546 1406 577 1480 si
592 1411 692 1480 astra
718 1425 792 1479 non
817 1404 1058 1500 mentiuntur,
1079 1400 1204 1500 cperd
1220 1410 1391 1504 donoro,
1412 1409 1483 1483 sci-

308 1527 392 1602 licet
417 1526 481 1601 tibi
508 1533 549 1600 nt
574 1531 678 1600 notes
702 1530 740 1600 et
765 1524 914 1619 scribas,
939 1514 1002 1616 ptd
1025 1529 1121 1599 stelle
1139 1531 1348 1623 propinque,
1379 1527 1482 1623 idest,

308 1645 621 1723 constellationem
648 1667 734 1742 quae
762 1646 833 1720 erit
866 1646 913 1720 de
942 1645 1130 1742 proxim03
1157 1647 1282 1724 dicunt
1307 1650 1418 1745 aliqui
1445 1651 1481 1725 io

308 1772 417 1843 etate
441 1768 630 1862 saturnali,
656 1787 741 1862 quae
765 1765 930 1841 reditura
960 1771 1016 1841 est
1045 1765 1140 1842 siout
1176 1769 1282 1844 rediit
1315 1777 1483 1867 tempore

307 1887 476 1984 Augusti,
501 1887 626 1981 stellae,
652 1886 746 1980 dico,
770 1888 884 1960 sicurc
907 1888 943 1959 α’
955 1890 1039 1978 opm'
1061 1890 1217 1981 iotoppo,
1244 1890 1335 1965 idest
1350 1882 1400 1985 (¹),
1419 1911 1483 1966 oc-

308 2027 478 2101 cursu,c
512 2009 547 2081 d
560 2010 645 2097 opor·
676 2007 820 2098 sborro,
845 2005 948 2099 idest,
978 2027 1001 2081 a
1028 2010 1349 2106 transversamine,
1376 2011 1481 2105 quasi

307 2126 414 2222 dicat,
439 2148 600 2222 quarum
631 2126 818 2202 influentia
843 2125 930 2200 nibil
964 2129 1097 2222 poterit
1126 2129 1277 2205 obviare
1303 2131 1362 2205 vel
1387 2129 1481 2205 resi-

306 2254 416 2340 stere,
442 2267 467 2319 α
490 2249 605 2320 darae
629 2254 755 2338 tempo,
780 2245 876 2340 felix,
901 2249 962 2320 nel
984 2251 1098 2338 quob,
1128 2247 1275 2343 scilicet,
1302 2255 1480 2345 tempore,

305 2388 355 2440 aas
378 2369 596 2459 enqoeeoo
627 2369 721 2439 dece
748 2387 767 2438 c
795 2369 930 2457 dapne,
962 2365 1064 2459 idest,
1092 2387 1189 2440 nnus
1214 2367 1311 2462 dux3
1338 2389 1425 2443 nam
1452 2369 1482 2442 Ι)

306 2486 421 2562 semel
452 2486 591 2582 positus
623 2483 722 2581 apud
751 2485 999 2560 arithmeticos
1034 2485 1213 2581 significat
1247 2487 1480 2584 quingentos,

308 2605 337 2678 V
363 2605 536 2701 importat
561 2606 737 2701 quinque,
755 2607 789 2679 ll
806 2605 946 2697 decem,
968 2610 1006 2680 et
1022 2605 1101 2678 istae
1121 2611 1196 2680 tres
1212 2604 1328 2680 literae
1345 2608 1481 2682 consti-

307 2730 419 2799 tuunt
435 2724 533 2798 istud
552 2744 689 2800 nomen
713 2724 803 2818 dux,
824 2746 935 2798 cresso
955 2727 994 2798 di
1012 2727 1093 2818 Dio,
1115 2725 1172 2800 bic
1190 2731 1245 2798 est
1262 2725 1322 2801 ille
1341 2727 1481 2801 veltrus

307 2846 451 2943 sapiens
471 2847 606 2942 iustus,
625 2845 766 2939 dequo
792 2852 893 2919 tanta
917 2844 992 2918 dixi
1017 2845 1136 2940 primo
1154 2845 1312 2940 capitulo
1332 2846 1478 2940 lnierni,

308 2955 477 3039 oooiderd
502 2968 538 3037 tn
560 2967 652 3059 sota,
678 2965 825 3059 scilicet,
851 2963 1085 3039 meretricem
1118 2985 1303 3060 magnam,
1333 2966 1498 3060 scilicet‚·

306 3086 558 3183 prelationem
584 3092 776 3180 pastorum
796 3084 971 3177 ecclesie,
990 3105 1153 3179 qnorum
1181 3106 1276 3160 uxor
1301 3093 1356 3161 est
1381 3087 1478 3181 lupa,

307 3209 345 3284 io
369 3208 422 3283 eis
446 3207 546 3282 enim
571 3206 671 3302 viget
694 3205 865 3281 avaritia:
894 3213 931 3280 et
955 3205 1007 3280 sic
1031 3205 1117 3280 dicit
1148 3204 1245 3281 idem
1278 3206 1315 3280 in
1347 3205 1480 3280 ellectu

306 3331 344 3404 in
369 3330 439 3404 isto
465 3328 595 3402 ultimo
619 3326 779 3422 capitulo
804 3326 1011 3423 Purgatorii
1041 3326 1141 3422 quod
1173 3326 1262 3400 dixit
1293 3326 1330 3401 io
1361 3325 1481 3422 primo

305 3448 460 3543 laterni3
485 3469 552 3520 coo
576 3449 656 3538 puel
678 3450 833 3537 mono,
858 3444 1005 3541 scilieet,
1027 3466 1117 3543 rege
1141 3446 1315 3541 Franciae,
1343 3449 1403 3519 cbo
1419 3448 1482 3519 de·

306 3574 421 3662 &tque
444 3589 510 3642 coo
534 3569 589 3662 tei,
610 3566 714 3660 idest,
730 3573 857 3661 peccat
880 3587 1008 3641 secum
1034 3566 1356 3643 fornicando-ll
1371 3571 1478 3660 forse.

305 3690 371 3765 llic
387 3687 534 3764 beatrix
560 3693 714 3761 excusat
738 3706 779 3760 se
803 3686 850 3761 de
866 3686 1024 3761 obscura
1040 3686 1282 3782 descriptione
1300 3687 1386 3782 quia
1408 3685 1482 3760 cito

307 3809 429 3885 veniet
445 3805 609 3902 edoctos,
628 3805 692 3901 qni
713 3804 912 3880 declarabit
932 3805 1012 3882 eius
1032 3806 1168 3880 dictum
1191 3806 1362 3900 dubinm;
1381 3804 1480 3880 unde

306 3929 411 4004 dicit:
438 3933 472 4000 Ε
490 3930 589 4019 forse
612 3925 673 3998 cte
697 3927 734 3998 tn
749 3927 950 3998 weston
973 3928 1046 3998 mm
1061 3925 1156 4015 buia,
1182 3924 1284 4019 idest,
1307 3924 1480 4016 obscura,

307 4069 386 4123 meo
410 4047 644 4140 dposoode
676 4044 778 4137 idest,
804 4043 999 4139 persuadet
1027 4065 1090 4118 me
1115 4043 1177 4118 tibi
1202 4043 1372 4137 obscure,
1397 4046 1483 4134 qual

313 4169 407 4242 Toni
429 4187 449 4240 e
473 4168 598 4259 spope.
625 4161 680 4239 Ad
708 4164 778 4237 boc
807 4162 1083 4259 intelligendum
1112 4162 1223 4238 debes
1255 4162 1350 4239 scire
1380 4163 1480 4257 quod

307 4289 453 4366 Themis
486 4287 554 4361 luit
584 4285 671 4361 olim
705 4285 956 4378 sacerdotissa,
988 4305 1072 4379 que
1103 4285 1212 4361 dabat
1238 4304 1410 4380 responsa
1442 4283 1479 4356 in

307 4419 434 4488 monte
459 4410 621 4483 Parnaso
646 4405 752 4482 raldo
777 4405 955 4481 obscura:
974 4405 1072 4480 unde
1089 4413 1170 4501 post
1194 4405 1281 4480 illud
1298 4405 1477 4480 dilnvium

307 4530 529 4628 particulare
554 4527 653 4623 quod
679 4527 747 4601 luit
770 4526 859 4600 olim
889 4526 926 4599 in
951 4525 1091 4600 Graecia
1122 4525 1307 4620 respondit
1336 4525 1481 4598 Deuca-

307 4649 392 4726 lioni
410 4649 489 4745 regi
507 4655 546 4722 et
560 4648 712 4744 Pyrrhe
737 4645 818 4721 eius
844 4645 952 4721 uxori
971 4644 1244 4720 consulentibus
1264 4644 1310 4718 de
1328 4663 1479 4740 repara·

307 4769 407 4846 tione
431 4768 624 4843 hominnm
642 4765 871 4863 perditorum
888 4786 936 4840 en
953 4787 1062 4860 aqua,
1081 4766 1180 4861 qnod
1198 4766 1383 4861 jactarent
1398 4785 1480 4840 ossa

369 5027 396 5090 (¹)
412 5027 443 5080 Ε·
461 5030 552 5092 clpict.
726 5081 731 5089 ,
802 5027 830 5092 (¹)
848 5029 879 5080 E.
895 5029 968 5090 idest,
985 5029 1100 5080 incursu.

441 5135 480 5179 IV·
1321 5137 1346 5178 18
