4342 6692
669 911 741 980 tad
1058 920 1264 975 cumcurn
1287 919 1455 976 nanuum

668 1067 820 1160 honore,
845 1065 892 1141 de
917 1073 1024 1140 necte
1048 1064 1221 1140 omuibus
1245 1064 1369 1160 sepitis
1384 1065 1520 1138 ardeus
1536 1085 1667 1140 amere
1692 1065 1839 1142 intrarit

667 1186 714 1263 ad
731 1186 939 1262 Lucretiam
965 1185 1209 1260 dormientem
1237 1205 1324 1260 cum
1345 1184 1467 1282 gladic
1490 1183 1527 1258 in
1553 1204 1686 1278 mauu;
1703 1193 1740 1260 et
1755 1186 1840 1262 bre-

668 1307 762 1386 riter
787 1328 873 1383 cum
901 1327 973 1381 non
1000 1313 1122 1402 posset
1146 1306 1268 1380 verbis
1293 1325 1509 1402 expugnare
1526 1304 1735 1400 pudicitiam
1755 1327 1840 1380 mu-

667 1427 776 1521 lieris,
792 1427 950 1502 minatus
967 1433 1022 1501 est
1039 1447 1079 1501 se
1090 1427 1304 1522 iugulatum
1322 1447 1474 1501 servum
1497 1425 1637 1501 nudum
1658 1445 1745 1500 cum
1763 1424 1840 1522 ipsa

662 1548 832 1646 jugulata
846 1539 884 1640 (¹)
910 1565 1059 1642 ponere,
1082 1553 1124 1620 ut
1149 1546 1187 1619 in
1213 1546 1311 1641 turpi
1335 1544 1516 1620 adulterio
1542 1552 1672 1622 necata
1696 1544 1841 1621 dicere-

667 1675 749 1762 tur;
775 1689 850 1764 quo
867 1667 1002 1743 timore
1023 1667 1181 1776 obtinuit
1192 1660 1228 1760 (¹)
1248 1667 1348 1762 quod
1364 1667 1523 1761 optabat
1542 1667 1712 1742 Lucretia
1730 1666 1841 1742 tristis

666 1790 787 1866 statim
807 1809 873 1886 per
890 1789 1059 1864 nuntium
1086 1788 1225 1862 vocatis
1249 1792 1366 1884 patre,
1384 1787 1528 1882 marito,
1546 1788 1661 1864 Brute
1677 1794 1715 1864 et
1732 1789 1837 1864 Vale·

669 1911 735 2006 rie,
748 1909 839 1985 dixit
852 1909 1013 1984 breviter
1029 1909 1129 2004 quod
1141 1929 1276 2004 cerpus
1293 1909 1469 1984 violatum
1487 1915 1569 1984 erat
1590 1930 1663 1984 neu
1681 1910 1837 2003 animus,

668 2037 706 2106 et
726 2031 824 2125 quod
851 2029 879 2104 si
905 2050 946 2104 se
970 2029 1183 2104 absolvebat
1202 2049 1224 2104 a
1242 2029 1362 2124 culpa,
1381 2049 1454 2103 nen
1477 2033 1602 2103 tamen
1619 2049 1642 2104 a
1659 2050 1783 2124 poeua3
1800 2037 1840 2106 et

667 2152 842 2228 continue
867 2149 1027 2246 gladium
1045 2139 1082 2240 (³)
1107 2147 1234 2223 delinit
1251 2149 1287 2223 in
1304 2168 1380 2223 cor.
1399 2149 1543 2222 llortua
1559 2149 1728 2224 Lucretia
1746 2150 1841 2224 Bm·

528 2273 531 2279 '
669 2279 729 2346 tus
745 2277 895 2365 accepto
907 2269 1027 2365 gladie
1044 2257 1296 2365 sauguineol‘)
1315 2268 1529 2343 mirabiliter
1547 2269 1700 2344 retranit
1711 2291 1840 2346 umnec

667 2411 691 2467 a
708 2391 855 2487 planctu
874 2389 921 2464 ad
939 2389 1158 2483 vindictam3
1176 2389 1275 2464 unde
1291 2388 1388 2464 iacto
1408 2387 1572 2462 tumultu
1595 2388 1755 2464 Collatiae
1772 2411 1839 2466 re·

669 2511 722 2586 nit
745 2513 913 2606 Romam,
940 2508 1002 2584 ubi
1035 2516 1238 2585 convocato
1265 2501 1466 2605 populcl⁸),
1496 2510 1669 2584 excitavit
1697 2511 1840 2586 animes

668 2629 835 2708 omnium
862 2629 899 2704 iu
924 2627 1049 2704 odium
1082 2628 1180 2725 regis
1211 2635 1249 2703 et
1278 2627 1450 2721 tiliorum,
1482 2634 1519 2704 et
1543 2629 1639 2705 lacte
1665 2630 1840 2724 tumultu,

668 2750 853 2844 Tarquinii
878 2747 1009 2844 privati
1039 2754 1126 2821 suut
1155 2767 1281 2844 regne.
1311 2748 1390 2824 Rex
1421 2749 1469 2824 ab
1498 2749 1663 2824 exercitu
1689 2749 1840 2825 veniens

667 2871 823 2946 Romam
853 2868 1001 2966 reperiit
1026 2874 1152 2963 portas
1176 2869 1338 2962 clausas3
1360 2869 1497 2944 Brutus
1522 2891 1588 2965 per
1613 2870 1721 2946 aliam
1740 2871 1839 2945 riam

668 2987 897 3088 pervenitad
923 2988 1128 3064 exercitum
1146 3009 1259 3084 quem
1279 2989 1425 3066 reduxit
1448 2988 1495 3064 ad
1521 2989 1676 3066 Romam
1705 2990 1841 3066 libera·

669 3117 744 3186 tam
769 3131 792 3184 a
816 3129 857 3184 se
881 3129 1009 3184 amara
1033 3107 1221 3183 servitute.
1244 3110 1351 3184 Nunc
1369 3115 1426 3184 est
1448 3109 1676 3184 redeundum
1694 3111 1741 3184 ad
1758 3110 1840 3186 lite·

668 3253 773 3306 ram:
804 3229 889 3304 dicit
921 3229 1146 3304 iustinianus
1170 3229 1298 3304 Danti:
1331 3233 1440 3302 Erat
1467 3233 1547 3327 prael
1569 3233 1630 3304 cte
1659 3235 1720 3326 sel,
1752 3231 1839 3306 illud

666 3353 813 3450 signum
839 3351 984 3444 aquilae,
1009 3353 1073 3424 dul
1088 3353 1162 3424 mat
1176 3353 1263 3424 delle
1279 3351 1416 3426 Satine.
1434 3351 1500 3426 illc
1525 3357 1611 3426 uota
1637 3353 1737 3448 quod
1761 3356 1838 3427 Au-

667 3471 836 3570 gustinus
847 3471 894 3546 de
906 3471 1059 3547 Ciuitate
1074 3472 1140 3546 Dei
1153 3471 1304 3546 damnat
1323 3473 1393 3548 hcc
1410 3472 1565 3566 iactum;
1581 3480 1703 3549 tamen
1720 3495 1834 3550 excu-

668 3592 742 3668 sari
772 3613 877 3688 posse
908 3591 1064 3686 videtur,
1091 3593 1179 3688 quia
1210 3613 1256 3667 en
1291 3593 1509 3668 necessitate
1541 3594 1678 3670 lactum
1709 3603 1774 3691 est,
1798 3603 1838 3672 et

668 3712 755 3808 quia
784 3711 921 3786 sabinae
954 3732 1025 3786 ncn
1057 3711 1104 3786 ad
1133 3711 1370 3807 adulterium,
1395 3713 1459 3788 sed
1488 3713 1535 3788 ad
1562 3715 1837 3792 matrimonium

668 3839 782 3929 raptae
807 3837 904 3925 sunt,
930 3833 1096 3906 aldolor
1119 3835 1424 3943 denunciant
1449 3832 1508 3908 lric
1532 3841 1619 3910 nuta
1644 3836 1742 3930 qued
1761 3837 1839 3912 llu-

667 3953 835 4052 gustinus
852 3943 888 4046 (⁶)
913 3951 974 4027 ubi
1000 3973 1112 4048 supra
1130 3953 1365 4028 commendat
1389 3955 1599 4030 Lucretiam
1616 3977 1638 4030 a
1656 3955 1839 4051 pudicitia,

667 4079 705 4150 et
729 4073 852 4168 culpat
877 4073 925 4148 ab
950 4072 1144 4166 occisione,
1169 4073 1256 4166 quia
1281 4072 1446 4149 alienum
1467 4073 1611 4149 crimen
1636 4075 1778 4170 punivit
1802 4076 1839 4150 iu

668 4215 709 4270 se
733 4193 943 4270 innocente:
969 4192 1130 4290 assignat
1155 4200 1280 4270 tamen
1304 4215 1454 4270 musam
1481 4215 1600 4290 quare
1619 4216 1661 4271 se
1690 4196 1841 4272 interie-

730 4367 757 4429 Γ)
773 4365 804 4416 Β.
815 4365 935 4429 iugulata
951 4367 1030 4427 panea
1046 4377 1152 4428 ponere.

730 4439 758 4504 (Ἴ
774 4442 806 4492 Ε.
822 4443 890 4492 idem
911 4441 1004 4492 Sextus
1018 4442 1131 4492 obtinuit
1151 4442 1222 4506 quod
1243 4442 1357 4503 optabat.
1377 4443 1439 4494 Post
1455 4443 1506 4495 hcc
1521 4444 1644 4494 Larentia
1660 4445 1740 4497 tristia
1754 4448 1841 4498 atatim

667 4532 715 4584 per
724 4520 846 4570 nuntium
856 4519 952 4569 rocetta
963 4524 1036 4582 patra
1051 4525 1078 4570 et
1088 4520 1191 4578 marito,
1202 4519 1284 4569 ltrnto
1294 4519 1393 4570 utlteet
1402 4526 1431 4570 et
1440 4520 1554 4580 Valeria,
1565 4521 1678 4572 breviter
1687 4528 1745 4586 pent
1754 4525 1841 4574 omnin

667 4597 730 4648 dlxlt
745 4597 783 4646 eis
798 4595 868 4660 quod
884 4609 980 4658 corpus
996 4594 1121 4646 rtolutum
1137 4595 1223 4646 iuerat
1238 4599 1265 4646 et
1281 4609 1334 4646 nnn
1348 4598 1458 4646 animun.

729 4671 757 4736 (¹)
773 4672 804 4723 Ε.
821 4672 923 4722 sibimet
939 4672 1061 4736 gladium.
1323 4671 1351 4736 ι’)
1369 4671 1400 4724 E.
1415 4675 1556 4738 anguinea
1571 4675 1665 4724 endem
1680 4674 1842 4726 mimblllter.

730 4748 758 4811 (⁸)
774 4747 805 4799 B.
822 4747 927 4811 pupule.
935 4749 985 4798 troc
995 4748 1111 4799 facinore
1119 4747 1241 4798 arturit
1250 4749 1351 4798 aalma·
1360 4749 1479 4800 emnium
1489 4751 1515 4799 tn
1526 4751 1616 4800 mlum
1628 4751 1761 4814 Tarquinii
1773 4752 1841 4814 regia

667 4827 769 4878 romunt
779 4830 806 4875 et
816 4825 946 4886 tiliorum
962 4830 990 4876 et
1006 4825 1077 4876 tacte
1092 4825 1216 4882 tumultu.
1228 4825 1361 4890 Tarquinii
1371 4825 1419 4888 lpcl
1429 4839 1520 4877 emuna
1530 4841 1611 4890 regnu
1622 4827 1714 4890 privati
1725 4827 1840 4878 ineram.

667 4903 730 4956 past
740 4915 799 4965 qun
812 4915 859 4951 rex
870 4901 924 4964 ipae
934 4903 1093 4966 Tarquinius
1103 4903 1208 4954 rentem
1217 4903 1251 4954 atr
1260 4904 1376 4954 enemim
1388 4903 1498 4954 Ιῑοωιω
1510 4905 1616 4968 reperiit
1626 4911 1713 4967 portu
1725 4904 1838 4964 chau:

668 4980 845 5030 Brutumnero
862 4990 908 5040 per
924 4977 1000 5028 ullam
1017 4980 1085 5029 vtum
1103 4979 1220 5041 peruenit
1234 4979 1269 5030 ad
1282 4979 1428 5030 exercitum
1442 4992 1522 5044 qoem
1537 4979 1642 5030 reduxit
1656 4979 1776 5030 Romam.

731 5054 760 5119 Γ)
776 5053 807 5106 Β.
824 5053 946 5117 prolatus
962 5054 1132 5120 Augustinus.
