4342 6692
749 907 890 965 caurus
914 909 1057 964 paruus.
1414 896 1484 964 ³17

315 1053 467 1151 inguine
479 1052 584 1147 inira,
597 1062 635 1128 ct
647 1055 819 1150 precibus
834 1055 992 1130 deorum
1010 1053 1240 1129 marinorum
1258 1054 1353 1129 lotas
1368 1053 1489 1150 primo

315 1175 432 1248 multa
456 1195 555 1268 aqua
572 1173 671 1248 dulci
688 1172 886 1250 duriorum
904 1173 1020 1250 tactus
1037 1181 1093 1248 est
1109 1173 1200 1249 deus
1217 1173 1384 1248 marinus
1402 1194 1487 1247 ma-

315 1300 391 1368 tata
416 1293 453 1367 in
484 1293 615 1369 melias
640 1293 740 1369 omni
766 1293 885 1390 prima
910 1294 1041 1391 ligura.
1068 1294 1144 1368 llac
1170 1293 1273 1369 brevi
1298 1291 1486 1390 praemissa

317 1414 459 1509 labella,
477 1434 576 1489 nunc
600 1414 801 1509 considera,
820 1415 946 1509 lector,
965 1422 1145 1510 quantum
1172 1414 1267 1490 bene
1285 1433 1489 1510 repraeseu-

318 1541 371 1610 tet
396 1540 557 1609 mentem
582 1533 696 1609 nostri
721 1534 885 1611 autoris:
910 1555 997 1609 nam
1022 1534 1184 1609 Glaucus
1209 1534 1366 1628 piscator
1392 1532 1489 1630 tigu-

318 1653 444 1728 raliter
469 1660 525 1728 est
550 1660 657 1750 poeta
678 1655 823 1749 Denter,
842 1653 907 1749 qui
922 1653 984 1728 diu
1007 1652 1129 1728 luerat
1146 1653 1303 1749 piscatus
1328 1653 1365 1727 in
1389 1673 1487 1747 aqua

317 1772 511 1848 interciet
536 1773 750 1869 purgatorii,
776 1779 814 1848 et
837 1772 986 1848 tandem
1012 1780 1232 1869 pervenerat
1261 1773 1308 1848 ad
1337 1778 1487 1869 pratum

318 1894 452 1986 virens,
478 1893 542 1968 ubi
568 1913 759 1987 nunquam
786 1895 907 1969 luerat
931 1893 1024 1968 alius
1049 1901 1168 1990 poeta,
1189 1893 1325 1969 scilicet
1349 1893 1396 1968 ad
1422 1909 1488 1986 pa-

318 2013 480 2088 radisum
506 2012 733 2108 deliciarum,
754 2020 792 2089 et
811 2014 860 2089 ibi
887 2022 1077 2109 tamquam
1104 2013 1260 2110 piscator
1286 2002 1403 2088 bonus
1421 2031 1489 2106 po-

317 2141 444 2208 suerat
467 2134 633 2210 nominer
658 2141 784 2230 captos
817 2154 989 2210 sermone
1017 2154 1099 2228 suo,
1125 2133 1190 2229 qui
1206 2126 1242 2227 (¹)
1269 2133 1353 2208 lacti
1377 2131 1487 2225 avidi,

314 2259 461 2350 gustata
487 2275 583 2328 nova
608 2255 736 2349 herba,
761 2254 853 2330 idest
878 2253 1055 2348 doctrina,
1077 2274 1163 2349 quae
1188 2254 1382 2348 hucusque
1407 2251 1488 2326 lue-

317 2380 376 2448 rat
395 2373 566 2449 inviolata
592 2385 630 2452 ct
654 2374 801 2484 intacta,
820 2375 1051 2450 intraverunt
1076 2393 1200 2466 mare3
1218 2377 1255 2448 et
1272 2372 1348 2467 ipse
1368 2392 1487 2446 novus

315 2492 476 2568 Glaucus
501 2494 627 2570 relicta
654 2501 753 2570 terra
779 2515 885 2570 more
909 2493 1037 2570 Glauci
1062 2493 1180 2568 lactus
1205 2497 1261 2568 est
1283 2491 1402 2587 primo
1427 2511 1487 2566 se·

317 2612 473 2707 mideus,
494 2619 532 2688 et
551 2614 658 2708 plene
682 2621 718 2690 et
744 2615 904 2710 perfecte
921 2615 1016 2690 lotus
1040 2613 1137 2688 dulci
1162 2635 1260 2708 aqua
1286 2611 1483 2687 lioviorum

316 2732 473 2827 paradisi
498 2733 713 2808 deliciarum
739 2733 856 2810 iactus
880 2740 936 2808 est
961 2734 1052 2808 deus
1076 2733 1114 2807 ia
1141 2752 1275 2830 magno
1302 2730 1396 2806 mari
1421 2751 1486 2826 pa-

317 2852 424 2927 radisi
450 2873 536 2927 cum
562 2854 641 2928 aliis
666 2856 781 2930 beatis
806 2860 948 2928 mumta
974 2853 1093 2928 torma
1120 2852 1247 2949 primae
1277 2857 1420 2926 naturae
1447 2857 1485 2926 et

316 2973 418 3067 vitae3
444 2980 481 3047 et
506 2974 569 3047 nbi
596 2994 708 3070 parva
736 2974 819 3048 navi
844 2976 1022 3048 hactenus
1038 2978 1185 3068 ceperat
1204 2971 1320 3068 pisces
1339 2991 1485 3066 parvos,

316 3091 415 3168 nunc
441 3113 526 3167 cum
544 3113 681 3189 magno
698 3092 854 3190 nauigio,
875 3092 967 3168 idest
990 3092 1065 3166 alto
1090 3091 1236 3189 ingenio
1253 3090 1364 3165 intrat
1383 3110 1486 3164 mare

316 3233 507 3309 magnum,
533 3213 636 3307 idest,
663 3213 881 3310 profundam
912 3212 1118 3306 materiam,
1147 3211 1184 3286 in
1213 3232 1288 3306 quo
1313 3209 1409 3307 capit
1434 3209 1488 3306 pi·
1525 3219 1527 3224 '

317 3351 397 3407 soes
428 3353 593 3429 magnos,
624 3333 717 3408 idest
745 3333 912 3408 homines
940 3332 1131 3428 sapientes,
1162 3329 1255 3406 sicut
1289 3329 1365 3425 ipse
1403 3349 1489 3424 pro-

317 3457 474 3527 testatur
488 3443 526 3545 (²)
554 3451 592 3527 in
617 3451 792 3549 principio
816 3451 963 3547 capituli
987 3449 1139 3526 secundi
1163 3449 1358 3544 εεεεεεῑίε.
1384 3449 1489 3548 Nunc

314 3569 361 3645 ad
392 3570 536 3646 literam
567 3571 653 3646 dicit
682 3578 812 3645 autor:
842 3591 913 3668 ego
940 3571 1087 3664 Ileates,
1117 3573 1166 3643 mi
1193 3571 1241 3664 fei
1269 3571 1320 3642 tol
1348 3571 1487 3660 durno,

315 3689 463 3785 scilicet,
485 3690 682 3784 intellectu,
700 3689 787 3786 quia
812 3690 849 3763 in
869 3708 1024 3786 corpore
1049 3693 1215 3762 mutatus
1240 3708 1313 3764 aon
1339 3694 1405 3783 est,
1430 3690 1490 3762 nal

189 3883 202 3912 0
314 3831 380 3884 suo
415 3817 564 3904 ocpetto,
596 3810 702 3904 idest,
737 3811 775 3884 in
811 3809 1018 3905 aspectione
1054 3807 1244 3902 Beatricis,
1275 3811 1361 3902 qual
1390 3810 1423 3880 si
1451 3811 1488 3902 se

318 3931 464 4020 Glauco,
481 3929 638 4026 piscator
655 3929 830 4021 marinus,
848 3931 906 4001 nol
926 3934 1051 4018 postu
1074 3927 1257 4017 dcll’erbo,
1284 3925 1423 4000 insolita
1449 3931 1487 4000 et

317 4048 484 4143 mirabili,
510 4053 569 4123 cte
593 4052 619 4123 ’l
650 4053 687 4144 se
715 4057 876 4124 consorte
899 4050 992 4140 dcpli
1015 4049 1101 4120 altri
1124 4049 1180 4120 dei
1202 4051 1240 4119 in
1266 4067 1374 4138 mor;
1400 4063 1485 4139 quae

315 4169 430 4244 herba
461 4169 544 4244 tecit
581 4190 669 4244 eum
701 4169 913 4266 participem
941 4165 1135 4241 divinitatis
1168 4171 1206 4240 et
1234 4163 1487 4239 immortalita-

316 4289 370 4363 tis.
391 4329 441 4344 -
464 4295 718 4364 Trusumcnor.
748 4290 813 4363 llic
842 4293 949 4383 poeta
981 4285 1233 4382 superextollit
1261 4284 1355 4358 hanc
1379 4301 1485 4358 suam

317 4408 522 4485 mirabilem
554 4408 909 4500 transmutationem,
940 4426 1025 4502 quac
1058 4425 1131 4480 non
1164 4409 1283 4499 poten
1314 4422 1486 4478 sermone

315 4528 500 4624 explicari,
519 4549 588 4603 nec
612 4527 691 4602 dari
717 4526 823 4602 alteri
839 4525 1006 4622 intelligi;
1024 4530 1062 4599 et
1077 4523 1125 4598 ad
1141 4523 1251 4596 huius
1268 4521 1381 4596 literae
1398 4521 1486 4596 satis

315 4648 485 4724 obscurae
501 4648 785 4724 declarationem
799 4655 855 4721 est
867 4646 986 4742 primo
1004 4642 1371 4739 praesupponendum,
1385 4642 1486 4738 quod

314 4769 464 4854 nullam.
484 4768 621 4842 animal
648 4768 684 4841 in
710 4788 837 4842 rerum
859 4771 991 4840 natura
1009 4770 1152 4840 tantum
1175 4762 1310 4838 recedit
1326 4769 1365 4838 et
1381 4764 1485 4838 elon-

379 5027 408 5092 θ)
423 5031 446 5088 l,
463 5027 610 5092 quistatim
627 5027 697 5079 tacti.
945 5021 974 5087 (¹)
989 5029 1014 5086 t,
1032 5029 1150 5076 teruntur.
