4342 6692
630 912 769 967 caurus
794 912 986 967 possmus
1010 912 1181 969 ocrnvus.
1425 902 1492 971 173

320 1069 396 1136 ster
422 1066 546 1135 movet
571 1058 812 1154 quaestionem
828 1050 864 1150 (¹)
892 1056 990 1131 venti
1015 1063 1052 1132 et
1076 1079 1197 1153 aqnae,
1218 1080 1304 1133 cum
1322 1060 1491 1136 videatur

319 1179 539 1277 impossibile
576 1198 642 1274 per
680 1184 863 1253 naturam.
889 1176 982 1251 Dicit
1011 1198 1122 1275 ergo:
1156 1182 1310 1271 Dtss’to,
1336 1180 1384 1254 illi
1421 1182 1489 1257 do-

318 1301 439 1394 minae,
459 1303 619 1392 inqua,
632 1298 742 1394 juxta
759 1318 872 1392 qnam
890 1317 1033 1391 sumus,
1057 1301 1114 1372 e't
1128 1320 1216 1372 soon
1235 1301 1327 1374 detto
1342 1304 1490 1394 forestu,

318 1421 420 1514 idest,
446 1424 578 1494 ventus
602 1418 726 1514 sylvae,
752 1417 816 1511 qui
842 1416 954 1510 spirat
978 1424 1016 1493 et
1041 1418 1159 1512 quatit
1187 1419 1350 1514 arbores,
1375 1424 1490 1513 impu-

316 1560 416 1632 pnan
438 1541 563 1612 decoro
587 1559 612 1610 a
636 1558 691 1610 me
714 1539 851 1610 noocttn
873 1540 965 1630 sede,
991 1536 1094 1633 idest,
1118 1550 1252 1614 novam
1278 1539 1487 1615 aviditatem

317 1660 463 1755 sciendi,
489 1663 528 1735 di
558 1680 643 1733 cosa
673 1660 772 1731 ct'io
795 1660 879 1751 ndt',
905 1658 1051 1753 scilicet,
1077 1681 1189 1756 supra
1219 1682 1241 1735 a
1271 1661 1395 1757 Statio,
1427 1684 1490 1741 cae

316 1780 431 1877 pitulo
449 1782 542 1875 XXI,
568 1781 752 1854 contrariu
776 1800 801 1852 α
824 1786 944 1872 possm
958 1771 1007 1872 (²).
1029 1780 1081 1853 lbi
1108 1781 1204 1854 enim
1227 1781 1316 1855 dixit
1341 1782 1488 1878 Statius,

317 1901 416 1995 quod
449 1901 549 1975 nulla
586 1898 776 1995 impressio
813 1898 910 1973 aeris
946 1898 1056 1974 tiebat
1085 1920 1108 1973 a
1142 1907 1247 1995 porta
1284 1902 1489 1998 purgatorii

315 2043 446 2117 supra3
472 2020 554 2096 ideo
579 2040 678 2095 nnnc
703 2020 785 2115 plus
810 2019 1015 2093 mirabatur
1040 2018 1086 2094 de
1111 2027 1222 2095 vento
1255 2028 1292 2096 et
1320 2043 1418 2117 aqua
1451 2022 1488 2096 in

316 2142 510 2217 cacumine
542 2140 686 2234 montis,
712 2160 825 2234 qnam
862 2140 970 2234 paulo
1000 2145 1085 2214 ante
1118 2140 1164 2215 de
1195 2142 1271 2215 risu
1300 2141 1487 2217 Mathildis.

266 2256 269 2266 “
316 2264 361 2337 Et
380 2262 501 2337 subdit
519 2261 793 2357 responsionem
810 2259 998 2354 llathildis,
1017 2282 1101 2355 quae
1118 2261 1237 2356 primo
1258 2262 1433 2358 promittit
1446 2253 1485 2355 (⁸)

317 2382 536 2457 solutionem
562 2380 673 2474 dubii,
691 2380 833 2454 diceus:
851 2383 1027 2471 ond’ettn,
1047 2381 1186 2476 supple,
1212 2380 1302 2456 dirit
1324 2382 1423 2475 mihi,
1445 2388 1488 2455 nt

317 2505 453 2579 laceret
478 2522 540 2577 me
565 2506 767 2575 attentum:
792 2502 828 2573 to
852 2493 970 2574 dmerd
995 2522 1091 2575 come
1115 2494 1168 2575 oid
1193 2505 1245 2575 clt'
1257 2505 1434 2577 ammiror
1459 2504 1485 2575 tt

313 2627 406 2719 socc,
431 2622 578 2716 scilicet,
604 2627 736 2695 ventus
765 2627 804 2695 et
835 2642 944 2715 aqua,
972 2626 1126 2713 procede
1149 2644 1218 2715 per
1246 2642 1313 2695 nco
1343 2625 1483 2716 capion,

315 2764 389 2819 non
406 2742 564 2817 naturali
577 2730 628 2834 (⁸),
652 2763 672 2813 e
682 2734 863 2834 papias
879 2744 917 2813 tu
931 2741 1068 2833 modio,
1084 2741 1188 2835 idest,
1206 2740 1401 2816 dissolvam
1420 2762 1486 2815 ne-

314 2862 441 2937 bulam
458 2860 685 2957 ignorantie,
703 2862 763 2933 cle
779 2864 805 2933 o·
816 2862 918 2950 fiodo,
936 2859 1037 2953 idest,
1052 2860 1135 2935 ierit
1152 2867 1189 2935 et
1206 2860 1363 2955 percutit
1380 2880 1486 2936 men-

315 2990 391 3057 tem
416 2988 519 3055 tuam
545 2980 797 3074 admiratione,
822 2978 926 3074 quasi
947 2980 1060 3053 dicat:
1082 2980 1177 3053 sicot
1199 3000 1272 3055 vor
1298 2980 1484 3074 prophete

313 3109 432 3201 potest
458 3102 658 3177 dissolvere
688 3107 725 3175 et
755 3100 1006 3175 distenebrare
1038 3106 1146 3174 tuum
1182 3099 1404 3174 intellectum
1439 3097 1486 3173 de

314 3244 389 3299 uua
414 3243 456 3297 re
483 3220 649 3316 mirabili,
670 3220 721 3294 ita
738 3241 809 3294 vox
836 3240 920 3294 mea
936 3218 1195 3295 distenebrabit
1213 3219 1330 3315 ipsum
1349 3217 1396 3293 de
1412 3218 1483 3293 alia

274 3355 280 3366 '
313 3362 356 3418 ro
380 3362 454 3417 uon
481 3342 603 3414 minus
629 3338 795 3413 mirabili.
810 3343 921 3411 -Lo
945 3358 1089 3412 sommo.
1120 3339 1185 3413 llio
1217 3338 1393 3413 Mathildis
1418 3359 1485 3412 vo·

311 3465 391 3539 lens
415 3463 560 3538 solvere
585 3462 700 3557 ipsam
726 3460 966 3555 questionem
992 3460 1116 3554 incipit
1146 3480 1277 3555 parum
1308 3480 1330 3533 a
1360 3458 1480 3554 longe,

311 3583 506 3659 ostendens
532 3600 649 3676 qnare
674 3586 712 3654 et
736 3580 782 3654 ad
808 3600 919 3674 quem
943 3578 1053 3654 linem
1075 3579 1193 3654 lactus
1214 3584 1268 3653 est
1294 3578 1396 3653 locus
1413 3577 1482 3653 iste

312 3703 390 3777 sine
414 3702 537 3796 aliqua
562 3699 777 3775 alteratione
803 3699 971 3773 naturali.
1001 3697 1105 3774 Unde
1135 3698 1239 3773 dicit:
1268 3702 1317 3771 Lo
1346 3716 1480 3770 sommo

311 3828 417 3914 Betae,
443 3821 588 3916 scilicet,
614 3821 725 3914 Deus,
751 3822 810 3893 cte
834 3824 910 3893 soto
934 3841 1010 3892 csso
1035 3841 1060 3891 a
1083 3841 1120 3893 se
1139 3822 1255 3912 piore
1274 3818 1360 3913 quia
1382 3819 1482 3893 solus

311 3942 410 4017 Deus
438 3962 479 4017 se
512 3941 620 4035 videt,
655 3960 696 4014 se
728 3939 894 4036 intelligit
923 3946 961 4013 et
992 3938 1178 4035 cognoscit
1208 3939 1378 4034 perfecte,
1410 3940 1484 4030 soce

311 4064 441 4153 tuum,
466 4062 613 4155 scilicet,
638 4060 754 4134 Adam
780 4067 818 4135 et
842 4060 968 4154 Evam,
994 4060 1123 4150 morso,
1140 4058 1340 4153 simplicem
1358 4066 1395 4135 et
1420 4079 1481 4133 re-

311 4189 412 4258 ctum
438 4182 476 4256 in
501 4187 598 4256 statu
623 4179 849 4272 innocentie,
884 4179 1028 4270 adone,
1054 4179 1156 4271 idest,
1182 4176 1366 4253 adfinem
1392 4178 1482 4253 bea·

312 4301 482 4396 titudinis,
518 4325 537 4375 e
561 4303 659 4375 diade
683 4306 800 4393 questo
824 4303 913 4392 loco,
942 4298 1086 4390 scilicet,
1120 4295 1329 4393 paradisum
1363 4303 1482 4373 terre-

311 4427 437 4515 strem,
463 4442 488 4493 n
518 4424 580 4513 tui,
612 4418 758 4513 scilicet,
789 4417 876 4492 lde
908 4425 945 4493 et
978 4419 1077 4509 Evae,
1097 4438 1167 4510 per
1192 4438 1284 4490 arro
1313 4420 1347 4490 d’
1360 4426 1480 4491 otono

307 4533 414 4634 poce,
433 4540 537 4634 idest,
553 4560 622 4635 pro
639 4545 743 4635 parte
759 4536 916 4613 ooelestis
933 4536 1120 4612 felicitatis.
1139 4539 1183 4612 Et
1200 4537 1258 4611 hic
1276 4544 1362 4612 nom
1378 4538 1476 4632 qnod

310 4658 419 4756 primi
444 4664 614 4753 parentes
630 4658 716 4733 satis
734 4677 907 4755 magnam
926 4656 1132 4731 felicitatem
1153 4656 1345 4751 habebant,
1367 4658 1477 4732 etiam

372 4890 401 4954 (¹)
417 4894 472 4949 ¹¹⁷,
488 4890 657 4953 pontionem
673 4888 793 4941 Mathtldl
809 4890 879 4940 circa
895 4889 1023 4953 originem
1038 4889 1109 4939 venti
1125 4894 1152 4939 et
1168 4902 1250 4953 aque.

372 4966 400 5030 (')
415 4966 447 5016 Ε.
462 4971 557 5032 wo.
572 4964 599 5017 Sl
615 4967 685 5018 enim
700 4966 774 5017 dixit.
981 4965 1012 5030 θ)
1024 4966 1055 5017 Ε.
1072 4966 1199 5030 promisit.

373 5043 401 5105 (¹)
415 5043 447 5095 E.
462 5056 515 5094 nou
531 5043 694 5096 naturaliter.
1019 5044 1026 5061 '
