4342 6692
693 873 764 941 300
1084 887 1287 943 COMENTUM
1313 888 1479 942 rrnuorsr

690 1032 786 1106 niter
810 1037 1046 1127 exponentes,
1067 1031 1165 1126 quod
1183 1051 1248 1127 per
1273 1033 1457 1106 Bacchum
1475 1029 1766 1127 poeta-intelligit
1782 1028 1863 1105 clo·
1890 1046 1902 1064 ·

690 1153 891 1248 quentiam,
918 1173 1003 1247 quae
1028 1154 1221 1246 bucusque
1246 1152 1390 1228 suffecit
1414 1152 1505 1246 sibi3
1532 1172 1631 1228 nunc
1653 1160 1777 1226 autem
1805 1151 1862 1225 in-

690 1273 790 1371 diget
814 1275 987 1369 sapientia
1013 1295 1098 1368 quae
1123 1295 1189 1369 per
1209 1274 1411 1369 Apollinem
1429 1273 1622 1369 figuratur.
1644 1273 1714 1348 Sed
1730 1278 1862 1368 parcat

692 1395 780 1469 mihi
801 1394 1007 1470 reverentia
1020 1394 1148 1468 talirrm
1164 1394 1368 1488 sapientum
1384 1393 1447 1487 qui
1461 1413 1593 1468 ronam
1614 1392 1859 1470 ratiunculam

691 1514 889 1608 adducunt,
908 1513 1080 1607 dicentes,
1106 1513 1205 1608 quod
1231 1513 1357 1586 vinum
1376 1513 1459 1588 iacit
1485 1513 1649 1610 linguam
1667 1513 1860 1608 disertam,

693 1655 779 1708 nam
813 1635 893 1708 talis
926 1634 1135 1728 eloquentia
1169 1640 1325 1709 nonest
1357 1634 1565 1728 artificialis,
1596 1653 1664 1709 nec
1697 1641 1863 1710 meretur

692 1754 852 1828 laudem.
871 1753 959 1828 bico
976 1772 1067 1849 ergo
1084 1752 1182 1847 quod
1196 1775 1262 1849 per
1279 1753 1535 1848 Apollinemet
1547 1755 1735 1830 Bocchum
1753 1760 1863 1828 autor

690 1873 857 1971 intelligit
871 1895 987 1948 unum
1006 1880 1044 1949 et
1060 1873 1234 1949 eumdem
1252 1874 1364 1949 deum
1386 1875 1455 1948 sub
1473 1874 1624 1950 diversis
1642 1873 1860 1968 nominibus,

690 1995 786 2069 sicut
809 1993 955 2068 curiose
978 1999 1017 2067 et
1041 1993 1188 2088 copiose
1212 1995 1439 2068 demonstrat
1463 1993 1667 2070 Macrobius
1687 1993 1780 2069 libro
1796 1993 1862 2067 Sa·

690 2115 905 2208 turnalium,
930 2113 993 2187 ubi
1018 2113 1106 2188 dicit
1129 2113 1224 2188 inter
1252 2113 1324 2190 alia
1355 2114 1483 2209 multa,
1514 2114 1613 2209 quod
1645 2114 1698 2189 sol
1730 2133 1862 2189 cursus

690 2236 880 2310 stellarum
911 2240 949 2309 et
977 2233 1143 2310 ordinem
1174 2254 1302 2308 rerum
1335 2236 1584 2309 humanarum
1617 2236 1677 2310 vel
1707 2233 1861 2329 disponit

552 2393 556 2398 .
692 2357 751 2431 vel
777 2355 971 2452 significat3
998 2354 1080 2429 ideo
1106 2365 1224 2449 poetae
1248 2355 1400 2430 effectus
1425 2356 1509 2430 solis
1541 2355 1663 2431 varios
1692 2356 1762 2430 sub
1796 2375 1862 2430 no-

692 2475 800 2550 mine·
816 2475 1048 2550 diversorum
1074 2474 1230 2549 deorum
1258 2481 1489 2550 notaverunt.
1516 2475 1706 2550 Potissime
1735 2481 1861 2562 autem

691 2595 767 2670 duo
786 2595 933 2670 uomina
950 2595 1157 2668 attribuunt
1173 2595 1252 2689 soli,
1269 2595 1414 2689 scilicet,
1433 2595 1633 2691 Apollinem
1652 2601 1689 2670 et
1705 2595 1863 2670 liberum

692 2717 898 2790 Bacchum:
925 2717 1041 2790 solem
1068 2715 1216 2810 quidem
1243 2723 1377 2792 vocant
1392 2716 1607 2812 Apollinem,
1625 2716 1663 2792 in
1679 2723 1859 2811 quantum

691 2834 847 2909 iufundit
871 2835 1097 2910 intellectum
1123 2835 1307 2931 sapientiae
1333 2837 1517 2911 mentibus
1542 2837 1863 2932 hominum313ac-

691 2957 801 3030 cbum
821 2975 923 3050 vero,
944 2955 981 3029 iu
997 2962 1177 3051 quantum
1204 2956 1373 3052 producit
1390 2957 1542 3032 ellectus
1564 2977 1691 3033 rerum
1710 2962 1864 3034 natura·

691 3075 793 3148 lium.
824 3077 929 3163 Quod
956 3083 1083 3151 autem
1109 3077 1236 3173 Apollo
1257 3084 1295 3152 et
1321 3077 1485 3152 Bacchus
1510 3077 1555 3151 sit
1580 3097 1677 3152 unus
1702 3085 1739 3155 ct
1765 3078 1861 3154 idem

689 3195 782 3271 deus
807 3197 938 3292 probat
961 3197 1166 3273 llacrobius
1196 3217 1263 3294 per
1296 3197 1629 3274 manifestissimum
1661 3219 1862 3296 argumen-

689 3321 782 3410 tum,
817 3316 963 3390 dicens:
995 3317 1095 3412 quod
1124 3318 1253 3393 Beotii
1273 3318 1477 3393 Parnasum
1514 3324 1677 3393 montem
1707 3319 1860 3414 Apollini

689 3442 945 3510 consecratum
966 3444 1228 3531 memorantes,
1247 3437 1356 3512 simul
1376 3445 1500 3512 tamen
1518 3437 1555 3512 in
1572 3439 1701 3514 eodem
1721 3447 1759 3514 et
1775 3461 1861 3516 ora·

690 3556 817 3630 culum
843 3555 1051 3650 delphicum
1077 3563 1115 3631 et
1139 3557 1330 3651 speluncas
1355 3557 1546 3632 bacchicus
1579 3557 1643 3632 uni
1674 3559 1744 3636 deo
1776 3581 1865 3636 con-

540 3775 544 3782 ·
640 3680 643 3687 '
690 3682 851 3750 socratas
877 3676 1017 3770 colunt;
1045 3675 1143 3751 unde
1167 3676 1319 3772 Apollini
1346 3683 1384 3752 et
1408 3677 1523 3751 libero
1549 3677 1642 3773 patri
1668 3679 1706 3752 in
1731 3681 1861 3756 eodem

691 3802 818 3870 monte
842 3815 903 3869 res
927 3794 1048 3870 divina
1073 3796 1295 3891 celebratur,
1318 3797 1417 3892 quod
1436 3802 1591 3872 testatur
1610 3797 1729 3874 Varro
1746 3805 1782 3874 et
1802 3798 1861 3874 alii

690 3915 822 4010 multi3
839 3915 938 3990 unde
954 3915 1122 4011 Orpbeus
1139 3937 1244 3992 sacer
1261 3923 1369 4012 pocta
1386 3916 1423 3991 iu
1440 3918 1554 3993 sacris
1570 3918 1780 3994 liberalibus
1797 3919 1861 3994 de-

690 4041 871 4110 monstrat
886 4035 1043 4110 liberum
1059 4043 1199 4131 patrem
1220 4043 1257 4112 et
1274 4038 1388 4111 solem
1403 4057 1483 4112 esse
1497 4059 1614 4111 unum
1633 4045 1671 4114 et
1687 4039 1859 4114 eumdem

634 4179 636 4184 ·
689 4154 821 4230 deum:
848 4156 1013 4232 similiter
1029 4156 1202 4255 Virgilius
1219 4158 1256 4230 in
1272 4157 1465 4254 probemio
1482 4157 1760 4254 Georgicorum.
1777 4159 1861 4234 ldeo

689 4275 785 4350 bene
808 4277 897 4371 petit
921 4276 1020 4370 qood
1045 4276 1122 4372 ipse
1144 4277 1207 4372 qui
1223 4277 1322 4353 dedit
1338 4277 1405 4352 sibi
1425 4279 1536 4352 vitam
1554 4279 1616 4354 det
1632 4279 1858 4374 sapientiam.
1882 4299 1883 4303 ‘
1914 4291 1918 4300 ’

688 4436 738 4450 -
754 4401 879 4470 Enoc.
906 4397 971 4473 llic
1001 4399 1137 4474 Dentes
1170 4399 1341 4494 implorat
1376 4399 1611 4496 singulariter
1642 4421 1858 4494 supremum

688 4516 852 4592 savorem
880 4517 1061 4612 Apollinis,
1079 4525 1117 4594 et
1136 4519 1225 4615 petit
1246 4525 1288 4592 ut
1305 4519 1470 4593 infundat
1489 4519 1658 4614 spiritum
1677 4519 1862 4615 sapientiae

601 4685 605 4690 ·
687 4635 725 4711 in
751 4656 838 4711 eum
859 4637 1123 4732 perfectissimo
1144 4637 1265 4732 modo,
1290 4638 1384 4712 sicut
1405 4637 1494 4713 olim
1512 4638 1667 4714 ostendit
1685 4638 1860 4715 virtutem

690 4758 875 4854 sapientiae
899 4779 978 4833 suae
1007 4769 1135 4835 contra
1168 4759 1367 4853 quemdam
1398 4780 1535 4835 vanum
1569 4759 1783 4856 superbum.
1807 4759 1861 4835 Ad

690 4879 796 4954 cuius
830 4878 883 4952 rei
916 4877 1189 4976 intelligentiam
1229 4885 1373 4974 oportet
1406 4879 1593 4974 praescire,
1630 4878 1728 4974 quod
1765 4879 1860 4953 banc

690 4997 872 5072 fictionem
901 4997 1015 5093 tangit
1038 4998 1188 5073 Ovidius
1209 4999 1393 5074 succincte
1418 4999 1464 5073 Vl
1488 4998 1643 5092 MaioriS,
1670 4999 1734 5074 sed
1752 4998 1859 5073 dillu-
