4342 6692
755 905 893 960 caurus
918 905 1102 960 summus.
1440 895 1509 962 tot

339 1047 375 1122 in
400 1049 470 1124 bac
502 1050 621 1125 torma
650 1049 932 1125 sententialiter:
958 1070 981 1123 o
1006 1049 1167 1124 salvator
1192 1049 1513 1145 superilluminans

338 1168 464 1244 beatas
487 1169 629 1244 animas
654 1169 808 1246 istorum
835 1171 1015 1245 coeiorum
1041 1168 1159 1266 gloria
1182 1175 1267 1263 tua3
1290 1169 1376 1246 dicit
1400 1189 1512 1268 ergo:

338 1297 525 1364 oraretur
549 1295 643 1364 Deus
676 1310 829 1384 osanna,
857 1290 960 1384 idest,
986 1289 1157 1384 salvifica,
1184 1292 1348 1382 Sabaott,
1375 1309 1513 1364 nomen

339 1409 527 1486 bebraeum
555 1418 611 1486 est
636 1410 735 1504 quod
760 1410 1023 1506 interpretatur
1039 1409 1218 1487 Dominus
1235 1411 1415 1485 virtutum
1434 1409 1512 1483 sive

338 1529 581 1624 exercituum,
599 1533 895 1624 sopettassero,
910 1530 1012 1625 idest,
1033 1531 1353 1626 superilluminans
1368 1523 1418 1623 (¹),
1435 1533 1510 1603 cto-

337 1652 440 1722 mae
463 1657 536 1740 toa,
562 1649 664 1743 idest,
694 1650 834 1725 lumine
867 1650 995 1747 gloriae
1022 1633 1108 1744 tuae,
1135 1653 1250 1744 sedeas
1275 1653 1390 1745 ipses,
1409 1649 1509 1743 idest,

337 1771 478 1846 animas
502 1770 673 1846 ardentes
698 1789 828 1846 amore
853 1777 929 1865 tuo,
955 1773 1080 1846 borum
1097 1771 1511 1865 manumissurus

338 1911 423 1966 rum
445 1910 667 1988 regnorum3
694 1897 731 1966 et
756 1899 811 1966 est
828 1891 994 1966 similiter
1015 1911 1152 1966 nomeu
1169 1892 1405 1985 hebraicum3
1424 1912 1509 1966 narn
1589 1925 1593 1932 ·

336 2011 428 2086 liber
456 2032 587 2108 regum
604 2011 776 2086 hebraice
791 2010 924 2087 dicitur
941 2011 1129 2086 Malacbin.
1148 2014 1192 2086 Et
1209 2013 1330 2087 subdit
1346 2013 1508 2086 subitum

338 2153 524 2208 recessum
559 2131 655 2207 illius
688 2139 725 2207 et
757 2131 958 2227 sociarum,
992 2132 1136 2208 dicens:
1171 2140 1204 2205 ct
1238 2154 1330 2224 esso,
1362 2132 1509 2223 scilicet,

335 2253 459 2327 anima
484 2253 655 2348 gloriosa,
680 2274 700 2326 e
725 2256 865 2344 tetta
891 2253 985 2328 sicut
1001 2253 1202 2328 substantia
1221 2253 1349 2328 Romei
1366 2261 1404 2327 et
1420 2252 1511 2327 aiio-

336 2393 421 2446 rum
447 2373 642 2468 spirituum
668 2373 889 2466 activorum,
914 2394 1070 2447 mosscro
1101 2395 1126 2446 a
1155 2392 1222 2445 suo
1246 2376 1381 2465 dunzo,
1406 2373 1510 2466 idest

337 2493 383 2568 ad
397 2485 434 2584 (¹)
463 2493 675 2588 tripudium,
702 2493 807 2588 quasi
831 2492 942 2568 dicat:
969 2498 1162 2588 coeperunt
1185 2493 1327 2568 moveri
1353 2493 1508 2567 circula·

337 2613 436 2705 riter,
463 2613 526 2705 qui
553 2621 675 2686 motus
692 2613 876 2708 perfectus
894 2619 949 2687 est
967 2612 1137 2708 proprius
1156 2613 1402 2706 perfectarum
1420 2613 1509 2687 sub

336 2732 565 2827 standarum,
588 2757 619 2824 e,
637 2737 738 2825 omri
762 2735 970 2808 velocissime
991 2735 1125 2828 saeida
1154 2753 1245 2827 quas
1265 2734 1344 2828 jam
1366 2732 1509 2807 vocavit

337 2855 451 2951 ignee,
477 2857 526 2926 mi
548 2857 580 2926 ri
604 2857 738 2947 velare,
766 2853 868 2946 idest,
897 2859 1128 2928 recesserunt
1147 2853 1195 2927 ab
1213 2852 1328 2927 oculis
1351 2852 1455 2945 uncie,
1472 2855 1510 2926 dt

335 2975 447 3047 subita
471 2977 647 3066 diemaro,
673 2974 852 3071 elongatae
879 2973 999 3048 subito
1031 2995 1053 3048 a
1084 2992 1146 3047 me
1169 2972 1263 3046 sicut
1288 2972 1417 3046 iaviiiae
1442 2993 1509 3067 per

335 3113 473 3168 aerem.
488 3099 601 3166 -Io.
628 3094 693 3168 Hic
718 3099 825 3187 poeta
852 3093 966 3190 tangit
992 3113 1099 3167 suam
1128 3090 1398 3187 dispositionem
1428 3099 1509 3187 post

337 3232 523 3288 recessum
549 3213 751 3306 iustiniani,
777 3213 863 3307 quia
890 3213 1065 3286 remansit
1082 3212 1120 3286 in
1141 3211 1275 3287 ardore
1300 3211 1509 3287 declarandi

336 3332 382 3407 de
408 3353 482 3407 uno
507 3331 619 3406 dubio
643 3331 742 3425 quod
762 3333 841 3427 jnm
870 3338 995 3408 mente
1019 3338 1238 3426 conceperat
1255 3351 1301 3406 er
1319 3352 1395 3406 uno
1411 3332 1508 3406 dicto

335 3451 430 3527 iilius
455 3451 611 3546 spiritus.
638 3451 730 3524 Dicit
756 3471 846 3548 ergo
880 3457 917 3526 et
947 3451 1048 3548 fingit
1078 3452 1237 3546 poetice:
1262 3455 1298 3525 io
1327 3453 1505 3546 dubitem

335 3573 372 3645 in
397 3571 533 3666 animo,
559 3593 578 3644 e
602 3574 721 3646 dicem
746 3573 839 3662 dide,
865 3573 957 3662 dille,
983 3571 1086 3664 idest,
1108 3571 1166 3645 dic
1185 3591 1327 3665 secure,
1346 3593 1509 3667 propone

335 3692 575 3784 quaestionem
601 3698 724 3786 tuam3
755 3699 791 3766 et
822 3691 952 3786 repetit
981 3691 1028 3764 ad
1058 3691 1238 3765 maiorem
1264 3690 1507 3785 affectionem,

335 3834 353 3882 e
378 3814 497 3884 dices:
521 3814 615 3902 dide,
636 3815 701 3905 [να
726 3832 792 3902 mc,
818 3811 913 3884 intra
931 3830 996 3884 cor
1015 3830 1154 3904 meum,
1176 3813 1250 3884 otto
1275 3814 1349 3882 mio
1371 3813 1506 3902 dorosa,

336 3930 481 4025 scilicet,
507 3931 675 4018 Beatrici‚
700 3933 759 4004 cte
784 3933 832 4002 mi
856 3932 995 4020 dissetu,
1022 3928 1125 4022 idest,
1157 3929 1248 4003 tollit
1277 3930 1364 4003 mibi
1397 3930 1505 4024 sitim,

335 4050 436 4144 idest,
462 4050 683 4126 desiderium
710 4049 908 4124 dubiorum
936 4069 1120 4142 meorum,
1145 4069 1212 4122 cors
1236 4052 1268 4122 te
1292 4053 1383 4124 dolor·
1404 4053 1505 4141 stlte,
1558 4144 1560 4147 Ι

335 4169 437 4264 idest,
462 4168 586 4266 guttis,
612 4169 717 4264 quasi
741 4169 847 4263 dicat,
875 4169 996 4244 verbis
1028 4169 1105 4242 suis
1135 4169 1358 4244 dulcioribus
1383 4171 1503 4245 melle.

335 4289 378 4362 Et
394 4287 516 4363 subdit
541 4309 759 4363 succursum
787 4294 1019 4383 expectatum
1037 4289 1134 4364 iiiios
1152 4289 1187 4363 in
1205 4289 1311 4364 cuius
1329 4295 1506 4384 potestate

334 4410 455 4485 iuerat
487 4410 535 4485 ab
567 4411 643 4505 ipsa
678 4393 851 4505 pueritia,
883 4409 1024 4484 dicens:
1061 4430 1122 4484 mo
1153 4412 1267 4501 quella
1300 4431 1506 4502 reveresco,
1595 4502 1601 4516 x

335 4531 437 4624 idest,
464 4529 668 4604 reverenda
693 4549 839 4624 semper
866 4529 953 4602 mibi
978 4529 1137 4623 domina,
1161 4532 1220 4603 cte
1244 4533 1444 4604 sindonna
1466 4532 1506 4603 dr·

308 4654 417 4724 'tutto
443 4671 510 4740 mc,
536 4649 637 4744 idest,
664 4670 748 4745 quae
774 4649 813 4724 iit
838 4649 875 4724 in
901 4655 1018 4724 totum
1052 4649 1200 4724 domina
1237 4651 1320 4746 mei,
1346 4651 1433 4746 quia
1457 4650 1505 4726 ab

336 4771 436 4847 initio
461 4777 590 4865 captus
613 4792 695 4845 sum
722 4791 852 4846 amore
878 4771 957 4846 eius
982 4771 1129 4865 quando
1155 4771 1277 4847 adbuc
1302 4773 1505 4850 vocabatur

952 4909 1157 4916 .—-—.-.---....
1181 4911 1185 4915 .
1199 4908 1503 4918 -—....-—.-—--....

380 4913 424 5020 Ι(’)
441 4957 472 5009 E.
489 4911 716 5021 superilluminans
731 4960 828 5010 animas
844 4959 938 5019 beatas,
953 4959 1076 5010 ctoritate.

398 5033 426 5096 (²)
443 5035 474 5086 E.
489 5035 521 5085 sd
537 5047 615 5086 suum
631 5037 782 5100 tripudium.
