4342 6692
666 875 710 941 18
1026 889 1230 945 censuum
1254 889 1474 945 aunuumnu

663 1033 725 1108 sed
752 1033 863 1107 etiam
889 1033 926 1106 in
952 1035 1134 1128 omnibus,
1160 1041 1203 1108 ut
1234 1055 1307 1108 uon
1340 1033 1525 1108 immerito
1556 1033 1602 1108 sit
1631 1033 1834 1129 appellatus

664 1153 769 1228 simia
795 1153 944 1251 Virgilii.
971 1157 1014 1228 Et
1039 1155 1222 1230 concludit
1239 1154 1375 1228 Statius
1392 1137 1674 1228 immensitatem
1695 1153 1835 1227 amoris

665 1295 778 1367 quem
804 1275 931 1349 babuit
960 1295 1107 1370 semper
1138 1275 1184 1348 ad
1208 1272 1415 1370 Virgilium,
1439 1271 1581 1348 dicens:
1608 1275 1834 1346 easseudrci

663 1415 712 1466 un
736 1398 820 1484 sote,
846 1396 948 1490 idest,
976 1416 1091 1470 unum
1110 1416 1250 1484 aunum
1276 1395 1447 1488 solarem,
1463 1389 1528 1486 piri
1543 1396 1643 1466 clt'io
1658 1415 1731 1466 ooo
1749 1397 1836 1484 dep-

664 1519 737 1606 qio,
771 1517 965 1609 plusquam
990 1516 1144 1590 debeam
1164 1515 1274 1610 juste
1300 1533 1420 1609 poenae
1452 1534 1557 1607 meae,
1583 1518 1622 1587 ul
1645 1517 1715 1587 mco
1741 1517 1836 1588 mcor

666 1639 703 1709 di
727 1637 856 1728 baudo,
885 1636 987 1729 idest,
1013 1635 1060 1709 de
1084 1635 1194 1709 exilio
1218 1634 1432 1731 purgatorii,
1461 1655 1527 1727 per
1551 1656 1646 1707 esser·
1661 1639 1776 1708 cincto
1795 1635 1838 1708 dt

666 1746 715 1846 ld,
741 1755 887 1848 scilicet,
913 1755 948 1827 in
975 1755 1114 1828 mundo
1130 1754 1242 1828 istius
1264 1753 1428 1848 uirentis,
1447 1757 1590 1846 quaudo
1607 1757 1695 1828 uisse
1720 1757 1837 1845 Virgi-

666 1879 734 1968 liu;
760 1876 864 1968 quasi
884 1875 980 1949 dicat
1000 1876 1154 1948 Statius:
1172 1895 1244 1970 ego
1260 1875 1391 1949 vellem
1409 1875 1456 1949 de
1473 1883 1580 1970 pacto
1597 1883 1696 1950 stare
1711 1874 1832 1949 adbuc

665 2015 894 2088 perannum
921 1994 958 2066 in
985 1994 1209 2090 purgatorio,
1236 1983 1274 2069 et
1306 1993 1417 2068 luisse
1447 1993 1510 2068 illo
1541 2001 1708 2088 tempore
1739 1994 1835 2068 ielici

664 2114 742 2188 sub-
759 2115 936 2210 Augusto,
963 2136 1037 2208 quo
1052 2112 1090 2206 (¹)
1116 2114 1247 2188 claruit
1272 2113 1452 2208 Virgilius.
1567 2193 1572 2197 ,

747 2238 874 2308 Volser.
893 2237 963 2308 lsta
985 2241 1039 2310 est
1056 2243 1188 2329 quarta
1210 2243 1248 2310 et
1274 2235 1401 2308 ultima
1423 2256 1509 2330 pars
1527 2235 1686 2330 capituli,
1705 2235 1741 2309 in
1760 2257 1834 2329 qua

665 2362 772 2450 poeta
811 2355 967 2429 ostendit
1000 2355 1157 2448 qualiter
1195 2355 1271 2450 ipse
1306 2355 1549 2429 manilestavit
1567 2348 1605 2448 (¹)
1646 2356 1834 2452 Virgibum

666 2475 791 2570 Statio,
818 2476 880 2569 qui
907 2483 982 2550 tam
1011 2476 1126 2549 multa
1145 2476 1351 2549 contulerat
1371 2495 1458 2548 cum
1477 2475 1626 2571 Virgilio
1639 2466 1677 2567 (³)
1694 2476 1742 2550 de
1757 2477 1838 2572 ipso

668 2595 816 2692 Virgilio
842 2617 914 2671 uon
941 2615 1165 2692 cognosceus
1185 2615 1283 2670 eum.
1302 2596 1346 2667 Et
1363 2595 1483 2689 primo
1502 2595 1657 2670 ostendit
1678 2595 1836 2688 qualiter

668 2715 839 2812 Virgilius
865 2715 1079 2811 imposuerit
1091 2705 1128 2807 (⁸)
1156 2715 1220 2788 sibi
1238 2716 1435 2809 silentium,
1452 2715 1516 2790 sed
1533 2715 1609 2810 ipse
1629 2737 1702 2789 non
1720 2717 1837 2810 potuit

668 2836 857 2912 continere
881 2857 922 2910 se
947 2857 968 2910 a
996 2836 1084 2909 risu.
1117 2835 1161 2908 Et
1189 2835 1235 2908 ad
1267 2835 1523 2909 declarandam
1554 2836 1659 2908 istam
1694 2837 1836 2910 literam

668 2958 801 3032 sortem
829 2963 884 3032 est
909 2957 1028 3050 primo
1063 2955 1277 3049 notandum,
1304 2957 1401 3049 quod
1433 2957 1624 3051 appetitus,
1656 2957 1749 3031 alius
1782 2965 1839 3032 est
1896 2942 1900 2950 ’

668 3078 918 3171 intellectivus,
945 3076 1038 3150 alius
1063 3075 1274 3150 sensitivus:
1297 3082 1334 3149 et
1359 3075 1562 3170 sensitivus,
1580 3077 1672 3149 alius
1692 3085 1747 3152 est
1764 3077 1838 3152 ira·

669 3197 810 3290 scibilis
831 3195 925 3270 alius
941 3195 1247 3290 concupiscibilis:
1266 3202 1303 3269 et
1320 3196 1371 3270 sic
1387 3195 1578 3292 gaudium,
1596 3197 1696 3288 quod
1714 3203 1841 3271 osten-

669 3309 816 3409 ditur(⁵)
846 3337 911 3412 per
936 3317 1051 3389 risum
1085 3316 1247 3410 procedit
1277 3316 1324 3389 ab
1355 3316 1516 3410 appetitu
1548 3316 1839 3411 concupiscibili3

670 3445 707 3512 et
733 3439 898 3531 plauctus
923 3437 987 3530 qui
1014 3445 1186 3510 movetur
1211 3456 1277 3530 per
1303 3436 1473 3510 iniuriam
1505 3437 1669 3532 procedit
1692 3438 1740 3511 ab
1765 3438 1843 3512 ira·

671 3557 801 3631 scibili:
829 3563 865 3632 et
890 3555 1001 3630 ambo
1027 3555 1081 3628 isti
1109 3555 1288 3651 appetitus
1305 3561 1391 3628 suut
1410 3557 1457 3630 de
1471 3559 1635 3657 potentia
1657 3559 1839 3653 sensitiva,

671 3684 708 3751 et
732 3679 825 3752 alter
850 3677 1017 3770 sequitur
1042 3676 1211 3749 alterum.
1239 3676 1283 3747 Et
1307 3676 1488 3771 appetitus
1509 3676 1750 3751 intellectirus
1776 3677 1840 3778 qui

672 3805 727 3870 est
752 3796 932 3889 voluutas,
950 3803 987 3870 et
1007 3817 1073 3890 per
1098 3816 1210 3888 quem
1229 3797 1420 3891 regulatur
1433 3797 1614 3891 appetitus
1633 3798 1840 3893 sensitivus,

671 3938 744 3990 nou
771 3936 916 4010 semper
940 3923 996 3990 est
1021 3923 1149 4010 potens
1173 3937 1283 4009 supra
1301 3917 1527 4008 sensitivum,
1545 3917 1633 4010 quia
1650 3938 1723 3993 nou
1740 3939 1842 3993 sem·

671 4057 737 4132 per
764 4037 942 4110 irascibile
966 4043 1004 4110 et
1028 4035 1306 4129 concupiscibile
1322 4036 1444 4110 obedit
1465 4037 1609 4129 rationi,
1627 4037 1703 4112 sive
1728 4037 1842 4114 ratio-

671 4157 743 4231 nali
771 4156 958 4251 voluntati,
977 4177 1062 4249 quae
1082 4163 1137 4230 est
1157 4177 1265 4229 suum
1286 4155 1565 4230 tundamentum
1588 4157 1624 4231 in
1642 4156 1839 4233 intellectu.

671 4275 714 4350 Et
732 4278 801 4350 boc
818 4283 873 4350 est
891 4276 988 4369 quod
1006 4278 1085 4349 vult
1102 4275 1225 4350 dicere
1241 4276 1345 4351 litera
1363 4275 1422 4350 bic
1438 4277 1587 4369 quando
1599 4285 1706 4372 poeta
1718 4286 1844 4354 osten·

670 4397 721 4472 dit
747 4397 845 4490 quod
871 4405 998 4472 contra
1026 4398 1120 4471 velle
1145 4395 1293 4491 Virgilii,
1319 4396 1411 4470 idest
1440 4397 1600 4491 rationis,
1626 4399 1844 4479 sensualitas

672 4539 739 4591 sua
765 4517 861 4590 risit:
889 4523 925 4591 et
945 4517 1028 4590 dicit
1046 4515 1146 4609 quod
1164 4516 1309 4590 imitans
1326 4523 1496 4590 naturam
1518 4518 1721 4593 secundum
1740 4541 1845 4594 com-

673 4637 879 4732 plexionem
906 4637 1125 4729 naturalem,
1152 4637 1333 4731 appetitus
1358 4636 1551 4712 sensitirus
1573 4639 1694 4713 minus
1721 4640 1862 4716 obedit¹

735 4863 762 4926 (¹)
779 4867 834 4924 ¹¹⁷,
850 4865 961 4927 quando.
1439 4866 1467 4926 ς’)
1485 4869 1540 4927 ur,
1555 4867 1767 4917 mmmmm.

735 4939 762 5000 (¹)
779 4939 809 4991 Ε.
827 4953 889 4989 cum
905 4941 1015 5004 Virgilio
1032 4955 1083 4992 non
1100 4954 1257 5004 cognoscem
1272 4955 1342 4991 eum.
1440 4943 1468 5004 (·)
1484 4943 1514 4993 E.
1531 4943 1661 5005 imposuit.

737 5015 764 5079 (⁸)
781 5015 811 5065 E.
827 5016 971 5067 ostenditur
987 5017 1091 5080 quurmo
1107 5017 1215 5077 ridetur,
1232 5017 1297 5066 idest
1313 5029 1360 5080 per
1375 5016 1467 5068 riarum.
