4342 6692
659 877 797 936 muros
822 879 1014 935 rrousruus
1039 880 1201 936 nunnus.
1453 869 1498 938 59

327 1020 418 1096 Dicit
442 1041 550 1122 erpo:
571 1028 616 1098 Et
636 1025 672 1098 io
694 1045 718 1098 α
738 1026 806 1100 tut:
822 1026 961 1122 supple,
979 1024 1065 1118 dixi,
1086 1047 1109 1098 o
1128 1030 1271 1118 Furere,
1294 1029 1501 1118 dumam

326 1163 398 1218 runo
421 1164 487 1218 son
512 1147 595 1218 volti
618 1146 768 1238 infiooo
788 1149 847 1244 qut
870 1149 920 1222 do
943 1149 1022 1238 poet
1045 1140 1094 1236 di,
1112 1145 1261 1240 scilieet,
1285 1147 1424 1243 mortis,
1441 1151 1500 1223 uei

325 1266 411 1360 punt
433 1268 574 1340 mutasti
598 1268 728 1340 mondo
753 1287 778 1338 o
803 1269 944 1358 miptior
968 1271 1060 1360 uitu;
1078 1265 1182 1362 qnasi
1203 1266 1317 1342 dicat:
1336 1275 1376 1341 tu
1396 1289 1500 1344 mor-

325 1388 413 1460 tuus
437 1405 477 1458 es
497 1385 578 1480 jam
595 1385 698 1480 quasi
717 1386 880 1484 quinque
897 1386 1001 1463 annis
1019 1386 1160 1482 elapsis,
1173 1385 1310 1462 scilicet
1325 1386 1363 1460 in
1382 1387 1498 1466 mille·

325 1501 418 1581 sium
432 1503 683 1582 ducentesimo
696 1505 934 1604 nonagesimo
948 1513 1052 1582 sexto
1065 1531 1075 1601 3
1091 1508 1159 1582 hoo
1173 1507 1435 1607 praesupposito
1445 1499 1496 1601 (¹),

324 1643 420 1700 come
451 1627 499 1698 ιε’
522 1631 558 1699 tu
588 1632 712 1700 ocuuto
742 1647 856 1700 oncor
890 1627 929 1702 di
959 1646 1043 1722 quo,
1074 1626 1121 1701 ad
1154 1647 1287 1702 rernm
1320 1632 1497 1723 purgato-

327 1743 435 1838 rium,
460 1766 497 1819 se
530 1748 566 1818 to
591 1766 702 1838 possa
726 1748 784 1822 dei
802 1767 931 1840 peccor
953 1741 1013 1840 ptri
1035 1751 1076 1842 [ιι
1098 1749 1212 1841 finito,
1242 1746 1279 1820 in
1305 1747 1493 1842 voluptate

325 1865 434 1962 gulae,
460 1863 520 1939 cni
546 1885 692 1962 semper
717 1865 859 1942 servisti
886 1887 1004 1961 usqne
1028 1867 1075 1942 ad
1100 1874 1271 1958 mortem,
1290 1869 1409 1960 primo
1435 1869 1496 1940 ote
1595 1931 1601 1950 ,

324 1987 519 2060 mouisse
544 1988 648 2059 iuro
672 1989 731 2060 dei
753 1987 844 2062 buon
868 1989 986 2080 dolor,
1000 1985 1147 2080 scilicet,
1167 1987 1399 2080 poenitentiae,
1412 1991 1495 2062 ct'e

325 2107 395 2184 Dio
419 2127 463 2178 oe
486 2109 665 2198 nnumin,
692 2106 794 2200 idest,
822 2105 1047 2200 reconciliat;
1073 2112 1190 2180 otest
1215 2106 1384 2204 proprius
1412 2127 1494 2190 mo,-

324 2224 393 2300 dns
418 2226 601 2323 loquendi.
627 2225 757 2305 Arima
790 2226 886 2304 enim
921 2225 1110 2320 meretrix,
1136 2245 1220 2319 quae
1245 2232 1495 2303 recesseratis

324 2345 400 2421 Deo
429 2346 670 2423 adulterando
702 2368 788 2424 cum
820 2345 944 2422 multis
976 2345 1106 2446 procis,
1137 2345 1413 2442 reconinngitnr
1444 2347 1493 2422 ilii

323 2464 481 2559 petendo
506 2465 715 2562 suppliciter
740 2466 900 2560 veniam,
926 2463 1030 2560 qnasi
1056 2464 1169 2540 dicut:
1197 2463 1226 2539 si
1256 2474 1404 2559 peccata
1430 2472 1493 2540 tna

323 2583 424 2679 prius
449 2585 666 2670 dimiserunt
690 2593 727 2662 te
752 2607 864 2682 qnam
898 2593 937 2658 tn
970 2584 1041 2680 illa,
1069 2585 1255 2680 quomodo
1288 2605 1361 2659 non
1386 2605 1428 2660 es
1451 2592 1489 2660 tu

322 2725 409 2784 cum
443 2706 522 2782 aliis
556 2707 627 2782 tuis
656 2707 878 2799 concivibus,
903 2706 1054 2798 Casella,
1087 2705 1238 2799 Bitaqua
1269 2712 1307 2780 et
1339 2706 1494 2780 talibus?

323 2824 424 2902 Unde
449 2825 556 2900 dicit:
590 2829 625 2900 io
650 2829 675 2900 ti
698 2827 825 2900 cretica
850 2833 974 2900 uooor
1000 2816 1036 2898 tri
1060 2820 1121 2918 piri
1145 2828 1183 2898 di
1206 2832 1308 2915 sotto,
1333 2824 1371 2899 in
1395 2825 1492 2900 anti-

321 2945 537 3044 purgatorio
562 2953 749 3022 errantem
775 2947 871 3024 cirea
892 2954 1068 3040 montem,
1086 2966 1151 3017 oue
1167 2953 1279 3039 tempo
1292 2967 1360 3039 per
1379 2954 1491 3040 tempo

321 3069 353 3142 si
376 3069 523 3160 ηἰιονα,
553 3067 639 3164 quie
666 3074 766 3143 tanto
792 3075 959 3164 tempore
984 3071 1103 3140 statur
1127 3071 1249 3159 extra·
1273 3073 1412 3159 quanto
1437 3066 1492 3142 di·

322 3185 395 3262 lata
420 3193 475 3262 est
500 3187 721 3282 poenitentia.
748 3189 792 3262 Et
819 3187 876 3264 hic
901 3192 988 3262 nota
1013 3186 1113 3280 qnod
1138 3192 1246 3280 poeta
1263 3194 1387 3260 noster
1406 3186 1492 3262 iacit

322 3305 415 3381 hanc
441 3307 650 3402 petitionem
679 3315 719 3382 nt
746 3307 868 3384 veniat
891 3307 938 3384 ad
966 3328 1081 3380 unum
1114 3326 1223 3380 sunm
1251 3305 1489 3400 propositum,

322 3434 363 3504 nt
387 3427 510 3502 statim
535 3428 681 3524 patebit.
707 3428 800 3518 Quia
817 3427 914 3502 enim
934 3447 1031 3522 saepe
1048 3426 1186 3502 iecerat
1202 3425 1426 3500 mentionem
1445 3425 1491 3506 de

321 3548 519 3626 tlorentinis
544 3549 619 3626 suis
644 3557 683 3624 et
708 3548 801 3625 vitiis
832 3567 977 3641 eorum,
1010 3547 1092 3622 ideo
1122 3567 1220 3622 nnnc
1250 3553 1394 3641 captata
1424 3567 1491 3644 op-

321 3671 544 3766 portunitate
568 3671 669 3746 acuit
693 3671 828 3766 stylum
855 3689 966 3744 suum
992 3675 1120 3743 contra
1147 3667 1320 3742 mulieres
1345 3689 1489 3744 eornm.

320 3829 369 3846 -
382 3795 427 3864 Et
449 3792 525 3882 epti.
552 3789 618 3864 Hic
643 3797 751 3886 poeta
776 3790 876 3885 ponit
902 3787 1176 3886 responsionem
1203 3788 1338 3862 Foresii
1362 3788 1409 3863 ad
1434 3808 1487 3882 se,

320 3909 382 4004 qui
404 3909 564 3986 breviter
580 3909 676 4004 dicit,
694 3908 792 4005 qnod
810 3907 1019 3984 intercessio
1039 3907 1165 3982 uxoris
1181 3927 1260 3980 suae
1279 3907 1386 3982 citius
1403 3907 1487 3986 iecit

319 4048 408 4110 euru
433 4029 641 4106 ascendere.
667 4029 722 4104 nd
748 4028 845 4124 quod
871 4028 1057 4104 sciendum
1080 4028 1179 4122 quod
1199 4027 1369 4102 Foresius
1392 4049 1488 4123 prae·

320 4147 415 4226 fatus
440 4149 568 4224 habuit
593 4149 628 4224 in
652 4149 723 4225 viia
742 4170 855 4224 unam
874 4169 1030 4224 uxorem
1048 4169 1170 4241 suam,
1187 4148 1246 4222 cni
1268 4168 1402 4224 nomen
1419 4148 1488 4225 init

320 4269 457 4362 nnena,
484 4269 616 4344 mulier
641 4269 789 4364 quidem
808 4269 928 4344 sobria
953 4277 989 4342 et
1012 4268 1156 4364 pudica,
1174 4289 1259 4364 qnae
1279 4276 1488 4364 temperan-

321 4395 377 4464 ter
402 4388 491 4462 vixit
510 4409 598 4464 cum
615 4389 683 4463 isto
700 4389 843 4490 guloso,
860 4389 918 4463 oui
939 4389 1095 4464 habebat
1111 4409 1258 4485 semper
1279 4410 1487 4486 preparare

319 4511 471 4591 delicata
496 4510 643 4606 cibaria,
661 4511 698 4586 in
716 4531 791 4604 quo
810 4511 926 4608 magis
942 4511 1059 4586 virtus
1076 4511 1156 4585 eins
1175 4511 1314 4585 enituit
1333 4511 1378 4584 iu
1393 4511 1488 4586 sicut

319 4631 354 4704 in
381 4631 456 4707 rita
481 4653 686 4729 numquam
708 4631 875 4709 cessabat
891 4651 1068 4708 revocare
1085 4652 1172 4708 eum
1194 4631 1243 4708 ab
1259 4651 1389 4706 errore
1405 4652 1487 4725 suo,

317 4749 370 4832 ita
392 4758 474 4850 pust
499 4758 656 4826 mortem
685 4771 888 4848 numquam
915 4749 1071 4826 cessarit
1094 4771 1205 4826 orare
1221 4771 1288 4846 pro
1307 4770 1377 4845 eo;
1399 4771 1484 4830 cum

380 5011 408 5076 (t
423 5009 449 5064 t
465 5012 605 5078 oppon.
