4342 6692
685 905 756 975 302
1076 918 1280 974 counnrunr
1306 919 1473 973 rnnnnrsr

682 1064 727 1139 ad
757 1066 887 1141 urbem
906 1063 1069 1141 Gaianas
1088 1063 1250 1140 adduxit,
1266 1064 1485 1158 exercitum,
1502 1063 1609 1164 cuins
1635 1063 1771 1138 moenia
1800 1063 1858 1136 in-

683 1185 820 1260 terlinit
844 1186 1007 1282 Marsyas
1030 1183 1150 1260 amnis
1180 1175 1353 1259 sabulosis
1384 1185 1600 1259 Graecorum
1632 1183 1857 1259 carminibus

683 1307 850 1402 inclytus.
876 1305 1000 1379 Livius
1025 1313 1149 1381 tamen
1175 1304 1384 1401 dicitquod
1409 1305 1606 1380 Menander
1637 1311 1692 1381 est
1726 1305 1857 1378 ssnvins

684 1427 833 1522 grandis
863 1425 1075 1523 navigabilis
1101 1433 1206 1500 ortus
1235 1447 1282 1500 ex
1318 1447 1465 1502 summa
1497 1446 1584 1500 arce
1610 1413 1853 1518 Celaenarum,

684 1567 769 1656 quae
785 1545 971 1640 quondam
990 1545 1059 1619 luit
1083 1551 1196 1641 caput
1212 1545 1380 1642 Phrygia
1398 1551 1434 1620 et
1454 1547 1614 1642 Marsyas
1634 1544 1763 1639 amnis,
1784 1565 1855 1618 non

533 1706 536 1710 ⁸
684 1668 794 1762 longe
818 1687 840 1740 a
867 1665 1052 1740 Menandri
1079 1665 1239 1740 lontibus
1264 1667 1398 1760 oriens,
1416 1665 1452 1739 in
1479 1666 1719 1741 Menandrum
1740 1664 1854 1759 cadit;

683 1792 722 1860 et
738 1787 837 1861 lama
854 1792 955 1860 tenet
971 1787 1153 1883 Marsyam
1170 1786 1269 1882 apud
1283 1787 1445 1861 Celaenas
1462 1793 1622 1862 certasse
1642 1806 1728 1861 cnm
1747 1784 1857 1880 Apol-

683 1907 756 1980 line
782 1906 954 1980 tibiarum
980 1912 1105 2001 cantu,
1131 1913 1169 1982 et
1194 1908 1275 2002 plus
1300 1907 1413 1982 credo
1437 1907 1539 1981 Lirio
1564 1927 1675 2002 quarn
1703 1907 1853 2000 Curti03

683 2027 782 2102 unde
806 2029 977 2102 Lucanus
997 2049 1157 2122 sequens
1177 2027 1320 2102 Livium
1339 2027 1435 2122 dicit,
1454 2026 1553 2121 qnod
1570 2029 1730 2123 Marsyas
1755 2027 1858 2102 velo-

682 2149 774 2223 citer
797 2148 1022 2224 descendens
1047 2156 1150 2224 recto
1176 2170 1287 2224 cursu
1316 2149 1427 2222 intrat
1452 2147 1691 2223 Menandrum
1714 2149 1857 2223 tlexuo·

683 2291 766 2344 sum
793 2269 909 2344 valde.
938 2269 990 2344 nd
1016 2269 1160 2345 literam
1188 2289 1279 2367 ergo
1303 2269 1389 2344 dicit
1407 2276 1537 2364 poeta:
1569 2271 1739 2362 OApolto
1756 2275 1857 2340 endu

682 2394 743 2465 net
766 2397 861 2483 petto
886 2393 970 2481 mio,
995 2389 1098 2484 idest,
1124 2408 1202 2484 cor,
1232 2395 1269 2465 et
1300 2389 1419 2485 ipsum
1453 2390 1510 2464 iac
1541 2389 1676 2482 audax,
1707 2409 1726 2461 c
1756 2390 1856 2480 spira

685 2520 752 2603 tue,
777 2531 846 2606 pro
873 2517 924 2604 tu,
951 2510 1037 2604 qnia
1064 2511 1210 2605 spiritus
1241 2509 1305 2584 ubi
1338 2511 1417 2584 rult
1451 2509 1586 2604 spirat3
1621 2508 1720 2584 unde
1750 2507 1856 2582 multi

688 2632 818 2706 volunt
842 2631 942 2724 quod
966 2639 1074 2726 pocta
1100 2631 1277 2728 intelligat
1302 2629 1360 2706 hic
1377 2631 1423 2706 do
1440 2630 1593 2726 Christo,
1614 2629 1677 2726 qui
1695 2636 1749 2705 est
1768 2651 1855 2705 vera

686 2751 863 2848 sapientia
887 2751 1024 2846 Patris3
1046 2757 1170 2827 umen
1189 2752 1292 2826 litera
1310 2772 1468 2847 sequens
1484 2750 1639 2826 ostendit
1660 2771 1727 2846 per
1750 2751 1856 2826 labu-

686 2877 772 2967 lam,
799 2873 897 2969 quod
913 2867 1034 2948 'autor
1059 2872 1234 2968 loquatur
1257 2873 1410 2969 poetice,
1435 2875 1593 2966 siccome,
1618 2873 1757 2968 supple,
1784 2871 1856 2967 spi·

684 2995 783 3089 rasti,
806 2975 942 3068 scilicet
976 2999 1051 3067 tam
1079 2994 1244 3070 valenter
1270 2999 1307 3067 et
1336 2991 1544 3087 efficaciter,
1571 2993 1857 3084 quandoaurea

684 3117 836 3207 Marcio,
865 3114 1072 3208 loquacem,
1099 3112 1278 3208 fallacem,
1300 3113 1363 3207 qui
1390 3119 1634 3208 usurpaverat
1659 3111 1724 3187 sibi
1750 3112 1855 3187 listu-

683 3235 757 3309 lam
783 3217 949 3328 Palladis'‚
982 3237 1075 3307 detta
1104 3236 1236 3324 neptun
1268 3235 1354 3307 dette
1386 3235 1541 3306 membru
1568 3254 1649 3327 sarc;
1678 3231 1781 3326 idest,
1810 3231 1857 3306 de

683 3357 788 3450 pelle,
815 3375 928 3449 qnam
964 3374 1031 3448 per
1067 3355 1233 3449 pulcram
1270 3353 1523 3456 metaphoram
1557 3352 1713 3448 appellat
1753 3351 1855 3447 ragi-

684 3495 784 3569 nam,
810 3495 896 3569 quae
920 3473 1092 3568 continet,
1118 3481 1312 3549 conservat
1336 3479 1374 3549 et
1399 3471 1556 3548 custodit
1579 3492 1743 3566 carnem,
1763 3473 1857 3546 sicut

687 3595 820 3691 ragina
850 3593 1025 3691 gladium.
1040 3597 1137 3668 -O
1167 3597 1288 3667 divino
1318 3589 1419 3667 virtut.
1449 3594 1555 3668 Nnno
1585 3599 1693 3689 poeta
1723 3593 1857 3667 Dantes

686 3722 729 3789 nt
755 3715 880 3790 reddat
907 3714 1107 3809 Apollinem
1134 3713 1331 3810 propitium
1358 3721 1395 3790 et
1420 3713 1656 3790 favorabilem
1675 3713 1742 3787 sibi
1759 3713 1854 3788 circa

684 3835 895 3932 petitionem
922 3856 1042 3929 suam,
1059 3836 1238 3931 promittit
1263 3835 1311 3909 illi
1339 3835 1690 3928 remunerationem,
1720 3833 1856 3908 scilicet

685 3956 952 4031 laureationem
979 3956 1035 4030 sni
1062 3951 1112 4049 (¹).
1137 3955 1191 4030 nd
1213 3954 1318 4030 cuius
1337 3956 1389 4030 rei
1407 3955 1689 4030 declarationem
1707 3961 1762 4029 est
1779 3956 1856 4029 ala-

684 4077 738 4151 cri
754 4075 879 4150 animo
900 4075 1221 4170 considerandum,
1247 4075 1346 4170 quod
1368 4077 1496 4149 laurus
1521 4075 1632 4149 habet
1647 4075 1693 4150 de
1711 4073 1767 4148 sni
1789 4094 1855 4148 na-

685 4203 769 4270 tura
803 4196 927 4290 plures
961 4195 1162 4270 laudabiles
1195 4196 1461 4291 proprietates:
1492 4195 1623 4291 primo,
1658 4193 1745 4290 quia
1777 4193 1855 4269 eius

685 4322 818 4391 natura
843 4322 900 4389 est
925 4315 1040 4390 calida
1066 4323 1105 4390 et
1129 4317 1235 4411 sicca,
1262 4316 1343 4392 ideo
1370 4318 1465 4392 bene
1490 4315 1663 4412 competit
1679 4315 1795 4411 poetis
1820 4322 1856 4388 et

685 4435 921 4531 principibus,
948 4436 1011 4530 qui
1037 4437 1162 4511 calore
1179 4437 1313 4534 ingenii
1331 4443 1368 4512 et
1383 4435 1497 4511 animi
1513 4435 1720 4511 avidissime
1742 4435 1855 4530 petie-

608 4657 612 4663 *
685 4563 772 4629 runt
789 4556 950 4651 laudam,
969 4555 1148 4630 honorem
1168 4563 1205 4631 ct
1221 4557 1395 4655 gloriam:
1414 4557 1587 4652 secundo,
1606 4556 1692 4651 qnia
1710 4575 1856 4651 semper

685 4676 790 4769 viret,
816 4682 854 4750 et
878 4675 928 4749 ita
954 4675 1052 4750 lama
1078 4677 1284 4772 principum
1305 4685 1343 4751 et
1362 4684 1556 4772 poetarum
1575 4697 1722 4773 semper
1738 4674 1853 4772 viget3

685 4795 761 4868 imo
785 4794 816 4868 si
841 4801 984 4869 tantum
1010 4795 1158 4872 dimidia
1184 4795 1296 4872 bacca
1321 4797 1416 4872 lauri
1441 4799 1626 4893 plantetur
1650 4793 1853 4892 germinat:

747 5054 774 5116 ζ’)
791 5055 821 5105 Ε,
838 5068 920 5106 trram.
