4342 6692
655 906 794 961 CANTUS
819 908 1011 965 vluuslllus
1034 910 1202 977 QUINTUS.
1446 904 1513 969 101

343 1049 570 1145 parationem
596 1050 793 1146 propriam,
813 1051 949 1147 dicens,
967 1054 1065 1148 quod
1091 1055 1173 1130 talis
1198 1062 1254 1132 est
1278 1063 1365 1134 tunc
1390 1058 1513 1133 anima

343 1170 381 1253 in
415 1169 573 1263 homine,
600 1171 717 1264 qualis
750 1172 871 1253 estin
901 1174 1049 1249 animali
1082 1174 1315 1271 imperfecto,
1349 1179 1444 1253 sicut
1478 1178 1515 1252 in

341 1290 542 1386 conchylio,
564 1289 663 1384 quod
683 1291 822 1365 nullam
849 1294 958 1368 habet
983 1295 1141 1369 formam
1166 1297 1434 1390 membrorum,
1451 1298 1515 1373 sed

340 1410 450 1497 babet¹
478 1410 614 1505 aliquid
648 1411 728 1486 loco
757 1412 876 1488 cordis
909 1422 946 1488 et
976 1415 1133 1508 cerebri,
1162 1423 1199 1489 et
1237 1436 1312 1492 non
1342 1422 1514 1493 movetur

341 1538 445 1617 motu
470 1531 679 1626 processivo
703 1532 750 1608 dc
784 1534 865 1609 loco
895 1535 944 1619 ad
972 1536 1108 1630 locum,
1137 1536 1202 1611 sed
1231 1543 1375 1613 tantum
1408 1544 1512 1611 motu

340 1651 556 1726 dilatationis
580 1657 617 1727 et
642 1652 905 1729 constrictionis
929 1656 1076 1749 quando
1101 1656 1210 1730 sentit
1229 1654 1366 1750 aliquid
1390 1656 1513 1743 conlef

341 1790 425 1845 reus
452 1772 509 1845 vel
535 1792 685 1865 nocens3
714 1772 811 1847 unde
837 1773 946 1849 habet
962 1775 1082 1850 solum
1100 1795 1250 1850 sensum
1273 1781 1401 1851 tactus.
1421 1776 1513 1849 Dicit

340 1912 449 1987 ergo:
475 1911 571 1964 conse
591 1894 703 1984 fungo
728 1896 882 1983 murino,
907 1894 1002 1967 sicut
1027 1902 1148 1970 ostrea
1166 1888 1226 1987 (¹);
1244 1902 1282 1969 et
1299 1900 1355 1970 cst
1374 1914 1511 1971 conve·

340 2012 442 2088 niens
465 2012 691 2107 comparatio
716 2012 841 2088 valde:
868 2021 906 2088 et
927 2019 1052 2110 postea
1071 2016 1224 2091 intendit
1247 2016 1294 2091 ad
1320 2016 1511 2093 formatio·

341 2153 424 2207 nem
452 2132 724 2225 membrorum;
750 2132 849 2207 unde
873 2132 978 2208 dicit:
997 2141 1031 2208 et
1051 2137 1127 2209 indi
1141 2138 1334 2227 imprende,
1352 2135 1454 2232 idest,
1473 2144 1511 2213 et

338 2251 467 2328 deinde
492 2251 626 2347 incipit,
651 2254 701 2327 ad
725 2272 888 2343 organur
913 2256 944 2327 te
965 2274 1080 2345 posse,
1107 2253 1199 2329 idest
1226 2254 1273 2328 ad
1302 2254 1508 2329 laciendum

281 2352 284 2357 ¹
338 2393 476 2468 organa
497 2372 664 2467 potentiis
681 2372 943 2467 corporalibus,
964 2372 1060 2447 sicut
1080 2374 1231 2458 oculum
1253 2373 1358 2467 visui,
1376 2394 1507 2449 aurem

337 2492 489 2585 auditui,
514 2488 626 2567 ond’e'
648 2499 807 2584 censente,
832 2490 935 2587 idest,
962 2514 1122 2587 quarum
1156 2493 1404 2587 potentiarum
1430 2494 1507 2588 ipsa

337 2618 391 2687 est
407 2632 546 2687 semen.
566 2614 610 2685 lit
627 2612 810 2689 concludit
826 2613 961 2687 Statius
981 2614 1020 2687 in
1039 2616 1108 2689 hac
1125 2622 1229 2708 parte
1244 2613 1369 2690 dicens
1384 2616 1506 2689 Danti:

337 2754 359 2806 o
381 2736 550 2826 figlinolo,
575 2754 619 2805 or
643 2727 831 2825 si'epiegu,
848 2754 893 2806 or
916 2737 948 2807 st
967 2736 1133 2825 distende,
1153 2734 1254 2829 idest,
1273 2755 1372 2811 nuuc
1392 2736 1508 2830 eupli-

336 2860 452 2947 catur,
479 2874 579 2929 nunc
602 2851 830 2927 declaratur:
857 2853 966 2947 quasi
986 2852 1092 2945 dicat,
1123 2873 1171 2928 ex
1200 2853 1380 2948 praedictis
1407 2875 1505 2929 nunc

338 2973 488 3062 faciliter
513 2978 623 3067 patet,
649 2976 686 3047 tu
711 2968 816 3063 nrtd,
834 2972 979 3063 scilicet,
997 2971 1092 3047 dicta
1118 2972 1235 3047 virtus
1259 2973 1506 3070 informatius,

335 3089 419 3167 clr'e
441 3096 504 3167 dat
526 3113 613 3166 onor
636 3095 694 3166 del
715 3098 917 3185 ganeone,
934 3092 1080 3185 scilicet,
1099 3094 1265 3186 masculi,
1282 3097 1382 3186 dove,
1400 3096 1504 3191 idest,

336 3214 373 3287 in
407 3234 482 3307 quo
516 3213 637 3307 corde,
667 3220 813 3304 remma,
843 3213 988 3308 scilicet,
1020 3218 1203 3307 naturate,
1232 3217 1381 3307 intende,
1411 3216 1506 3292 sicut

330 3334 409 3429 iam
427 3333 565 3408 dietum
584 3339 639 3409 est
650 3354 773 3429 supra,
786 3355 811 3406 a
831 3342 910 3407 tntte
923 3334 1092 3425 merendra,
1105 3333 1252 3429 scilicet,
1266 3337 1504 3429 procreanda.

334 3454 378 3527 Et
403 3453 461 3527 hic
487 3462 572 3529 nota
599 3456 698 3548 quod
723 3455 841 3529 virtus
866 3453 1078 3551 generativa
1105 3454 1310 3550 principalis
1325 3447 1362 3547 (²)
1387 3462 1449 3531 est
1468 3457 1506 3531 in

334 3571 457 3665 corde,
484 3580 525 3646 ut
550 3573 634 3650 dicit
658 3573 842 3666 Averrois,
868 3574 905 3648 in
937 3573 1100 3649 meando
1129 3574 1186 3647 sui
1218 3574 1414 3671 Colligeth:
1441 3578 1505 3653 sed

334 3692 421 3767 huic
437 3693 563 3767 virtuti
587 3694 774 3789 principali
795 3693 1008 3770 deserviunt
1026 3700 1156 3787 testes3
1173 3696 1361 3770 concurrit
1377 3702 1504 3773 autem

333 3832 479 3907 sperma
505 3812 650 3888 leminae
675 3814 712 3887 in
737 3812 988 3909 generatione,
1007 3834 1079 3887 non
1106 3820 1230 3889 tamen
1255 3834 1414 3911 semper,
1435 3838 1504 3893 nec

333 3932 380 4007 de
404 3933 629 4026 necessitate,
647 3933 712 4007 sed
730 3932 776 4007 ad
788 3933 1061 4027 juvamentum.
1080 3934 1142 4007 Est
1159 3933 1256 4007 enirn
1277 3956 1424 4029 sperma
1449 3937 1503 4011 ie-

334 4051 442 4127 minae
468 4050 663 4125 humiditas
689 4052 858 4146 quaedam
884 4071 1025 4145 aquosa
1050 4058 1089 4127 et
1113 4053 1345 4147 superfluitas
1376 4055 1503 4131 similis

334 4170 450 4246 urinae
475 4168 691 4245 discurrens
709 4190 774 4266 per
799 4170 1075 4246 delectationem
1098 4172 1192 4247 sicut
1212 4172 1325 4249 saliva
1351 4193 1397 4249 cx
1423 4195 1500 4251 ore.

332 4290 441 4365 Pater
461 4310 555 4387 ergo
580 4292 681 4365 solus
706 4290 768 4366 dat
792 4291 950 4365 sormam
977 4289 1060 4366 filio.

406 4416 482 4502 lla,
498 4430 594 4483 come
610 4414 645 4484 d’
659 4413 801 4484 animat.
828 4412 899 4485 lsta
925 4418 981 4486 est
1009 4411 1115 4487 tertia
1140 4432 1225 4507 pars
1256 4413 1438 4509 generalis
1462 4414 1501 4491 io

331 4550 406 4624 qua
431 4529 565 4605 Statius
591 4529 760 4605 describit
785 4529 1061 4625 productionem
1082 4531 1218 4605 animae
1239 4532 1434 4608 rationalis.
1455 4535 1500 4609 Et

327 4648 447 4745 primo
472 4649 598 4725 rolens
625 4649 858 4724 manifestare
883 4649 1063 4745 originem
1091 4650 1171 4725 eius
1197 4651 1312 4747 tangit
1335 4652 1500 4731 arduita-

329 4778 403 4845 tem
429 4768 531 4843 istius
556 4790 694 4864 passus,
722 4776 763 4843 ut
789 4768 915 4843 reddat
938 4775 1084 4864 poetam
1102 4778 1255 4844 acutum
1274 4778 1312 4847 et
1329 4792 1497 4866 praecau·

391 5025 419 5091 (¹)
437 5030 490 5087 ill,
507 5026 614 5078 hoedca.
831 5029 858 5091 t')
873 5027 906 5078 B.
922 5027 1106 5091 principaliter.
