4342 6692
699 861 772 928 272
1058 869 1263 928 counnruu
1286 873 1505 928 runoaronn

697 1018 803 1092 multi
829 1015 958 1093 famosi
982 1017 1176 1112 florentini,
1203 1018 1297 1093 sieut
1321 1015 1493 1093 dominns
1517 1017 1669 1094 Cursius
1695 1021 1867 1096 Donatus.

696 1138 801 1212 Modo
825 1138 871 1213 ad
898 1139 1125 1233 propositum
1150 1138 1235 1213 dicit
1252 1139 1397 1213 beatrix
1420 1138 1518 1232 quod
1540 1139 1699 1215 vindicta
1717 1141 1781 1216 Dei
1799 1147 1872 1218 noir

695 1259 800 1335 timet
833 1278 979 1356 suppas,
1004 1259 1110 1353 quasi
1139 1259 1245 1354 dieat,
1277 1260 1375 1354 quod
1408 1259 1510 1334 trans
1544 1261 1602 1336 vel
1634 1262 1772 1337 malitia
1799 1283 1870 1338 non

695 1380 792 1456 valet
817 1386 945 1455 contra
975 1381 1106 1474 lleurm
1139 1379 1202 1473 qui
1235 1384 1289 1455 ast
1313 1379 1437 1476 justus
1452 1374 1489 1472 (¹)
1516 1371 1632 1476 judex
1667 1389 1706 1458 et
1737 1369 1867 1458 v'lndex

695 1498 925 1576 iniuriarum.
951 1501 1043 1576 Nota
1068 1501 1180 1576 etiarn
1214 1500 1312 1595 quod
1338 1501 1399 1578 alii
1423 1501 1530 1578 aliter
1555 1510 1743 1599 exponunt
1768 1505 1864 1578 illam

696 1623 839 1698 literam
861 1623 903 1716 tir
927 1644 946 1696 e
968 1641 1042 1698 oon
1067 1618 1116 1714 εξ,
1133 1626 1170 1696 et
1194 1620 1320 1697 dicum
1345 1621 1443 1716 quod
1469 1622 1621 1698 ecclesia
1648 1644 1721 1697 non
1748 1631 1804 1698 est
1828 1624 1865 1698 in

694 1743 845 1837 antiqua
870 1741 1103 1837 dispositione
1133 1761 1212 1836 sua,
1239 1742 1333 1816 sicut
1362 1741 1430 1816 luit
1458 1749 1544 1818 ante
1578 1741 1861 1820 llacbomettum

695 1869 733 1940 et
751 1867 833 1958 post
849 1862 1082 1937 donationem
1104 1861 1345 1954 Constantini3
1371 1882 1458 1936 nam
1482 1883 1618 1938 currus
1641 1869 1729 1939 tone
1747 1870 1864 1939 trans-

695 1983 867 2058 formavit
895 2003 959 2057 se:
989 1982 1053 2056 sed
1082 1982 1150 2056 ista
1177 1981 1353 2078 expositio
1378 1981 1524 2058 videtur
1549 1983 1656 2058 nimis
1687 2005 1707 2059 a
1739 1985 1863 2081 longe:

693 2103 791 2178 unde
816 2103 922 2178 litera
948 2123 1032 2198 quae
1057 2102 1179 2177 statim
1204 2102 1372 2196 sequitur
1396 2103 1552 2179 ostendit
1572 2105 1671 2197 quod
1692 2104 1864 2200 loquatur

691 2225 739 2300 de
762 2225 921 2321 gigante.
937 2265 986 2278 -
999 2228 1090 2297 Non.
1110 2223 1174 2296 llic
1191 2223 1338 2298 Beatrix
1355 2222 1525 2298 describit
1542 2223 1579 2298 in
1596 2223 1740 2320 speciali
1758 2225 1860 2298 illum

692 2345 756 2440 qui
782 2346 947 2422 tacturus
971 2351 1027 2419 est
1051 2342 1247 2418 vindictam
1268 2342 1314 2418 de
1331 2344 1471 2418 iniuriis
1489 2344 1668 2440 ecclesiae,
1687 2349 1726 2420 et
1742 2345 1778 2418 in
1797 2345 1862 2420 ista

693 2465 811 2560 litera,
825 2484 909 2560 que
922 2464 1046 2538 moltis
1064 2463 1208 2538 videtur
1228 2463 1434 2557 fortissima,
1451 2471 1558 2559 poeta
1577 2487 1649 2540 non
1668 2467 1745 2539 volt
1765 2465 1862 2540 alind

693 2585 816 2661 dicere
841 2585 1102 2660 sententialiter
1128 2584 1164 2657 in
1190 2583 1336 2678 ellectu,
1354 2584 1421 2658 nisi
1439 2585 1538 2678 quod
1564 2607 1637 2660 non
1664 2592 1745 2680 post
1766 2587 1863 2660 mul-

691 2711 772 2778 tum
798 2703 975 2798 temporis
999 2704 1121 2779 veniet
1146 2723 1193 2779 en
1219 2704 1292 2779 alta
1314 2705 1539 2799 providentia
1557 2706 1621 2781 Dei
1638 2713 1677 2781 et
1693 2707 1789 2782 bona
1806 2707 1861 2780 in·

691 2823 842 2899 tinentia
868 2824 1056 2898 stellarum
1080 2823 1229 2917 quidam
1251 2826 1374 2920 justus
1403 2825 1570 2920 princeps
1596 2848 1772 2901 romanos
1798 2829 1859 2922 qui

693 2945 828 3020 virtute
845 2952 883 3018 et
907 2944 1077 3020 felicitate
1103 2965 1169 3018 sua
1197 2945 1410 3020 reformabit
1436 2947 1616 3022 mundum
1636 2948 1860 3024 restituendo

690 3062 882 3141 ecclesiam
908 3064 1069 3159 pristine
1094 3065 1262 3157 libertati,
1289 3065 1567 3141 exterminando
1593 3087 1719 3165 regern
1745 3069 1859 3143 Fran·

689 3185 766 3261 ciae.
781 3185 872 3261 Dicit
885 3206 997 3281 ergo:
1011 3188 1192 3277 topuptta,
1212 3185 1313 3279 idest,
1331 3186 1526 3282 imperium
1546 3208 1754 3283 romanum,
1775 3209 1856 3264 nam

688 3325 756 3401 per
780 3305 926 3403 signum
953 3306 1015 3381 dat
1039 3305 1187 3402 intelligi
1215 3306 1412 3402 signatum,
1434 3309 1493 3380 cle
1510 3303 1618 3382 tarem
1642 3313 1673 3382 lc
1691 3331 1807 3402 penne
1822 3311 1860 3384 ot

687 3449 810 3520 corno,
836 3427 906 3502 sub
920 3417 958 3520 (²)
983 3427 1218 3502 Constantino
1245 3425 1308 3522 qni
1334 3426 1473 3504 dotavit
1495 3430 1697 3524 ecclesiam,
1721 3427 1856 3523 percld,

687 3548 789 3644 idest,
816 3554 965 3643 propter
991 3568 1104 3641 quarn
1130 3547 1252 3621 dotem
1279 3548 1355 3642 ipse
1380 3568 1524 3643 currus,
1551 3552 1697 3624 diomne
1713 3557 1856 3642 mostra,

687 3689 775 3744 cum
792 3674 931 3763 septem
949 3667 1128 3763 capitibus
1146 3675 1183 3742 et
1202 3668 1330 3742 decem
1356 3669 1540 3764 cornibus,
1558 3675 1712 3764 cposoio
1727 3675 1856 3768 predo,

687 3789 781 3864 lacta
798 3809 821 3864 a
837 3789 998 3886 gigante,
1012 3809 1083 3860 non
1096 3778 1185 3862 sord
1198 3795 1280 3862 tutto
1293 3795 1404 3882 tempo
1420 3811 1530 3864 senza
1541 3795 1643 3883 reda,
1658 3792 1758 3886 idest,
1776 3793 1853 3867 sine

686 3929 900 3984 successore
915 3907 1150 4002 imperatore,
1164 3907 1257 3983 sicot
1276 3929 1373 3984 none
1394 3916 1472 4004 est;
1491 3931 1577 3985 nam
1599 3918 1765 4008 ternpore
1785 3911 1856 3985 Bo·

686 4029 803 4103 nilacii
819 4029 942 4103 nullus
955 4034 1035 4102 erat
1052 4027 1263 4123 imperator,
1279 4027 1345 4103 nisi
1358 4030 1528 4104 albertus
1541 4037 1693 4106 vocatus
1707 4031 1770 4126 qul
1785 4045 1855 4105 non

685 4148 785 4224 venit
800 4148 848 4223 ad
866 4147 1091 4223 liberandam
1109 4148 1259 4242 ltaliam,
1274 4149 1320 4224 de
1340 4168 1415 4242 quo
1433 4157 1539 4245 poeta
1556 4158 1779 4246 conquestus
1800 4156 1857 4226 est

684 4269 730 4343 Vl
755 4269 915 4365 capitolo
939 4268 1049 4342 buius
1073 4267 1292 4364 Purgatorii.
1312 4269 1356 4342 Et
1373 4269 1430 4343 hic
1451 4277 1536 4346 nota
1558 4271 1657 4365 quod
1674 4277 1783 4346 caute
1800 4271 1855 4346 lo·

683 4373 811 4485 quitur
835 4389 895 4464 lric
919 4395 1045 4484 poeta:
1079 4388 1158 4462 vult
1190 4389 1287 4462 eninr
1320 4388 1443 4464 dicere
1472 4390 1599 4464 tacite:
1633 4391 1727 4466 sicut
1758 4409 1856 4464 unus

683 4510 885 4605 imperator
911 4529 1087 4584 romanus
1112 4507 1210 4584 dedit
1227 4509 1381 4604 plumas,
1400 4508 1500 4603 idest,
1519 4509 1660 4587 divitias
1677 4509 1853 4604 eeclesiae,

684 4651 732 4704 en
757 4630 892 4725 quibus
917 4637 1002 4705 nata
1027 4637 1083 4704 est
1109 4628 1274 4704 insatiata
1305 4628 1458 4704 avaritia
1490 4628 1740 4725 praelatorum,
1773 4649 1856 4724 quae

666 4757 739 4826 ‘ert
763 4751 962 4826 destructio
988 4751 1128 4844 mundi,
1154 4749 1203 4823 ita
1230 4725 1380 4842 quidam
1401 4749 1494 4824 alius
1511 4749 1712 4844 imperator
1730 4769 1854 4824 roma-

745 5009 773 5074 (¹)
790 5013 843 5069 117,
856 5009 942 5073 iudos
958 5022 1012 5070 rex,
1025 5009 1115 5073 iudex.
1303 5005 1331 5070 (Ἰ
1348 5007 1379 5058 E.
1397 5008 1505 5059 sobandl
1519 5007 1695 5060 eonsuntlno.
