4342 6692
642 899 782 955 cunnus
805 902 996 957 mamus
1018 900 1189 957 saravus.
1432 888 1501 957 175

329 1060 421 1115 cesse
444 1045 572 1117 oleum
594 1064 729 1136 puerro
753 1048 938 1137 attumno,
961 1044 1157 1121 habitatori
1178 1044 1287 1119 hrrius
1309 1045 1388 1141 loci,
1407 1046 1501 1121 sieut

328 1159 496 1237 ridemus
524 1162 622 1258 qnod
654 1164 732 1239 istae
762 1164 1019 1261 impressiones
1050 1164 1188 1239 lacinnt
1216 1164 1355 1241 bellum
1386 1166 1502 1241 conti·

328 1299 446 1354 nuum
473 1289 511 1357 st
541 1282 767 1361 inexorabile
797 1285 935 1360 homini
967 1284 1143 1359 habitanti
1172 1284 1213 1357 in
1248 1290 1371 1359 nostra
1403 1292 1504 1359 tarra

330 1400 525 1485 habitabili.
551 1402 654 1478 Unde
678 1403 782 1479 dicit:
808 1426 828 1477 e
857 1406 1047 1497 Modone,
1078 1405 1180 1500 idest,
1212 1403 1366 1479 altitudo
1399 1404 1503 1479 istius

331 1520 466 1595 montis
489 1522 657 1599 liberarit
683 1524 870 1601 hominem
897 1532 935 1600 et
959 1546 1021 1601 me
1037 1533 1076 1601 et
1095 1545 1224 1602 omnes
1251 1524 1439 1601 tendentes
1456 1525 1503 1601 ad

331 1640 506 1718 virtutem
518 1663 584 1739 per
596 1649 716 1720 totum
730 1645 988 1743 purgatorium
1000 1646 1048 1721 ah
1062 1644 1162 1721 omni
1178 1645 1454 1741 perturbatione
1466 1640 1503 1739 (⁴)

331 1760 405 1855 tali,
437 1764 487 1836 da
509 1766 597 1855 indi,
623 1764 726 1861 idest,
752 1766 800 1841 ah
830 1766 907 1862 ipsa
936 1773 1042 1862 porta
1072 1766 1273 1861 purgatorii
1304 1766 1407 1861 citra,
1441 1788 1505 1841 oue

330 1884 509 1976 siceum
534 1884 611 1981 ipse
626 1876 663 1979 (¹)
691 1907 796 1962 mons
819 1887 868 1962 ab
892 1888 1025 1983 angelo
1050 1886 1246 1982 clavigero.
1268 1886 1311 1959 ht
1336 1886 1395 1961 hic
1416 1892 1502 1961 nota

333 2000 432 2095 quod
449 2002 486 2077 in
512 2003 580 2078 ista
604 2006 784 2101 particula
809 2006 892 2079 lorti
917 2012 1025 2101 poeta
1049 2026 1124 2079 non
1150 2005 1229 2078 vult
1257 2004 1356 2081 aliud
1381 2005 1505 2081 dicere

331 2124 605 2220 sententialiter,
623 2127 692 2201 nisi
718 2125 817 2221 quod
842 2127 910 2201 iste
935 2126 1037 2201 locus
1057 2126 1174 2201 lactus
1199 2132 1254 2201 est
1274 2126 1504 2221 temperatis·

331 2240 448 2317 simus
471 2250 510 2319 et
534 2266 715 2341 amoenus,
734 2253 776 2321 ut
800 2248 912 2321 bomo
937 2246 1045 2320 nullis
1070 2244 1406 2341 perturbationibus
1433 2246 1505 2321 im-

330 2361 473 2457 peditus
501 2364 748 2460 spiritualibus
772 2365 909 2441 deliciis
941 2366 1129 2441 frueretur
1147 2357 1196 2458 (³).
1222 2404 1273 2419 -
1301 2371 1362 2439 Or.
1398 2367 1504 2441 Nunc

331 2482 507 2559 llathildis
530 2491 677 2561 ostenso
697 2506 816 2581 qnare
831 2492 964 2562 ventus
981 2492 1106 2561 noster
1123 2488 1182 2561 vel
1198 2486 1321 2581 aliqua
1345 2486 1417 2561 alia
1439 2508 1505 2582 pe·

333 2604 567 2699 regrinarum
593 2605 875 2701 impressionum
901 2627 975 2681 non
991 2606 1136 2703 attingit
1152 2607 1275 2681 locum
1294 2605 1404 2683 istum
1422 2626 1505 2681 mo·

334 2722 433 2797 xime
453 2726 641 2819 quietum3
658 2747 757 2801 nunc
773 2727 932 2824 assignat
949 2748 1076 2802 veram
1098 2748 1249 2801 causam
1271 2726 1373 2801 istius
1393 2728 1503 2822 venti,

332 2849 371 2918 et
396 2844 539 2919 videtur
564 2846 658 2922 velle
682 2846 806 2923 dicere
829 2847 867 2921 in
893 2846 1027 2922 effectu
1059 2846 1159 2942 quod
1188 2846 1274 2941 quia
1306 2868 1412 2921 mons
1436 2846 1505 2923 iste

334 2964 621 3058 superextendit
632 2986 811 3041 cacumen
837 2966 1002 3039 suumin
1020 2964 1221 3061 aerevivo,
1240 2966 1304 3061 qui
1329 2960 1506 3041 continuo

334 3084 494 3159 volvitur
518 3105 606 3160 cum
631 3084 865 3161 firmamento
895 3086 997 3181 coeli3
1028 3085 1110 3161 ideo
1144 3086 1225 3161 talis
1254 3092 1376 3161 motus
1407 3085 1527 3161 aeris'

334 3205 532 3301 superioris
559 3214 616 3282 est
645 3227 758 3283 causa
788 3207 867 3282 soni
897 3208 975 3283 sive
1006 3208 1115 3283 venti.
1142 3208 1195 3283 dd
1222 3208 1366 3283 literam
1392 3228 1503 3305 ergo;

335 3324 420 3419 quia
449 3333 557 3420 poeta
588 3334 713 3403 noster
742 3332 884 3423 poterat
913 3326 1036 3403 dicere
1064 3327 1122 3401 isti
1155 3327 1331 3402 dominae:
1358 3349 1381 3403 o
1407 3328 1505 3403 bona

333 3444 480 3539 lomina,
506 3447 592 3521 satis
617 3446 736 3521 dixisti
763 3446 850 3521 mihi
876 3468 993 3542 quare
1009 3454 1142 3524 ventus
1160 3454 1284 3523 noster
1305 3467 1378 3522 non
1395 3448 1504 3523 attin

332 3564 386 3662 git
410 3564 517 3639 istam
542 3566 784 3662 altitudinem,
809 3566 873 3642 sed
899 3568 969 3642 hoc
993 3588 1067 3642 non
1093 3568 1273 3662 estquod
1299 3574 1395 3663 peto,
1429 3568 1505 3644 imo

334 3686 466 3761 vellem
491 3686 586 3762 scire
610 3708 763 3763 causam
787 3687 892 3762 istius
917 3687 1016 3763 venti
1037 3688 1096 3763 hic
1112 3687 1159 3763 de
1179 3709 1254 3783 quo
1273 3688 1398 3763 miror.
1421 3689 1506 3765 ldeo

335 3807 511 3882 bathildis
533 3806 638 3884 dicit:
675 3812 727 3883 Or
755 3812 784 3883 il
806 3811 955 3900 ceretio,
980 3807 1083 3903 idest,
1109 3808 1270 3883 circulus
1294 3808 1390 3885 aeris
1420 3809 1504 3903 rivi,

334 3929 366 4000 si
388 3930 488 4018 volpe
510 3935 618 4020 ratu,
643 3928 747 4023 idest,
772 3928 959 4023 velociter,
983 3928 1070 4022 qnia
1095 3927 1201 4021 quasi
1231 3928 1367 4002 nullam
1396 3928 1506 4003 hahet

336 4046 589 4142 resistentiam,
619 4046 714 4122 sicut
745 4054 871 4123 noster
899 4066 967 4123 aer
1001 4047 1164 4142 interior,
1203 4048 1354 4121 d’alcun
1388 4054 1506 4138 cunm,

336 4186 449 4261 prope
472 4168 623 4262 coelnm,
653 4164 828 4261 percbd’o
851 4170 1007 4260 orcum,
1032 4166 1136 4262 idest,
1158 4166 1398 4261 circulariter,
1422 4174 1506 4241 toth

336 4292 466 4379 quanto
481 4289 575 4361 laer
589 4290 623 4361 si
639 4291 739 4380 volpe
753 4308 820 4361 coo
835 4290 874 4361 lu
887 4290 1007 4380 pmmu
1025 4289 1133 4379 voltu,
1152 4285 1254 4381 idest,
1280 4306 1366 4361 cum
1384 4286 1506 4383 primo

336 4406 480 4502 mobili;
504 4406 599 4503 ideo,
623 4411 674 4481 tot
694 4415 800 4500 mab,
815 4406 952 4482 scilicet
968 4406 1076 4502 aeris,
1096 4414 1258 4500 perunte
1281 4410 1320 4480 io
1337 4409 1507 4497 quassat-

336 4533 451 4619 azzo,
475 4527 578 4622 idest,
595 4528 634 4602 in
657 4530 811 4624 sylvam,
828 4548 912 4623 qnae
929 4535 985 4602 est
1001 4526 1039 4601 in
1056 4527 1125 4601 ista
1141 4524 1299 4623 planitie,
1325 4522 1407 4601 ct’d
1422 4532 1508 4603 tutto

335 4649 505 4741 αιίιίοὶια,
534 4647 636 4743 idest,
661 4653 789 4743 aperta
814 4654 852 4723 et
876 4668 950 4722 non
970 4647 1096 4721 clausa
1116 4646 1193 4720 aliis
1214 4644 1412 4741 montibus,
1430 4651 1508 4723 oel-

337 4770 456 4841 t'uere
478 4770 572 4858 olm,
595 4766 698 4862 idest,
716 4788 822 4861 puro,
840 4766 919 4841 sine
938 4765 1098 4840 nubibus
1113 4754 1149 4857 (ἦ)
1172 4764 1266 4860 ullis,
1292 4787 1311 4839 e
1332 4769 1375 4861 su
1394 4788 1507 4841 som

397 4956 425 5017 (¹)
442 4954 474 5005 B.
490 4955 645 5006 turbatione.
897 4955 925 5019 (η
941 4955 975 5006 E.
988 4956 1087 5005 adimet
1102 4967 1178 5005 mons
1192 4954 1247 5017 lpas
1263 4954 1302 5005 rh.

398 5032 425 5094 (⁸)
442 5035 497 5093 tlt,
512 5032 600 5097 quiete
615 5030 757 5085 haeretur.
899 5032 926 5094 (¹)
943 5032 975 5084 B.
984 5032 1045 5083 dns
1059 5032 1171 5084 ιιιιὶῦιιι
1183 5036 1214 5084 at
1227 5031 1338 5094 nmmo,
1353 5046 1367 5082 s
1382 5032 1421 5096 fu.
