4342 6692
700 886 771 955 352
1092 900 1295 955 cousuruu
1319 901 1491 955 rnnnnrsr

696 1046 781 1122 solis
806 1046 847 1121 tit
876 1066 942 1141 per
972 1045 1284 1141 interpositionem
1316 1049 1414 1121 lunae
1445 1047 1542 1123 iuter
1571 1068 1638 1122 uos
1667 1054 1705 1123 et
1736 1048 1874 1141 soiem;

697 1167 796 1241 unde
829 1166 926 1261 dicit,
953 1188 1022 1259 per
1052 1174 1240 1259 cooperer
1271 1171 1305 1241 to
1334 1172 1435 1263 lame,
1461 1168 1607 1262 scilicet,
1633 1167 1745 1263 ipsius
1774 1168 1872 1263 solis,

695 1307 792 1359 come
816 1291 961 1379 inpetu,
988 1286 1090 1380 idest,
1121 1292 1297 1380 tanquam
1332 1288 1550 1381 immissum,
1582 1292 1621 1361 in
1649 1290 1741 1361 altro
1766 1306 1873 1379 raro,

697 1404 845 1499 scilicet,
871 1406 979 1499 lunae,
1006 1405 1102 1479 sicut
1126 1406 1253 1481 lumen
1277 1414 1446 1501 penetrat
1465 1428 1532 1501 per
1548 1427 1709 1502 pannum
1729 1426 1868 1481 ravum.

696 1526 741 1599 Et
764 1525 949 1601 concludit
973 1525 1096 1621 quoad
1122 1526 1279 1621 primam
1307 1534 1463 1622 partem,
1480 1534 1518 1603 et
1545 1527 1721 1623 promittit
1739 1548 1779 1602 se
1799 1526 1870 1600 inr-

697 1652 951 1742 pugnatorum
968 1646 1123 1720 aitevam
1142 1653 1284 1741 partem
1303 1646 1496 1742 divisionis,
1510 1647 1653 1724 dicens:
1669 1656 1871 1741 questracta

696 1762 728 1857 d,
746 1765 892 1860 scilicet,
907 1765 1006 1860 quod
1024 1766 1149 1840 iumen
1167 1766 1252 1841 solis
1268 1787 1342 1841 non
1359 1775 1526 1863 penetret
1542 1789 1609 1863 per
1628 1790 1753 1843 varum
1771 1768 1869 1841 lunae

695 1885 742 1959 ad
769 1906 845 1979 nos,
872 1885 960 1980 quia
985 1887 1055 1959 hoc
1073 1885 1283 1961 videremus
1307 1887 1354 1961 ad
1379 1908 1527 1961 sensum
1547 1887 1693 1982 quando
1719 1888 1758 1961 ut
1782 1886 1869 1961 ocii-

695 2004 768 2100 psis
792 2005 897 2099 solis3
923 2011 961 2080 et
985 2006 1078 2099 ideo,
1106 2008 1140 2079 to
1175 2014 1232 2080 oto
1252 2026 1397 2099 parcre,
1423 2006 1526 2101 idest,
1556 2014 1621 2082 tua
1652 2007 1785 2103 opinio,
1816 2009 1868 2099 fin

693 2128 879 2220 satrificuto
895 2127 999 2216 sept
1016 2128 1142 2199 acmen
1155 2127 1251 2198 ct’io
1263 2130 1355 2200 cossa¹
1366 2130 1389 2199 t
1402 2130 1508 2218 atro,
1525 2126 1627 2221 idest,
1641 2127 1670 2201 si
1683 2127 1869 2222 contingat

695 2265 758 2319 me
783 2244 994 2340 improbare
1018 2246 1174 2321 alteram
1206 2253 1347 2340 partem
1378 2247 1571 2341 divisionis,
1598 2247 1743 2340 seilicet,
1769 2246 1868 2340 quod

696 2387 826 2441 rarum
856 2386 931 2440 non
963 2366 1135 2461 pertingit
1168 2366 1234 2440 nisi
1270 2367 1466 2461 usquead
1498 2374 1641 2443 certum
1668 2368 1866 2442 terminum

696 2488 804 2562 lunae.
821 2526 872 2541 -
888 2490 941 2560 Se.
977 2486 1043 2559 Hic
1071 2486 1218 2561 Beatrix
1253 2494 1408 2561 conatur
1442 2488 1636 2563 destruere
1667 2487 1866 2563 secundam

696 2614 842 2702 partem
868 2605 1051 2680 divisionis
1070 2607 1178 2701 juxta
1204 2607 1437 2703 promissum,
1467 2608 1601 2703 dicens,
1628 2609 1781 2704 quodsi
1808 2630 1870 2685 ra-

696 2748 781 2801 rum
809 2727 846 2800 iu
871 2727 959 2801 luna
985 2726 1156 2823 pertingit
1177 2727 1295 2801 solum
1324 2728 1513 2823 usquead
1539 2736 1680 2824 partem
1701 2729 1864 2822 densam,

694 2857 783 2925 tunc
809 2849 898 2924 radii
923 2849 1008 2924 solis
1035 2850 1294 2945 refrangeutur
1318 2857 1356 2924 et
1383 2849 1721 2946 multiplicabuntur
1751 2850 1811 2942 ibi,
1830 2853 1867 2923 et

694 2990 761 3066 per
785 2988 1014 3063 consequens
1038 2968 1149 3043 etiam
1181 2989 1265 3064 pars
1296 2989 1380 3043 rara
1410 2969 1508 3043 lunae
1543 2969 1724 3045 videbitur
1758 2967 1868 3042 iumi-

694 3110 796 3183 nosa,
814 3088 898 3163 licet
922 3109 996 3163 non
1020 3088 1059 3162 in
1083 3094 1215 3181 totum,
1242 3093 1279 3161 et
1304 3107 1377 3161 non
1403 3088 1584 3163 videbitur
1609 3088 1786 3163 nubilosa.
1808 3086 1868 3161 Di-

694 3210 743 3285 cit
767 3229 875 3305 ergo:
901 3211 1005 3300 septi
1028 3206 1128 3283 dcte
1144 3215 1261 3301 questo
1276 3227 1367 3282 raro
1383 3228 1456 3282 noo
1476 3210 1643 3301 trapussi,
1663 3217 1763 3301 tunc,
1784 3228 1867 3281 con·

695 3334 792 3404 vient
807 3350 901 3403 esser
914 3351 962 3403 un
976 3332 1134 3420 termine,
1147 3328 1249 3422 idest,
1264 3349 1338 3401 uua
1353 3349 1437 3423 pars
1450 3328 1572 3421 densa,
1586 3331 1635 3402 da
1647 3331 1749 3419 onds,
1762 3328 1864 3421 idest,

693 3472 716 3525 a
743 3471 817 3546 quo
843 3450 1000 3527 termino
1024 3449 1222 3543 densitatis,
1239 3470 1312 3522 non
1329 3451 1414 3523 tussi
1424 3444 1488 3541 ptd
1503 3470 1636 3541 pascar
1653 3452 1687 3522 to
1702 3470 1764 3521 sato
1780 3469 1867 3522 con-

693 3574 821 3662 trario,
839 3570 985 3664 scilicet,
1003 3590 1154 3663 rarum;
1172 3578 1205 3643 et
1221 3572 1308 3662 indi,
1324 3569 1426 3663 idest,
1441 3570 1476 3643 in
1491 3570 1552 3643 illo
1571 3568 1728 3644 termino
1740 3568 1866 3660 denso,

694 3694 717 3764 t
729 3693 837 3763 attrui
859 3693 1002 3781 rapoto,
1028 3689 1163 3763 scilicet
1188 3689 1283 3783 solis,
1308 3694 1341 3763 st
1364 3692 1516 3784 visando,
1540 3689 1642 3783 idest,
1669 3688 1867 3762 reflectitur

693 3812 754 3903 ibi,
780 3819 817 3885 et
843 3832 908 3905 per
932 3830 1162 3904 consequeus
1186 3809 1328 3885 luceret
1348 3810 1480 3905 inipso
1500 3830 1584 3884 varo
1604 3810 1641 3882 in
1661 3806 1863 3903 superficie.

693 3932 738 4005 Et
753 3931 914 4006 declarat
939 3932 1008 4005 hoc
1033 3948 1100 4025 per
1125 3928 1244 4004 simile
1269 3930 1306 4003 iu
1331 3931 1492 4025 speculo,
1510 3928 1652 4004 dicens:
1678 3920 1749 4001 cosi
1769 3947 1866 3999 come

693 4056 793 4127 color
826 4059 932 4125 torna
956 4072 1025 4144 per
1057 4056 1168 4142 cedo,
1193 4050 1339 4143 scilicet,
1366 4050 1402 4125 in
1434 4052 1593 4145 speculo,
1624 4053 1658 4123 to
1686 4051 1771 4139 qual
1796 4067 1866 4120 nu·

692 4175 822 4247 scondc
840 4173 982 4265 puncto
1007 4174 1142 4245 diretro
1160 4192 1185 4243 a
1203 4194 1261 4243 sc:
1283 4191 1368 4245 uam
1386 4172 1574 4265 specuium
1594 4168 1636 4244 iit
1650 4189 1698 4243 ex
1714 4168 1865 4263 plumbo

692 4300 730 4369 et
754 4293 851 4369 vitro
875 4291 1042 4388 applicito
1062 4292 1129 4366 sibi
1146 4312 1232 4365 cum
1252 4311 1326 4366 una
1344 4282 1698 4366 certa‘coniectioue.
1716 4288 1788 4363 Sed
1807 4288 1865 4363 hic

692 4419 748 4488 est
772 4412 867 4487 bene
893 4412 1092 4487 notandum
1116 4412 1214 4507 quod
1232 4411 1299 4484 ista
1320 4431 1405 4505 pars
1422 4431 1534 4505 quam
1553 4410 1611 4483 hic
1628 4407 1774 4483 Beatrix
1793 4408 1865 4481 im-

693 4534 850 4629 probare
875 4531 1019 4607 videtur
1044 4536 1099 4605 est
1124 4549 1225 4623 vcra,
1245 4529 1391 4624 scilicet,
1414 4530 1513 4624 quod
1529 4550 1658 4604 rarum
1677 4534 1730 4603 est
1752 4546 1864 4601 causa

692 4653 848 4728 maculae
858 4642 908 4745 (¹),
926 4658 968 4724 ut
985 4657 1173 4726 ostensum
1192 4648 1260 4723 fuit
1277 4670 1398 4742 supra.
1416 4648 1508 4722 Nam
1522 4668 1650 4723 rarum
1668 4666 1742 4721 non
1762 4652 1864 4720 tran·

693 4773 738 4847 sit
762 4778 877 4847 totam
894 4768 1178 4866 profunditatem
1197 4769 1306 4863 lunae,
1324 4768 1400 4843 imo
1416 4769 1535 4841 solum
1554 4766 1725 4863 pertingit
1743 4785 1865 4860 usque

755 5031 783 5093 (ί)
799 5032 830 5082 B.
847 5032 957 5083 meula
972 5032 999 5082 in
1015 5031 1085 5093 iuna,
1102 5036 1132 5082 ut
1148 5036 1289 5082 ostensum.
