<?xml version="1.0" encoding="UTF-8"?>
<!DOCTYPE html PUBLIC "-//W3C//DTD XHTML 1.0 Transitional//EN"
    "http://www.w3.org/TR/xhtml1/DTD/xhtml1-transitional.dtd">
<html xmlns="http://www.w3.org/1999/xhtml" xml:lang="en" lang="en">
 <head>
  <title>
</title>
<meta http-equiv="Content-Type" content="text/html;charset=utf-8" />
  <meta name='ocr-system' content='tesseract 3.04.00' />
  <meta name='ocr-capabilities' content='ocr_page ocr_carea ocr_par ocr_line ocrx_word'/>
</head>
<body>
  <div class='ocr_page' id='page_1' title='image "benevenutideram01lacagoog_0180.png"; bbox 0 0 4342 6692; ppageno 0'>
   <div class='ocr_carea' id='block_1_1' title="bbox 695 895 1501 961">
    <p class='ocr_par' dir='ltr' id='par_1_1' title="bbox 695 895 1501 961">
     <span class='ocr_line' id='line_1_1' title="bbox 695 895 1501 961; baseline -0.002 0"><span class='ocrx_word' id='word_1_1' title='bbox 695 895 763 961; x_wconf 74' lang='lat' dir='ltr'>tid</span> <span class='ocrx_word' id='word_1_2' title='bbox 1051 904 1256 961; x_wconf 79' lang='lat' dir='ltr'>counnruu</span> <span class='ocrx_word' id='word_1_3' title='bbox 1280 904 1501 961; x_wconf 75' lang='lat' dir='ltr'>runoumrur</span> 
     </span>
    </p>
   </div>
   <div class='ocr_carea' id='block_1_2' title="bbox 689 1047 1861 1267">
    <p class='ocr_par' dir='ltr' id='par_1_2' title="bbox 689 1047 1861 1267">
     <span class='ocr_line' id='line_1_2' title="bbox 689 1047 1861 1145; baseline -0.002 -20"><span class='ocrx_word' id='word_1_4' title='bbox 689 1071 797 1125; x_wconf 84' lang='lat' dir='ltr'>suam</span> <span class='ocrx_word' id='word_1_5' title='bbox 822 1048 1034 1125; x_wconf 86' lang='lat' dir='ltr'>transeundi</span> <span class='ocrx_word' id='word_1_6' title='bbox 1059 1048 1107 1125; x_wconf 83' lang='lat' dir='ltr'>ad</span> <span class='ocrx_word' id='word_1_7' title='bbox 1132 1049 1238 1125; x_wconf 89' lang='lat' dir='ltr'>istam</span> <span class='ocrx_word' id='word_1_8' title='bbox 1264 1048 1452 1123; x_wconf 86' lang='lat' dir='ltr'>dominam</span> <span class='ocrx_word' id='word_1_9' title='bbox 1473 1047 1673 1145; x_wconf 81' lang='lat' dir='ltr'>gratiosam</span> <span class='ocrx_word' id='word_1_10' title='bbox 1691 1069 1757 1144; x_wconf 92' lang='lat' dir='ltr'>per</span> <span class='ocrx_word' id='word_1_11' title='bbox 1776 1050 1861 1145; x_wconf 92' lang='lat' dir='ltr'>pul·</span> 
     </span>
     <span class='ocr_line' id='line_1_3' title="bbox 689 1168 1861 1267; baseline -0.001 -20"><span class='ocrx_word' id='word_1_12' title='bbox 689 1170 887 1247; x_wconf 84' lang='lat' dir='ltr'>cerrimam</span> <span class='ocrx_word' id='word_1_13' title='bbox 912 1170 1246 1267; x_wconf 81' lang='lat' dir='ltr'><strong>comparationem:</strong></span> <span class='ocrx_word' id='word_1_14' title='bbox 1273 1176 1311 1245; x_wconf 87' lang='lat' dir='ltr'>et</span> <span class='ocrx_word' id='word_1_15' title='bbox 1335 1169 1420 1245; x_wconf 87' lang='lat' dir='ltr'>dicit</span> <span class='ocrx_word' id='word_1_16' title='bbox 1437 1168 1599 1245; x_wconf 91' lang='lat' dir='ltr'>breviter</span> <span class='ocrx_word' id='word_1_17' title='bbox 1619 1169 1719 1265; x_wconf 90' lang='lat' dir='ltr'>quod</span> <span class='ocrx_word' id='word_1_18' title='bbox 1735 1180 1861 1248; x_wconf 86' lang='lat' dir='ltr'>arctus</span> 
     </span>
    </p>
   </div>
   <div class='ocr_carea' id='block_1_3' title="bbox 567 1289 1860 1387">
    <p class='ocr_par' dir='ltr' id='par_1_3' title="bbox 567 1289 1860 1387">
     <span class='ocr_line' id='line_1_4' title="bbox 567 1289 1860 1387; baseline 0.001 -22"><span class='ocrx_word' id='word_1_19' title='bbox 567 1316 570 1320; x_wconf 66' lang='grc'><em>’</em></span> <span class='ocrx_word' id='word_1_20' title='bbox 690 1290 792 1366; x_wconf 89' lang='lat' dir='ltr'>rivus</span> <span class='ocrx_word' id='word_1_21' title='bbox 821 1312 930 1387; x_wconf 79' lang='lat' dir='ltr'>aquae</span> <span class='ocrx_word' id='word_1_22' title='bbox 961 1290 1161 1387; x_wconf 88' lang='lat' dir='ltr'>impediens</span> <span class='ocrx_word' id='word_1_23' title='bbox 1192 1290 1313 1385; x_wconf 88' lang='lat' dir='ltr'>ipsum</span> <span class='ocrx_word' id='word_1_24' title='bbox 1343 1289 1399 1365; x_wconf 93' lang='lat' dir='ltr'>ire</span> <span class='ocrx_word' id='word_1_25' title='bbox 1430 1290 1478 1365; x_wconf 90' lang='lat' dir='ltr'>ad</span> <span class='ocrx_word' id='word_1_26' title='bbox 1509 1290 1616 1364; x_wconf 91' lang='lat' dir='ltr'>istam</span> <span class='ocrx_word' id='word_1_27' title='bbox 1649 1311 1860 1366; x_wconf 87' lang='lat' dir='ltr'>amorosam</span> 
     </span>
    </p>
   </div>
   <div class='ocr_carea' id='block_1_4' title="bbox 674 1408 1863 4888">
    <p class='ocr_par' dir='ltr' id='par_1_4' title="bbox 674 1408 1863 4888">
     <span class='ocr_line' id='line_1_5' title="bbox 690 1408 1861 1505; baseline 0.002 -20"><span class='ocrx_word' id='word_1_28' title='bbox 690 1410 888 1505; x_wconf 90' lang='lat' dir='ltr'>dominam,</span> <span class='ocrx_word' id='word_1_29' title='bbox 910 1411 959 1486; x_wconf 86' lang='lat' dir='ltr'>ita</span> <span class='ocrx_word' id='word_1_30' title='bbox 975 1411 1093 1485; x_wconf 83' lang='lat' dir='ltr'>iactus</span> <span class='ocrx_word' id='word_1_31' title='bbox 1119 1416 1174 1487; x_wconf 79' lang='lat' dir='ltr'>eet</span> <span class='ocrx_word' id='word_1_32' title='bbox 1199 1409 1266 1485; x_wconf 91' lang='lat' dir='ltr'>sibi</span> <span class='ocrx_word' id='word_1_33' title='bbox 1286 1429 1385 1485; x_wconf 88' lang='lat' dir='ltr'>nunc</span> <span class='ocrx_word' id='word_1_34' title='bbox 1402 1408 1549 1485; x_wconf 90' lang='lat' dir='ltr'>odiosus</span> <span class='ocrx_word' id='word_1_35' title='bbox 1570 1410 1664 1485; x_wconf 89' lang='lat' dir='ltr'>sicut</span> <span class='ocrx_word' id='word_1_36' title='bbox 1688 1411 1776 1486; x_wconf 90' lang='lat' dir='ltr'>olim</span> <span class='ocrx_word' id='word_1_37' title='bbox 1793 1433 1861 1487; x_wconf 87' lang='lat' dir='ltr'>an-</span> 
     </span>
     <span class='ocr_line' id='line_1_6' title="bbox 690 1529 1860 1627; baseline 0.001 -22"><span class='ocrx_word' id='word_1_38' title='bbox 690 1537 822 1626; x_wconf 78' lang='lat' dir='ltr'>gustus</span> <span class='ocrx_word' id='word_1_39' title='bbox 846 1552 974 1605; x_wconf 89' lang='lat' dir='ltr'>ramus</span> <span class='ocrx_word' id='word_1_40' title='bbox 999 1529 1113 1605; x_wconf 86' lang='lat' dir='ltr'>muris</span> <span class='ocrx_word' id='word_1_41' title='bbox 1138 1530 1256 1605; x_wconf 85' lang='lat' dir='ltr'>iactus</span> <span class='ocrx_word' id='word_1_42' title='bbox 1280 1537 1335 1605; x_wconf 88' lang='lat' dir='ltr'>est</span> <span class='ocrx_word' id='word_1_43' title='bbox 1359 1530 1506 1605; x_wconf 89' lang='lat' dir='ltr'>odiosus</span> <span class='ocrx_word' id='word_1_44' title='bbox 1531 1530 1708 1625; x_wconf 79' lang='lat' dir='ltr'><strong>Leandro,</strong></span> <span class='ocrx_word' id='word_1_45' title='bbox 1735 1533 1860 1627; x_wconf 88' lang='lat' dir='ltr'>prohi-</span> 
     </span>
     <span class='ocr_line' id='line_1_7' title="bbox 691 1650 1861 1746; baseline -0.002 -17"><span class='ocrx_word' id='word_1_46' title='bbox 691 1652 781 1729; x_wconf 88' lang='lat' dir='ltr'>bens</span> <span class='ocrx_word' id='word_1_47' title='bbox 805 1652 873 1728; x_wconf 92' lang='lat' dir='ltr'>sibi</span> <span class='ocrx_word' id='word_1_48' title='bbox 890 1672 1080 1728; x_wconf 89' lang='lat' dir='ltr'>accessum</span> <span class='ocrx_word' id='word_1_49' title='bbox 1098 1651 1322 1727; x_wconf 86' lang='lat' dir='ltr'>adamatam</span> <span class='ocrx_word' id='word_1_50' title='bbox 1339 1672 1457 1726; x_wconf 88' lang='lat' dir='ltr'>suam.</span> <span class='ocrx_word' id='word_1_51' title='bbox 1475 1650 1530 1726; x_wconf 82' lang='lat' dir='ltr'>nd</span> <span class='ocrx_word' id='word_1_52' title='bbox 1550 1651 1652 1746; x_wconf 90' lang='lat' dir='ltr'>quod</span> <span class='ocrx_word' id='word_1_53' title='bbox 1668 1658 1723 1727; x_wconf 91' lang='lat' dir='ltr'>est</span> <span class='ocrx_word' id='word_1_54' title='bbox 1743 1652 1861 1728; x_wconf 91' lang='lat' dir='ltr'>scieu-</span> 
     </span>
     <span class='ocr_line' id='line_1_8' title="bbox 690 1756 1861 1866; baseline 0 -19"><span class='ocrx_word' id='word_1_55' title='bbox 690 1770 780 1847; x_wconf 93' lang='lat' dir='ltr'>dum</span> <span class='ocrx_word' id='word_1_56' title='bbox 806 1772 904 1865; x_wconf 89' lang='lat' dir='ltr'>quod</span> <span class='ocrx_word' id='word_1_57' title='bbox 932 1756 1188 1866; x_wconf 84' lang='lat' dir='ltr'>Hellespontus</span> <span class='ocrx_word' id='word_1_58' title='bbox 1218 1777 1275 1847; x_wconf 86' lang='lat' dir='ltr'>est</span> <span class='ocrx_word' id='word_1_59' title='bbox 1305 1770 1496 1866; x_wconf 84' lang='lat' dir='ltr'>quoddam.</span> <span class='ocrx_word' id='word_1_60' title='bbox 1520 1771 1713 1846; x_wconf 80' lang='lat' dir='ltr'>brachium</span> <span class='ocrx_word' id='word_1_61' title='bbox 1749 1773 1861 1847; x_wconf 87' lang='lat' dir='ltr'>maris</span> 
     </span>
     <span class='ocr_line' id='line_1_9' title="bbox 690 1892 1860 1991; baseline 0.003 -24"><span class='ocrx_word' id='word_1_62' title='bbox 690 1898 889 1989; x_wconf 83' lang='lat' dir='ltr'>angustum</span> <span class='ocrx_word' id='word_1_63' title='bbox 914 1913 980 1988; x_wconf 91' lang='lat' dir='ltr'>per</span> <span class='ocrx_word' id='word_1_64' title='bbox 1006 1892 1077 1968; x_wconf 87' lang='lat' dir='ltr'>tria</span> <span class='ocrx_word' id='word_1_65' title='bbox 1103 1895 1161 1967; x_wconf 89' lang='lat' dir='ltr'>vel</span> <span class='ocrx_word' id='word_1_66' title='bbox 1185 1893 1260 1967; x_wconf 92' lang='lat' dir='ltr'>duo</span> <span class='ocrx_word' id='word_1_67' title='bbox 1287 1892 1465 1987; x_wconf 87' lang='lat' dir='ltr'>milliaria,</span> <span class='ocrx_word' id='word_1_68' title='bbox 1487 1892 1586 1988; x_wconf 89' lang='lat' dir='ltr'>quod</span> <span class='ocrx_word' id='word_1_69' title='bbox 1603 1893 1710 1969; x_wconf 87' lang='lat' dir='ltr'>bodie</span> <span class='ocrx_word' id='word_1_70' title='bbox 1734 1894 1860 1991; x_wconf 89' lang='lat' dir='ltr'>appel·</span> 
     </span>
     <span class='ocr_line' id='line_1_10' title="bbox 690 2012 1860 2111; baseline -0.003 -20"><span class='ocrx_word' id='word_1_71' title='bbox 690 2014 788 2091; x_wconf 83' lang='lat' dir='ltr'>latur</span> <span class='ocrx_word' id='word_1_72' title='bbox 811 2012 1005 2088; x_wconf 82' lang='lat' dir='ltr'>brachium</span> <span class='ocrx_word' id='word_1_73' title='bbox 1031 2013 1146 2089; x_wconf 88' lang='lat' dir='ltr'>sancti</span> <span class='ocrx_word' id='word_1_74' title='bbox 1164 2013 1310 2111; x_wconf 75' lang='lat' dir='ltr'><strong>Georgii</strong></span> <span class='ocrx_word' id='word_1_75' title='bbox 1335 2014 1383 2089; x_wconf 82' lang='lat' dir='ltr'>ab</span> <span class='ocrx_word' id='word_1_76' title='bbox 1408 2034 1484 2089; x_wconf 86' lang='lat' dir='ltr'>una</span> <span class='ocrx_word' id='word_1_77' title='bbox 1504 2013 1657 2089; x_wconf 89' lang='lat' dir='ltr'>ecclesia</span> <span class='ocrx_word' id='word_1_78' title='bbox 1682 2014 1763 2089; x_wconf 91' lang='lat' dir='ltr'>eius</span> <span class='ocrx_word' id='word_1_79' title='bbox 1788 2035 1860 2088; x_wconf 93' lang='lat' dir='ltr'>non</span> 
     </span>
     <span class='ocr_line' id='line_1_11' title="bbox 689 2132 1861 2233; baseline 0.001 -27"><span class='ocrx_word' id='word_1_80' title='bbox 689 2135 800 2233; x_wconf 75' lang='lat' dir='ltr'>longe</span> <span class='ocrx_word' id='word_1_81' title='bbox 823 2154 846 2209; x_wconf 90' lang='lat' dir='ltr'>a</span> <span class='ocrx_word' id='word_1_82' title='bbox 872 2132 1192 2229; x_wconf 82' lang='lat' dir='ltr'>Constantinopoli,</span> <span class='ocrx_word' id='word_1_83' title='bbox 1218 2133 1381 2209; x_wconf 83' lang='lat' dir='ltr'>dividens</span> <span class='ocrx_word' id='word_1_84' title='bbox 1406 2133 1529 2209; x_wconf 74' lang='lat' dir='ltr'>Asiam</span> <span class='ocrx_word' id='word_1_85' title='bbox 1555 2134 1603 2207; x_wconf 88' lang='lat' dir='ltr'>ab</span> <span class='ocrx_word' id='word_1_86' title='bbox 1632 2135 1798 2229; x_wconf 80' lang='lat' dir='ltr'>Europa3</span> <span class='ocrx_word' id='word_1_87' title='bbox 1825 2133 1861 2207; x_wconf 94' lang='lat' dir='ltr'>iu</span> 
     </span>
     <span class='ocr_line' id='line_1_12' title="bbox 690 2246 1859 2349; baseline 0 -20"><span class='ocrx_word' id='word_1_88' title='bbox 690 2252 795 2329; x_wconf 89' lang='lat' dir='ltr'>cuius</span> <span class='ocrx_word' id='word_1_89' title='bbox 820 2274 895 2327; x_wconf 89' lang='lat' dir='ltr'>uno</span> <span class='ocrx_word' id='word_1_90' title='bbox 919 2252 1025 2329; x_wconf 86' lang='lat' dir='ltr'>litore</span> <span class='ocrx_word' id='word_1_91' title='bbox 1040 2246 1089 2345; x_wconf 84' lang='lat'>(¹),</span> <span class='ocrx_word' id='word_1_92' title='bbox 1103 2253 1237 2329; x_wconf 86' lang='lat' dir='ltr'>scilicet</span> <span class='ocrx_word' id='word_1_93' title='bbox 1255 2274 1301 2328; x_wconf 84' lang='lat' dir='ltr'>ex</span> <span class='ocrx_word' id='word_1_94' title='bbox 1319 2260 1423 2349; x_wconf 87' lang='lat' dir='ltr'>parte</span> <span class='ocrx_word' id='word_1_95' title='bbox 1443 2253 1547 2347; x_wconf 80' lang='lat' dir='ltr'>Asiae,</span> <span class='ocrx_word' id='word_1_96' title='bbox 1568 2260 1622 2329; x_wconf 90' lang='lat' dir='ltr'>est</span> <span class='ocrx_word' id='word_1_97' title='bbox 1647 2254 1773 2329; x_wconf 86' lang='lat' dir='ltr'>civitas</span> <span class='ocrx_word' id='word_1_98' title='bbox 1791 2274 1859 2329; x_wconf 88' lang='lat' dir='ltr'>vo-</span> 
     </span>
     <span class='ocr_line' id='line_1_13' title="bbox 689 2371 1859 2470; baseline 0 -21"><span class='ocrx_word' id='word_1_99' title='bbox 689 2378 772 2449; x_wconf 84' lang='lat' dir='ltr'>caia</span> <span class='ocrx_word' id='word_1_100' title='bbox 783 2371 950 2470; x_wconf 82' lang='lat' dir='ltr'>Abydos3</span> <span class='ocrx_word' id='word_1_101' title='bbox 975 2372 1013 2447; x_wconf 95' lang='lat' dir='ltr'>in</span> <span class='ocrx_word' id='word_1_102' title='bbox 1038 2373 1155 2447; x_wconf 89' lang='lat' dir='ltr'>altero</span> <span class='ocrx_word' id='word_1_103' title='bbox 1176 2394 1268 2449; x_wconf 86' lang='lat' dir='ltr'>vero</span> <span class='ocrx_word' id='word_1_104' title='bbox 1288 2394 1335 2449; x_wconf 84' lang='lat' dir='ltr'>er</span> <span class='ocrx_word' id='word_1_105' title='bbox 1352 2378 1457 2469; x_wconf 88' lang='lat' dir='ltr'>parte</span> <span class='ocrx_word' id='word_1_106' title='bbox 1472 2375 1630 2469; x_wconf 83' lang='lat' dir='ltr'>Europae</span> <span class='ocrx_word' id='word_1_107' title='bbox 1654 2382 1709 2449; x_wconf 86' lang='lat' dir='ltr'>est</span> <span class='ocrx_word' id='word_1_108' title='bbox 1734 2374 1859 2450; x_wconf 87' lang='lat' dir='ltr'>civitas</span> 
     </span>
     <span class='ocr_line' id='line_1_14' title="bbox 691 2492 1860 2590; baseline 0.002 -23"><span class='ocrx_word' id='word_1_109' title='bbox 691 2492 786 2568; x_wconf 87' lang='lat' dir='ltr'>dicta</span> <span class='ocrx_word' id='word_1_110' title='bbox 811 2492 943 2567; x_wconf 88' lang='lat' dir='ltr'>Sestos.</span> <span class='ocrx_word' id='word_1_111' title='bbox 970 2492 1024 2568; x_wconf 83' lang='lat' dir='ltr'>be</span> <span class='ocrx_word' id='word_1_112' title='bbox 1049 2492 1196 2569; x_wconf 79' lang='lat' dir='ltr'>ciuitate</span> <span class='ocrx_word' id='word_1_113' title='bbox 1212 2500 1337 2568; x_wconf 88' lang='lat' dir='ltr'>autem</span> <span class='ocrx_word' id='word_1_114' title='bbox 1355 2494 1529 2590; x_wconf 76' lang='lat' dir='ltr'>Abydena</span> <span class='ocrx_word' id='word_1_115' title='bbox 1547 2494 1614 2567; x_wconf 87' lang='lat' dir='ltr'>luit</span> <span class='ocrx_word' id='word_1_116' title='bbox 1628 2493 1775 2589; x_wconf 86' lang='lat' dir='ltr'>juvenis</span> <span class='ocrx_word' id='word_1_117' title='bbox 1792 2515 1860 2569; x_wconf 90' lang='lat' dir='ltr'>no-</span> 
     </span>
     <span class='ocr_line' id='line_1_15' title="bbox 693 2612 1861 2717; baseline 0.001 -29"><span class='ocrx_word' id='word_1_118' title='bbox 693 2613 793 2689; x_wconf 90' lang='lat' dir='ltr'>mine</span> <span class='ocrx_word' id='word_1_119' title='bbox 817 2612 994 2717; x_wconf 82' lang='lat' dir='ltr'>Leander,</span> <span class='ocrx_word' id='word_1_120' title='bbox 1020 2613 1083 2709; x_wconf 78' lang='lat' dir='ltr'>qrri</span> <span class='ocrx_word' id='word_1_121' title='bbox 1115 2614 1221 2689; x_wconf 90' lang='lat' dir='ltr'>nirnis</span> <span class='ocrx_word' id='word_1_122' title='bbox 1255 2615 1458 2691; x_wconf 87' lang='lat' dir='ltr'>inconsulte</span> <span class='ocrx_word' id='word_1_123' title='bbox 1486 2614 1671 2690; x_wconf 84' lang='lat' dir='ltr'>adamarit</span> <span class='ocrx_word' id='word_1_124' title='bbox 1700 2616 1861 2709; x_wconf 89' lang='lat' dir='ltr'>puellam</span> 
     </span>
     <span class='ocr_line' id='line_1_16' title="bbox 692 2732 1860 2831; baseline 0 -23"><span class='ocrx_word' id='word_1_125' title='bbox 692 2733 841 2809; x_wconf 89' lang='lat' dir='ltr'>nomine</span> <span class='ocrx_word' id='word_1_126' title='bbox 866 2733 963 2808; x_wconf 90' lang='lat' dir='ltr'>llero</span> <span class='ocrx_word' id='word_1_127' title='bbox 989 2732 1214 2809; x_wconf 80' lang='lat' dir='ltr'>habitantem</span> <span class='ocrx_word' id='word_1_128' title='bbox 1240 2734 1278 2809; x_wconf 93' lang='lat' dir='ltr'>in</span> <span class='ocrx_word' id='word_1_129' title='bbox 1302 2734 1417 2831; x_wconf 83' lang='lat' dir='ltr'>Sesto,</span> <span class='ocrx_word' id='word_1_130' title='bbox 1435 2734 1482 2810; x_wconf 86' lang='lat' dir='ltr'>ad</span> <span class='ocrx_word' id='word_1_131' title='bbox 1502 2756 1616 2829; x_wconf 88' lang='lat' dir='ltr'>quam</span> <span class='ocrx_word' id='word_1_132' title='bbox 1642 2755 1739 2831; x_wconf 84' lang='lat' dir='ltr'>saepe</span> <span class='ocrx_word' id='word_1_133' title='bbox 1764 2735 1860 2809; x_wconf 90' lang='lat' dir='ltr'>sole·</span> 
     </span>
     <span class='ocr_line' id='line_1_17' title="bbox 690 2852 1859 2948; baseline 0 -19"><span class='ocrx_word' id='word_1_134' title='bbox 690 2852 753 2929; x_wconf 85' lang='lat' dir='ltr'>bat</span> <span class='ocrx_word' id='word_1_135' title='bbox 777 2858 945 2948; x_wconf 83' lang='lat' dir='ltr'>tempore</span> <span class='ocrx_word' id='word_1_136' title='bbox 970 2852 1085 2928; x_wconf 89' lang='lat' dir='ltr'>noctis</span> <span class='ocrx_word' id='word_1_137' title='bbox 1110 2854 1266 2929; x_wconf 88' lang='lat' dir='ltr'>transire</span> <span class='ocrx_word' id='word_1_138' title='bbox 1287 2854 1463 2929; x_wconf 86' lang='lat' dir='ltr'>natando:</span> <span class='ocrx_word' id='word_1_139' title='bbox 1488 2855 1633 2931; x_wconf 84' lang='lat' dir='ltr'>tandem</span> <span class='ocrx_word' id='word_1_140' title='bbox 1655 2855 1768 2931; x_wconf 90' lang='lat' dir='ltr'>semel</span> <span class='ocrx_word' id='word_1_141' title='bbox 1791 2874 1859 2929; x_wconf 81' lang='lat' dir='ltr'>se·</span> 
     </span>
     <span class='ocr_line' id='line_1_18' title="bbox 692 2971 1861 3069; baseline 0.004 -24"><span class='ocrx_word' id='word_1_142' title='bbox 692 2971 813 3047; x_wconf 87' lang='lat' dir='ltr'>viente</span> <span class='ocrx_word' id='word_1_143' title='bbox 837 2978 1052 3068; x_wconf 86' lang='lat' dir='ltr'>tempestate</span> <span class='ocrx_word' id='word_1_144' title='bbox 1080 2974 1296 3049; x_wconf 87' lang='lat' dir='ltr'>submersus</span> <span class='ocrx_word' id='word_1_145' title='bbox 1326 2973 1466 3049; x_wconf 87' lang='lat' dir='ltr'>eiectus</span> <span class='ocrx_word' id='word_1_146' title='bbox 1499 2982 1554 3050; x_wconf 89' lang='lat' dir='ltr'>est</span> <span class='ocrx_word' id='word_1_147' title='bbox 1584 2975 1631 3050; x_wconf 86' lang='lat' dir='ltr'>ad</span> <span class='ocrx_word' id='word_1_148' title='bbox 1663 2975 1759 3067; x_wconf 88' lang='lat' dir='ltr'>litus,</span> <span class='ocrx_word' id='word_1_149' title='bbox 1786 2996 1861 3069; x_wconf 86' lang='lat' dir='ltr'>quo</span> 
     </span>
     <span class='ocr_line' id='line_1_19' title="bbox 691 3092 1861 3190; baseline 0.003 -25"><span class='ocrx_word' id='word_1_150' title='bbox 691 3092 769 3166; x_wconf 86' lang='lat' dir='ltr'>viso</span> <span class='ocrx_word' id='word_1_151' title='bbox 793 3092 916 3167; x_wconf 81' lang='lat' dir='ltr'>infelix</span> <span class='ocrx_word' id='word_1_152' title='bbox 945 3095 1043 3170; x_wconf 88' lang='lat' dir='ltr'>llero</span> <span class='ocrx_word' id='word_1_153' title='bbox 1075 3100 1304 3169; x_wconf 84' lang='lat' dir='ltr'>mortuaest</span> <span class='ocrx_word' id='word_1_154' title='bbox 1337 3114 1414 3190; x_wconf 81' lang='lat' dir='ltr'>prae</span> <span class='ocrx_word' id='word_1_155' title='bbox 1442 3093 1580 3169; x_wconf 91' lang='lat' dir='ltr'>dolore.</span> <span class='ocrx_word' id='word_1_156' title='bbox 1612 3096 1674 3169; x_wconf 85' lang='lat' dir='ltr'>Est</span> <span class='ocrx_word' id='word_1_157' title='bbox 1708 3095 1861 3169; x_wconf 82' lang='lat' dir='ltr'>ulterius</span> 
     </span>
     <span class='ocr_line' id='line_1_20' title="bbox 690 3207 1859 3310; baseline -0.001 -21"><span class='ocrx_word' id='word_1_158' title='bbox 690 3212 890 3308; x_wconf 89' lang='lat' dir='ltr'>sciendum,</span> <span class='ocrx_word' id='word_1_159' title='bbox 908 3214 1006 3308; x_wconf 88' lang='lat' dir='ltr'>quod</span> <span class='ocrx_word' id='word_1_160' title='bbox 1033 3220 1140 3310; x_wconf 89' lang='lat' dir='ltr'>poeta</span> <span class='ocrx_word' id='word_1_161' title='bbox 1156 3216 1202 3289; x_wconf 91' lang='lat' dir='ltr'>ad</span> <span class='ocrx_word' id='word_1_162' title='bbox 1223 3215 1395 3291; x_wconf 79' lang='lat' dir='ltr'>docorem</span> <span class='ocrx_word' id='word_1_163' title='bbox 1414 3216 1471 3289; x_wconf 91' lang='lat' dir='ltr'>sui</span> <span class='ocrx_word' id='word_1_164' title='bbox 1489 3222 1667 3291; x_wconf 86' lang='lat' dir='ltr'>tractatus</span> <span class='ocrx_word' id='word_1_165' title='bbox 1687 3207 1859 3309; x_wconf 54' lang='lat' dir='ltr'>inserite)</span> 
     </span>
     <span class='ocr_line' id='line_1_21' title="bbox 691 3333 1861 3431; baseline 0.002 -22"><span class='ocrx_word' id='word_1_166' title='bbox 691 3333 791 3409; x_wconf 86' lang='lat' dir='ltr'>aliud</span> <span class='ocrx_word' id='word_1_167' title='bbox 817 3334 955 3408; x_wconf 87' lang='lat' dir='ltr'>lactum</span> <span class='ocrx_word' id='word_1_168' title='bbox 982 3335 1100 3431; x_wconf 85' lang='lat' dir='ltr'>magis</span> <span class='ocrx_word' id='word_1_169' title='bbox 1133 3335 1385 3429; x_wconf 83' lang='lat' dir='ltr'>memorabile,</span> <span class='ocrx_word' id='word_1_170' title='bbox 1411 3335 1480 3429; x_wconf 85' lang='lat' dir='ltr'>ibi3</span> <span class='ocrx_word' id='word_1_171' title='bbox 1515 3358 1600 3411; x_wconf 87' lang='lat' dir='ltr'>nam</span> <span class='ocrx_word' id='word_1_172' title='bbox 1630 3336 1763 3411; x_wconf 84' lang='lat' dir='ltr'>Xerses</span> <span class='ocrx_word' id='word_1_173' title='bbox 1793 3356 1861 3431; x_wconf 92' lang='lat' dir='ltr'>po·</span> 
     </span>
     <span class='ocr_line' id='line_1_22' title="bbox 692 3454 1860 3550; baseline 0.003 -23"><span class='ocrx_word' id='word_1_174' title='bbox 692 3454 916 3527; x_wconf 85' lang='lat' dir='ltr'>tentissimus</span> <span class='ocrx_word' id='word_1_175' title='bbox 943 3474 1008 3529; x_wconf 82' lang='lat' dir='ltr'>reu</span> <span class='ocrx_word' id='word_1_176' title='bbox 1034 3476 1240 3550; x_wconf 82' lang='lat' dir='ltr'>persarum,</span> <span class='ocrx_word' id='word_1_177' title='bbox 1258 3476 1343 3531; x_wconf 92' lang='lat' dir='ltr'>cum</span> <span class='ocrx_word' id='word_1_178' title='bbox 1363 3456 1529 3531; x_wconf 83' lang='lat' dir='ltr'>exercitu</span> <span class='ocrx_word' id='word_1_179' title='bbox 1546 3456 1799 3531; x_wconf 87' lang='lat' dir='ltr'>innumerabili</span> <span class='ocrx_word' id='word_1_180' title='bbox 1822 3463 1860 3530; x_wconf 89' lang='lat' dir='ltr'>et</span> 
     </span>
     <span class='ocr_line' id='line_1_23' title="bbox 691 3572 1862 3677; baseline 0.005 -32"><span class='ocrx_word' id='word_1_181' title='bbox 691 3572 833 3648; x_wconf 84' lang='lat' dir='ltr'>infinita</span> <span class='ocrx_word' id='word_1_182' title='bbox 857 3574 973 3648; x_wconf 88' lang='lat' dir='ltr'>classe</span> <span class='ocrx_word' id='word_1_183' title='bbox 998 3574 1165 3649; x_wconf 87' lang='lat' dir='ltr'>transivit</span> <span class='ocrx_word' id='word_1_184' title='bbox 1190 3576 1226 3649; x_wconf 94' lang='lat' dir='ltr'>in</span> <span class='ocrx_word' id='word_1_185' title='bbox 1251 3575 1443 3667; x_wconf 63' lang='lat' dir='ltr'>Graeciam,</span> <span class='ocrx_word' id='word_1_186' title='bbox 1467 3576 1562 3651; x_wconf 83' lang='lat' dir='ltr'>iacto</span> <span class='ocrx_word' id='word_1_187' title='bbox 1587 3582 1697 3677; x_wconf 88' lang='lat' dir='ltr'>ponte</span> <span class='ocrx_word' id='word_1_188' title='bbox 1722 3596 1769 3651; x_wconf 84' lang='lat' dir='ltr'>ex</span> <span class='ocrx_word' id='word_1_189' title='bbox 1794 3596 1862 3651; x_wconf 85' lang='lat' dir='ltr'>na-</span> 
     </span>
     <span class='ocr_line' id='line_1_24' title="bbox 692 3686 1861 3793; baseline 0.007 -30"><span class='ocrx_word' id='word_1_190' title='bbox 692 3691 817 3786; x_wconf 81' lang='lat' dir='ltr'>ribus3</span> <span class='ocrx_word' id='word_1_191' title='bbox 843 3693 906 3767; x_wconf 94' lang='lat' dir='ltr'>sed</span> <span class='ocrx_word' id='word_1_192' title='bbox 932 3694 968 3767; x_wconf 92' lang='lat' dir='ltr'>in</span> <span class='ocrx_word' id='word_1_193' title='bbox 993 3694 1240 3769; x_wconf 75' lang='lat' dir='ltr'>brevi&#39;viclus</span> <span class='ocrx_word' id='word_1_194' title='bbox 1256 3686 1292 3788; x_wconf 85' lang='lat'>(³)</span> <span class='ocrx_word' id='word_1_195' title='bbox 1319 3703 1356 3771; x_wconf 91' lang='lat' dir='ltr'>et</span> <span class='ocrx_word' id='word_1_196' title='bbox 1382 3695 1524 3793; x_wconf 84' lang='lat' dir='ltr'>lugiens</span> <span class='ocrx_word' id='word_1_197' title='bbox 1552 3695 1690 3791; x_wconf 90' lang='lat' dir='ltr'>trepide</span> <span class='ocrx_word' id='word_1_198' title='bbox 1717 3702 1861 3771; x_wconf 86' lang='lat' dir='ltr'>retran-</span> 
     </span>
     <span class='ocr_line' id='line_1_25' title="bbox 692 3811 1860 3913; baseline 0.005 -28"><span class='ocrx_word' id='word_1_199' title='bbox 692 3811 776 3888; x_wconf 88' lang='lat' dir='ltr'>sivit</span> <span class='ocrx_word' id='word_1_200' title='bbox 790 3813 1065 3910; x_wconf 84' lang='lat' dir='ltr'>Hellespontum</span> <span class='ocrx_word' id='word_1_201' title='bbox 1082 3836 1168 3890; x_wconf 89' lang='lat' dir='ltr'>cum</span> <span class='ocrx_word' id='word_1_202' title='bbox 1188 3815 1355 3891; x_wconf 85' lang='lat' dir='ltr'>navicula</span> <span class='ocrx_word' id='word_1_203' title='bbox 1374 3816 1576 3913; x_wconf 84' lang='lat' dir='ltr'>piscatoria.</span> <span class='ocrx_word' id='word_1_204' title='bbox 1594 3815 1700 3891; x_wconf 91' lang='lat' dir='ltr'>Nunc</span> <span class='ocrx_word' id='word_1_205' title='bbox 1716 3817 1761 3891; x_wconf 89' lang='lat' dir='ltr'>ad</span> <span class='ocrx_word' id='word_1_206' title='bbox 1780 3817 1860 3891; x_wconf 91' lang='lat' dir='ltr'>lite-</span> 
     </span>
     <span class='ocr_line' id='line_1_26' title="bbox 692 3933 1861 4031; baseline -0.001 -21"><span class='ocrx_word' id='word_1_207' title='bbox 692 3954 788 4028; x_wconf 83' lang='lat' dir='ltr'>ram,</span> <span class='ocrx_word' id='word_1_208' title='bbox 810 3933 896 4009; x_wconf 89' lang='lat' dir='ltr'>dicit</span> <span class='ocrx_word' id='word_1_209' title='bbox 929 3941 1060 4030; x_wconf 89' lang='lat' dir='ltr'>poeta:</span> <span class='ocrx_word' id='word_1_210' title='bbox 1095 3939 1129 4009; x_wconf 88' lang='lat' dir='ltr'>ll</span> <span class='ocrx_word' id='word_1_211' title='bbox 1156 3940 1273 4029; x_wconf 78' lang='lat' dir='ltr'>fionw,</span> <span class='ocrx_word' id='word_1_212' title='bbox 1304 3936 1450 4031; x_wconf 86' lang='lat' dir='ltr'>seilicet,</span> <span class='ocrx_word' id='word_1_213' title='bbox 1484 3937 1664 4031; x_wconf 84' lang='lat' dir='ltr'>Letbaeus,</span> <span class='ocrx_word' id='word_1_214' title='bbox 1697 3940 1730 4009; x_wconf 84' lang='lat' dir='ltr'>ci</span> <span class='ocrx_word' id='word_1_215' title='bbox 1758 3941 1861 4031; x_wconf 76' lang='lat' dir='ltr'>[coeo</span> 
     </span>
     <span class='ocr_line' id='line_1_27' title="bbox 691 4056 1861 4151; baseline 0 -22"><span class='ocrx_word' id='word_1_216' title='bbox 691 4058 826 4129; x_wconf 72' lang='lat' dir='ltr'>lonmni</span> <span class='ocrx_word' id='word_1_217' title='bbox 850 4062 903 4129; x_wconf 84' lang='lat' dir='ltr'>tre</span> <span class='ocrx_word' id='word_1_218' title='bbox 922 4058 1035 4151; x_wconf 79' lang='lat' dir='ltr'>passi,</span> <span class='ocrx_word' id='word_1_219' title='bbox 1067 4056 1177 4131; x_wconf 84' lang='lat' dir='ltr'>ilasi</span> <span class='ocrx_word' id='word_1_220' title='bbox 1211 4056 1338 4133; x_wconf 87' lang='lat' dir='ltr'>luisset</span> <span class='ocrx_word' id='word_1_221' title='bbox 1369 4058 1419 4133; x_wconf 86' lang='lat' dir='ltr'>itu</span> <span class='ocrx_word' id='word_1_222' title='bbox 1451 4057 1542 4132; x_wconf 85' lang='lat' dir='ltr'>levis</span> <span class='ocrx_word' id='word_1_223' title='bbox 1572 4077 1739 4151; x_wconf 90' lang='lat' dir='ltr'>corpore,</span> <span class='ocrx_word' id='word_1_224' title='bbox 1768 4057 1861 4131; x_wconf 91' lang='lat' dir='ltr'>sicut</span> 
     </span>
     <span class='ocr_line' id='line_1_28' title="bbox 691 4174 1861 4271; baseline 0.001 -22"><span class='ocrx_word' id='word_1_225' title='bbox 691 4180 773 4251; x_wconf 87' lang='lat' dir='ltr'>erat</span> <span class='ocrx_word' id='word_1_226' title='bbox 788 4174 925 4271; x_wconf 90' lang='lat' dir='ltr'>animo,</span> <span class='ocrx_word' id='word_1_227' title='bbox 946 4182 1089 4270; x_wconf 86' lang='lat' dir='ltr'>poterat</span> <span class='ocrx_word' id='word_1_228' title='bbox 1108 4175 1265 4251; x_wconf 87' lang='lat' dir='ltr'>transire</span> <span class='ocrx_word' id='word_1_229' title='bbox 1280 4177 1328 4252; x_wconf 87' lang='lat' dir='ltr'>ad</span> <span class='ocrx_word' id='word_1_230' title='bbox 1344 4197 1427 4252; x_wconf 89' lang='lat' dir='ltr'>eam</span> <span class='ocrx_word' id='word_1_231' title='bbox 1445 4176 1610 4252; x_wconf 85' lang='lat' dir='ltr'>saltando</span> <span class='ocrx_word' id='word_1_232' title='bbox 1627 4176 1686 4259; x_wconf 82' lang='lat' dir='ltr'>rel</span> <span class='ocrx_word' id='word_1_233' title='bbox 1703 4176 1861 4251; x_wconf 83' lang='lat' dir='ltr'>natando</span> 
     </span>
     <span class='ocr_line' id='line_1_29' title="bbox 690 4287 1862 4393; baseline 0.001 -25"><span class='ocrx_word' id='word_1_234' title='bbox 690 4315 759 4391; x_wconf 86' lang='lat' dir='ltr'>per</span> <span class='ocrx_word' id='word_1_235' title='bbox 784 4302 859 4371; x_wconf 92' lang='lat' dir='ltr'>tres</span> <span class='ocrx_word' id='word_1_236' title='bbox 884 4316 1014 4391; x_wconf 85' lang='lat' dir='ltr'>passus</span> <span class='ocrx_word' id='word_1_237' title='bbox 1033 4295 1128 4371; x_wconf 87' lang='lat' dir='ltr'>sicut</span> <span class='ocrx_word' id='word_1_238' title='bbox 1153 4296 1319 4373; x_wconf 88' lang='lat' dir='ltr'>Leander</span> <span class='ocrx_word' id='word_1_239' title='bbox 1343 4316 1409 4393; x_wconf 91' lang='lat' dir='ltr'>per</span> <span class='ocrx_word' id='word_1_240' title='bbox 1436 4297 1503 4371; x_wconf 88' lang='lat' dir='ltr'>tria</span> <span class='ocrx_word' id='word_1_241' title='bbox 1531 4296 1710 4392; x_wconf 88' lang='lat' dir='ltr'>milliaria,</span> <span class='ocrx_word' id='word_1_242' title='bbox 1737 4287 1772 4370; x_wconf 87' lang='lat' dir='ltr'>ld</span> <span class='ocrx_word' id='word_1_243' title='bbox 1798 4317 1862 4370; x_wconf 82' lang='lat' dir='ltr'>ove</span> 
     </span>
     <span class='ocr_line' id='line_1_30' title="bbox 687 4408 1863 4512; baseline -0.001 -21"><span class='ocrx_word' id='word_1_244' title='bbox 687 4408 797 4509; x_wconf 69' lang='lat' dir='ltr'>prend</span> <span class='ocrx_word' id='word_1_245' title='bbox 822 4422 945 4508; x_wconf 80' lang='lat' dir='ltr'>Xerse,</span> <span class='ocrx_word' id='word_1_246' title='bbox 974 4417 1071 4492; x_wconf 87' lang='lat' dir='ltr'>lilius</span> <span class='ocrx_word' id='word_1_247' title='bbox 1096 4417 1212 4511; x_wconf 87' lang='lat' dir='ltr'>Darii;</span> <span class='ocrx_word' id='word_1_248' title='bbox 1245 4418 1391 4511; x_wconf 83' lang='lat' dir='ltr'>Xerses,</span> <span class='ocrx_word' id='word_1_249' title='bbox 1423 4417 1515 4512; x_wconf 89' lang='lat' dir='ltr'>dioo,</span> <span class='ocrx_word' id='word_1_250' title='bbox 1547 4438 1683 4491; x_wconf 82' lang='lat' dir='ltr'>ancora</span> <span class='ocrx_word' id='word_1_251' title='bbox 1708 4421 1813 4512; x_wconf 69' lang='lat' dir='ltr'>lieno</span> <span class='ocrx_word' id='word_1_252' title='bbox 1838 4438 1863 4489; x_wconf 87' lang='grc' dir='ltr'><em>α</em></span> 
     </span>
     <span class='ocr_line' id='line_1_31' title="bbox 691 4525 1862 4633; baseline 0.001 -22"><span class='ocrx_word' id='word_1_253' title='bbox 691 4539 766 4611; x_wconf 73' lang='lat' dir='ltr'>miti</span> <span class='ocrx_word' id='word_1_254' title='bbox 788 4540 930 4628; x_wconf 72' lang='lat' dir='ltr'>orpopc</span> <span class='ocrx_word' id='word_1_255' title='bbox 951 4540 1082 4611; x_wconf 81' lang='lat' dir='ltr'>omani.</span> <span class='ocrx_word' id='word_1_256' title='bbox 1100 4538 1145 4611; x_wconf 78' lang='lat' dir='ltr'>Et</span> <span class='ocrx_word' id='word_1_257' title='bbox 1171 4536 1230 4613; x_wconf 91' lang='lat' dir='ltr'>lric</span> <span class='ocrx_word' id='word_1_258' title='bbox 1247 4544 1345 4633; x_wconf 90' lang='lat' dir='ltr'>uota,</span> <span class='ocrx_word' id='word_1_259' title='bbox 1363 4538 1461 4632; x_wconf 90' lang='lat' dir='ltr'>quod</span> <span class='ocrx_word' id='word_1_260' title='bbox 1482 4557 1572 4613; x_wconf 87' lang='lat' dir='ltr'>vere</span> <span class='ocrx_word' id='word_1_261' title='bbox 1589 4525 1624 4629; x_wconf 71' lang='lat'>(⁴)</span> <span class='ocrx_word' id='word_1_262' title='bbox 1651 4536 1709 4611; x_wconf 94' lang='lat' dir='ltr'>bic</span> <span class='ocrx_word' id='word_1_263' title='bbox 1729 4538 1862 4612; x_wconf 86' lang='lat' dir='ltr'>Xerses</span> 
     </span>
     <span class='ocr_line' id='line_1_32' title="bbox 691 4656 1860 4753; baseline -0.002 -21"><span class='ocrx_word' id='word_1_264' title='bbox 691 4664 748 4732; x_wconf 90' lang='lat' dir='ltr'>est</span> <span class='ocrx_word' id='word_1_265' title='bbox 771 4664 993 4753; x_wconf 84' lang='lat' dir='ltr'>perpetuum</span> <span class='ocrx_word' id='word_1_266' title='bbox 1019 4659 1244 4753; x_wconf 83' lang='lat' dir='ltr'>exemplum,</span> <span class='ocrx_word' id='word_1_267' title='bbox 1262 4658 1401 4735; x_wconf 85' lang='lat' dir='ltr'>hahens</span> <span class='ocrx_word' id='word_1_268' title='bbox 1428 4658 1626 4733; x_wconf 84' lang='lat' dir='ltr'>reiraenare</span> <span class='ocrx_word' id='word_1_269' title='bbox 1651 4656 1860 4753; x_wconf 88' lang='lat' dir='ltr'>superbiam</span> 
     </span>
     <span class='ocr_line' id='line_1_33' title="bbox 674 4774 1862 4888; baseline -0.002 -37"><span class='ocrx_word' id='word_1_270' title='bbox 674 4781 882 4888; x_wconf 40' lang='lat' dir='ltr'>lpotentum</span> <span class='ocrx_word' id='word_1_271' title='bbox 909 4777 1154 4873; x_wconf 75' lang='lat' dir='ltr'>regnantium.</span> <span class='ocrx_word' id='word_1_272' title='bbox 1182 4776 1283 4852; x_wconf 85' lang='lat' dir='ltr'>Sicut</span> <span class='ocrx_word' id='word_1_273' title='bbox 1307 4777 1406 4852; x_wconf 92' lang='lat' dir='ltr'>enim</span> <span class='ocrx_word' id='word_1_274' title='bbox 1436 4778 1561 4853; x_wconf 85' lang='lat' dir='ltr'>scribit</span> <span class='ocrx_word' id='word_1_275' title='bbox 1592 4776 1766 4869; x_wconf 84' lang='lat' dir='ltr'>lustinus,</span> <span class='ocrx_word' id='word_1_276' title='bbox 1793 4774 1862 4849; x_wconf 89' lang='lat' dir='ltr'>mi·</span> 
     </span>
    </p>
   </div>
   <div class='ocr_carea' id='block_1_5' title="bbox 757 4959 1763 5102">
    <p class='ocr_par' dir='ltr' id='par_1_5' title="bbox 757 4959 1763 5102">
     <span class='ocr_line' id='line_1_34' title="bbox 757 4959 1610 5025; baseline -0.008 -6"><span class='ocrx_word' id='word_1_277' title='bbox 757 4960 784 5019; x_wconf 79' lang='lat'>(¹)</span> <span class='ocrx_word' id='word_1_278' title='bbox 800 4960 831 5010; x_wconf 71' lang='lat' dir='ltr'>rt</span> <span class='ocrx_word' id='word_1_279' title='bbox 848 4959 938 5010; x_wconf 76' lang='lat' dir='ltr'>latere·</span> <span class='ocrx_word' id='word_1_280' title='bbox 1356 4962 1383 5024; x_wconf 59' lang='grc' dir='ltr'>(η</span> <span class='ocrx_word' id='word_1_281' title='bbox 1400 4968 1454 5025; x_wconf 83' lang='lat' dir='ltr'>nr,</span> <span class='ocrx_word' id='word_1_282' title='bbox 1471 4962 1610 5014; x_wconf 70' lang='lat' dir='ltr'>mursense.</span> 
     </span>
     <span class='ocr_line' id='line_1_35' title="bbox 758 5035 1763 5102; baseline 0 -15"><span class='ocrx_word' id='word_1_283' title='bbox 758 5035 786 5098; x_wconf 85' lang='lat'>(⁸)</span> <span class='ocrx_word' id='word_1_284' title='bbox 799 5036 830 5087; x_wconf 83' lang='grc' dir='ltr'>Ε.</span> <span class='ocrx_word' id='word_1_285' title='bbox 847 5037 930 5087; x_wconf 78' lang='lat' dir='ltr'>rictus</span> <span class='ocrx_word' id='word_1_286' title='bbox 945 5036 1096 5101; x_wconf 66' lang='lat' dir='ltr'>confugient</span> <span class='ocrx_word' id='word_1_287' title='bbox 1113 5038 1218 5101; x_wconf 86' lang='lat' dir='ltr'>trepide.</span> <span class='ocrx_word' id='word_1_288' title='bbox 1356 5040 1384 5102; x_wconf 80' lang='lat'>(⁸)</span> <span class='ocrx_word' id='word_1_289' title='bbox 1400 5040 1430 5091; x_wconf 85' lang='lat' dir='ltr'>E.</span> <span class='ocrx_word' id='word_1_290' title='bbox 1447 5054 1508 5091; x_wconf 85' lang='lat' dir='ltr'>rere</span> <span class='ocrx_word' id='word_1_291' title='bbox 1523 5040 1571 5091; x_wconf 71' lang='lat' dir='ltr'>loto</span> <span class='ocrx_word' id='word_1_292' title='bbox 1587 5038 1646 5089; x_wconf 78' lang='lat' dir='ltr'>talis</span> <span class='ocrx_word' id='word_1_293' title='bbox 1660 5036 1763 5088; x_wconf 63' lang='lat' dir='ltr'>xum</span> 
     </span>
    </p>
   </div>
   <div class='ocr_carea' id='block_1_6' title="bbox 0 0 2176 6692">
    <p class='ocr_par' dir='ltr' id='par_1_6' title="bbox 0 0 2176 6692">
     <span class='ocr_line' id='line_1_36' title="bbox 0 0 2176 6692; baseline 0 0"><span class='ocrx_word' id='word_1_294' title='bbox 0 0 2176 6692; x_wconf 95' lang='lat' dir='ltr'> </span> 
     </span>
    </p>
   </div>
  </div>
 </body>
</html>
