4342 6692
659 899 705 966 30
903 866 904 869 Ὺ
1017 907 1221 963 commacu
1245 907 1463 963 runnnronu

658 1077 744 1132 cum
771 1057 878 1132 vineo
902 1055 949 1130 ad
971 1056 1156 1130 arborem.
1175 1054 1220 1128 itt
1235 1054 1410 1128 continuo
1426 1055 1688 1166 superveniens
1706 1065 1829 1149 pastor

658 1177 874 1273 peregrinus
899 1177 1002 1250 illum
1024 1175 1163 1270 accepit
1188 1180 1225 1250 et
1249 1173 1398 1248 donavit
1415 1174 1561 1249 cuidam
1578 1175 1625 1249 de
1641 1175 1827 1272 Goryntbo

659 1297 722 1391 qui
748 1298 906 1392 portavit
931 1317 1017 1371 eum
1044 1296 1090 1369 nd
1116 1297 1287 1390 Meropen
1314 1314 1470 1368 uxorem
1495 1294 1609 1368 Polibi
1642 1295 1738 1390 regis
1763 1315 1829 1369 co·

661 1417 891 1513 ryntbiorum
911 1420 1097 1490 carentem
1116 1415 1217 1489 omni
1234 1415 1347 1509 prole.
1369 1414 1454 1489 ldeo
1478 1435 1501 1488 a
1527 1435 1616 1512 rege
1640 1420 1678 1490 et
1703 1415 1828 1512 regina

660 1543 849 1632 susceptus
875 1536 991 1612 estin
1017 1535 1133 1609 lilium
1152 1535 1254 1610 velut
1283 1535 1415 1608 missus
1441 1556 1462 1609 a
1489 1537 1706 1629 coelo,cum
1733 1555 1828 1631 prae-

662 1657 827 1731 tenderet
852 1657 1009 1730 indolem
1037 1657 1212 1751 regalem,
1230 1661 1268 1729 et
1284 1661 1511 1730 vocaverunt
1535 1675 1621 1729 eum
1647 1655 1827 1751 OEdipum

661 1797 683 1850 a
718 1777 877 1871 pedibus.
912 1775 1072 1870 OEdlpus
1109 1775 1222 1871 igitur
1261 1765 1427 1867 lactusl¹l
1461 1774 1609 1869 juvenis
1646 1777 1830 1850 formosus

663 1895 764 1968 sortis
798 1895 935 1970 babens
972 1895 1138 1968 animum
1168 1900 1207 1968 et
1235 1913 1358 1968 mores
1392 1895 1545 1989 regales,
1575 1895 1701 1968 audito
1730 1894 1829 1988 quod

663 2034 737 2088 non
762 2021 843 2088 erat
868 2014 962 2088 lilius
986 2013 1100 2087 Polibi
1126 2021 1253 2107 captus
1282 2013 1463 2088 desiderio
1493 2014 1734 2110 cognoscendi
1764 2037 1831 2110 pa·

662 2141 770 2227 trem,
797 2136 944 2209 obtenta
970 2135 1114 2208 licentia
1140 2133 1336 2208 difficulter
1356 2155 1378 2208 a
1397 2134 1533 2227 Polibo,
1551 2135 1650 2208 venit
1673 2135 1720 2210 ad
1745 2157 1832 2211 ora-

662 2257 788 2330 culum
815 2255 1034 2351 delphicum,
1053 2255 1115 2328 ubi
1133 2255 1271 2328 audivit
1298 2255 1396 2349 quod
1421 2262 1563 2349 patrem
1589 2255 1769 2331 inveniret
1794 2257 1832 2329 in
1890 2284 1895 2295 ·

664 2377 832 2472 Phocide,
851 2383 888 2452 et
909 2383 1065 2451 matrem
1092 2383 1217 2471 postea
1242 2376 1393 2450 duceret
1419 2377 1457 2449 in
1482 2397 1649 2451 uxorem.
1667 2377 1736 2465 Qut
1753 2383 1834 2451 stu*

666 2498 829 2592 pelactus
850 2496 996 2571 devenit
1014 2495 1049 2569 in
1067 2495 1274 2588 Phocidem,
1298 2495 1360 2569 ubi
1384 2501 1466 2570 orta
1492 2496 1667 2571 seditione
1680 2487 1718 2589 (Ξ)
1738 2498 1834 2571 iuter

519 2625 525 2635 ‘
665 2616 828 2690 forenses
853 2623 891 2691 et
916 2616 1024 2710 cives,
1050 2615 1159 2688 Laius
1190 2616 1316 2689 volens
1348 2615 1477 2689 sedare
1508 2615 1605 2688 litem
1638 2636 1833 2710 percussus

666 2736 734 2809 luit
759 2736 879 2831 gladio
904 2735 952 2808 ab
967 2733 1105 2830 OEdipo
1121 2724 1177 2827 (³l3
1196 2734 1326 2808 deinde
1346 2735 1495 2808 veniens
1511 2735 1834 2832 Thebasincogni-

667 2863 726 2929 tus
754 2856 847 2930 lorte
872 2856 958 2949 quia
983 2855 1203 2930 credebatur
1218 2843 1255 2946 (⁴)
1281 2854 1375 2927 lilius
1394 2854 1490 2950 regis
1509 2855 1634 2948 Polibi,
1652 2855 1759 2929 datus
1778 2855 1835 2929 est

666 2976 702 3049 in
730 2976 849 3049 virum
876 2977 1039 3068 locastae,
1062 2995 1147 3069 quae
1171 2975 1292 3049 adbuc
1315 2974 1528 3068 deplorabat
1553 2983 1710 3050 mortem
1737 2977 1833 3070 baii3

667 3116 778 3189 quam
803 3094 962 3189 OEdipus
987 3095 1142 3169 libenter
1172 3095 1311 3194 accepit
1342 3095 1472 3169 timens
1506 3115 1553 3169 ne
1582 3095 1734 3170 duceret
1759 3099 1836 3172 lle-

667 3235 780 3310 ropan
807 3236 918 3308 quam
951 3214 1123 3290 credebat
1154 3235 1234 3288 esse
1264 3221 1420 3289 matrem
1456 3236 1573 3289 suam.
1606 3217 1721 3312 lgitur
1754 3219 1835 3293 laete

668 3357 827 3432 regnans
852 3335 979 3431 genuit
1005 3339 1166 3428 quatuor
1192 3333 1283 3409 lilios
1312 3355 1358 3409 ex
1389 3343 1527 3408 matre:
1554 3337 1617 3410 sed
1642 3356 1730 3411 ecce
1755 3358 1837 3411 ma-

667 3473 739 3550 gna
766 3461 866 3549 peste
892 3460 976 3528 nata
998 3454 1035 3526 in
1052 3453 1208 3547 civitate,
1231 3455 1320 3528 dum
1342 3461 1574 3548 quaereretur
1594 3457 1726 3530 modus
1746 3478 1837 3551 pur·

667 3574 823 3670 gationis
848 3574 894 3648 de
921 3595 1036 3668 more,
1062 3575 1218 3648 Tiresias
1245 3575 1428 3648 maximus
1460 3595 1582 3672 augur
1612 3575 1712 3671 dixit,
1738 3577 1838 3671 quod

668 3715 859 3786 nunquam
874 3685 911 3785 (⁵)
938 3699 1098 3768 cessaret
1128 3694 1249 3788 pestis,
1277 3693 1343 3767 nisi
1373 3694 1514 3769 occisor
1546 3697 1656 3790 patris
1688 3702 1725 3770 et
1759 3717 1839 3770 ma-

669 3813 812 3887 culatur
838 3814 965 3888 matris
996 3813 1244 3907 deponeretur
1277 3834 1300 3887 a
1334 3832 1471 3909 regn03
1501 3825 1539 3891 et
1568 3816 1666 3889 bunc
1696 3815 1839 3891 dicebat

670 3951 750 4008 esse
774 3933 964 4030 OEdipum.
991 3935 1045 4007 Re
1071 3935 1252 4008 horrenda
1281 3934 1435 4029 detecta,
1468 3935 1593 4008 omnis·
1611 3941 1667 4010 est
1691 3937 1839 4010 turbata

670 4053 811 4148 laetitia3
833 4059 871 4129 et
890 4056 1031 4128 Jocasta
1050 4054 1263 4148 deplorante
1284 4054 1436 4128 infames
1454 4055 1596 4149 nuptias
1615 4075 1712 4150 suas,
1729 4055 1840 4130 OEdi-

670 4191 739 4269 pus
764 4159 905 4250 abiecto
932 4177 1055 4250 babitu
1085 4175 1198 4272 regali
1223 4181 1352 4270 sponte
1376 4175 1474 4249 eruit
1504 4175 1570 4249 sibi
1600 4177 1727 4252 oculos
1751 4198 1839 4252 cum

668 4293 787 4389 digitis
813 4301 849 4369 et
875 4296 913 4368 in
939 4304 1135 4390 perpetuas
1162 4295 1330 4369 tenebras
1355 4315 1396 4368 se
1420 4295 1624 4369 damnavit:
1642 4296 1749 4370 cuius
1775 4297 1842 4371 tri-

669 4413 802 4488 stitiam
830 4415 891 4489 filii
915 4416 1136 4508 deriserunt,
1159 4423 1196 4490 et
1223 4413 1402 4490 maledicti
1427 4435 1449 4488 a
1475 4421 1580 4510 patre
1604 4419 1748 4492 accensi
1774 4440 1842 4494 cu·

669 4534 816 4630 piditate
842 4536 1017 4632 regnandi
1045 4536 1192 4611 tandem
1219 4542 1471 4611 convenerunt
1497 4542 1537 4610 ut
1564 4558 1639 4610 uno
1666 4545 1843 4635 regnante

669 4673 736 4750 par
761 4675 911 4748 annum,
933 4657 1026 4730 alter
1052 4657 1231 4731 exularet.
1259 4655 1329 4730 Sed
1354 4675 1440 4729 cum
1467 4661 1548 4750 post
1571 4676 1710 4729 annum
1731 4657 1843 4733 Eteo-

734 4885 763 4948 (Ἴ
780 4891 834 4948 ¹¹⁷,
850 4885 935 4936 stellis
950 4894 998 4939 eal.
1294 4887 1322 4947 (Ἴ
1338 4887 1363 4938 S.
1380 4887 1512 4939 divisione,

735 4961 761 5024 l'l
779 4961 809 5012 Ε.
825 4961 927 5026 OEdipo
943 4963 1012 5028 ipso:
1028 4964 1129 5016 deinde.
1297 4963 1324 5027 (⁸)
1340 4965 1367 5014 S.
1383 4965 1527 5018 ridebatur.

736 5037 764 5101 (⁸)
781 5037 811 5088 lt.
828 5051 959 5102 uunquam
976 5039 1099 5091 deiiceret
1115 5054 1162 5091 noo
1179 5046 1292 5092 cenaret
1307 5041 1375 5091 dau
1392 5042 1477 5104 postia.
1513 5096 1516 5101 ,
