4342 6692
778 919 917 977 caurus
941 919 1087 976 snxrus.
1444 908 1515 975 itti

343 1059 392 1136 ab
417 1061 581 1137 hostibus
607 1063 766 1138 enatavit
786 1066 1045 1160 perducentes
1063 1085 1192 1160 passus
1208 1064 1253 1139 ad
1271 1064 1513 1160 propinquam

344 1182 467 1257 navim
486 1183 635 1278 pallium
654 1205 764 1259 suum
780 1205 866 1261 oum
885 1186 1054 1261 dentibus
1072 1186 1233 1280 trahens,
1246 1192 1285 1260 et
1301 1206 1415 1259 manu
1431 1185 1517 1258 sini-

343 1307 420 1377 stra
433 1303 576 1379 elevata
595 1325 642 1380 ue
658 1303 774 1380 literae
791 1325 884 1401 quas
901 1306 1059 1382 habebat
1077 1305 1355 1380 balnearentur:
1374 1312 1515 1380 etcum

344 1423 510 1499 rediisset
522 1425 567 1499 ad
582 1445 669 1500 suos
686 1446 771 1500 curn
791 1426 894 1501 solita
915 1427 1103 1502 celeritate
1123 1434 1161 1500 et
1179 1425 1349 1501 felicitate
1362 1425 1514 1500 classem

344 1545 443 1642 regis
467 1545 643 1640 oppressit
668 1551 705 1621 et
730 1547 836 1642 cepit,
862 1553 900 1622 et
925 1553 1043 1622 castra
1076 1546 1234 1621 hostium
1267 1546 1399 1620 invasit
1428 1565 1514 1621 curn

345 1685 477 1762 magna
505 1673 629 1762 strage
653 1687 795 1742 eorum.
814 1668 891 1742 Rex
910 1668 1053 1766 fugiens
1079 1667 1226 1741 intravit
1248 1687 1359 1740 unam
1379 1666 1514 1759 navim,

344 1807 419 1882 qua
444 1785 613 1862 demersa
641 1788 872 1864 multitudine
896 1788 1115 1886 fugientium
1143 1788 1205 1883 qui
1230 1787 1394 1862 similiter
1412 1788 1515 1861 vole-

345 1908 433 1982 bant
457 1909 626 2003 evadere,
647 1909 846 1984 suffocatus
872 1918 928 1985 est
953 1910 988 1983 in
1015 1931 1126 2004 aqua.
1151 1907 1290 1984 Deinde
1306 1908 1429 1983 Cesar
1453 1928 1515 2007 re—

343 2034 470 2122 oeptus
504 2029 540 2102 in
572 2029 828 2104 Alexandriam
864 2029 1018 2105 reddidit
1055 2049 1211 2127 regnum
1244 2028 1446 2124 cleopatra
1475 2028 1514 2101 in

344 2267 493 2342 nianus:
520 2272 587 2342 Pot
612 2265 673 2342 udr
698 2275 883 2362 Durozzo,
901 2269 1037 2345 scilicet
1057 2269 1180 2345 Caesar
1199 2269 1380 2344 convertit
1406 2287 1516 2342 erer-

264 2402 268 2410 ·
342 2386 474 2480 eitum,
507 2409 526 2460 e
554 2409 715 2480 pernosse
740 2393 949 2481 Forsoplia,
984 2389 1090 2483 idest,
1124 2389 1363 2483 Thessaliam,
1398 2408 1512 2484 quam

344 2507 497 2582 rubeam
513 2508 596 2584 iecit
609 2508 790 2606 sanguine
805 2502 951 2603 civilio*
968 2511 1028 2582 olle
1045 2513 1084 2583 nl
1096 2513 1156 2583 Nil
1169 2513 1286 2602 coldo,
1301 2509 1393 2584 idest
1402 2509 1516 2606 AEgy-

341 2632 425 2722 ptus
437 2647 505 2723 per
522 2647 634 2721 quem
654 2628 789 2703 labitur
800 2629 912 2724 Nilus,
927 2649 1011 2723 quae
1024 2636 1079 2704 est
1092 2630 1206 2704 calida
1226 2629 1328 2726 regio
1345 2635 1513 2703 extrema

340 2747 445 2842 Asiae,
472 2749 699 2823 contermina
731 2748 873 2844 diricae,
904 2753 936 2822 si
963 2742 1049 2822 senti
1080 2753 1138 2824 del
1166 2753 1284 2840 duodo,
1314 2748 1416 2842 idest,
1445 2748 1512 2823 do-

340 2866 429 2942 lore.
456 2869 500 2940 itt
525 2867 646 2942 subdit
671 2868 856 2961 quomodo
880 2867 1003 2943 Caesar
1029 2876 1244 2964 persecutus
1269 2867 1510 2967 Pompeium,

339 2994 379 3063 et
402 2988 482 3062 vult
507 2988 629 3063 dicere
655 3009 729 3062 uno
754 2989 868 3063 uerbo
894 2987 993 3083 quod
1010 2987 1132 3064 Cesar
1154 2988 1317 3062 transivit
1334 2989 1370 3062 in
1388 2988 1509 3063 Asiam

339 3109 385 3184 ad
411 3110 695 3204 Hellespontum,
724 3109 784 3183 ubi
815 3109 901 3183 olim
932 3109 1067 3184 Xerses
1098 3109 1263 3184 transivit
1293 3130 1339 3184 er
1365 3109 1448 3183 lisia
1473 3110 1509 3183 in

339 3227 530 3303 Graeciam.
565 3227 655 3302 llicit
686 3248 797 3325 ergo:
833 3235 870 3304 et
907 3228 994 3302 illud
1029 3228 1174 3325 signum
1206 3228 1356 3323 aquilae,
1385 3231 1510 3319 muido,

338 3347 441 3443 idest,
460 3349 593 3423 iterum
614 3347 712 3443 vidit,
727 3351 925 3443 Antandro,
945 3348 1061 3423 insula
1078 3349 1274 3444 estTroiae,
1288 3371 1307 3423 e
1323 3352 1510 3424 Simoenta.

337 3469 468 3545 Simois
498 3476 554 3545 cst
584 3469 717 3543 durius
747 3468 923 3564 troianus,
950 3490 1016 3565 per
1046 3490 1130 3564 que
1159 3470 1239 3545 loca
1269 3470 1332 3544 dat
1362 3468 1510 3566 intelligi

338 3590 498 3684 troiam,
515 3593 607 3664 onds
631 3593 662 3663 si
686 3609 811 3680 mosee,
829 3589 877 3664 ab
894 3589 995 3663 initio
1012 3590 1161 3684 quando
1178 3589 1278 3665 venit
1296 3610 1381 3665 cum
1401 3590 1510 3682 linea,

338 3720 381 3788 ut
407 3717 544 3787 tactum
579 3711 694 3785 estin
725 3710 900 3805 principio
932 3709 1091 3805 capituli,
1125 3700 1209 3786 etd
1240 3713 1449 3784 dou'Ettore
1480 3712 1512 3781 ai

338 3834 446 3908 moa:
471 3833 540 3906 hoc
565 3831 650 3905 dicit
674 3837 845 3904 notanter
866 3831 952 3924 quia
970 3830 1093 3905 Caesar
1114 3829 1270 3903 visitavit
1290 3835 1328 3902 et
1350 3831 1510 3902 honoro·

338 3952 390 4028 vit
414 3953 623 4047 sepulcrum
651 3949 829 4043 Hectoris3
848 3956 885 4024 et
910 3948 1011 4024 dicit:
1038 3971 1057 4021 e
1078 3951 1248 4041 posciosi
1269 3950 1429 4036 mscosse,
1451 3965 1510 4020 so·

215 4155 222 4166 ,
338 4073 464 4168 movit,
490 4074 564 4145 mot
584 4093 650 4164 per
673 4073 844 4162 lotorum,
875 4069 971 4143 malo
987 4061 1023 4162 (¹)
1042 4075 1078 4143 et
1098 4069 1233 4142 damno
1253 4066 1510 4142 Ptolomaei.-

338 4200 398 4268 Du
423 4197 523 4268 ende.
550 4193 615 4266 liic
641 4189 866 4265 Iustinianus
890 4196 987 4265 tacto
1013 4209 1149 4286 magno
1173 4189 1268 4263 bello
1286 4188 1393 4282 civili,
1411 4187 1509 4281 quod

338 4313 461 4389 cesar
482 4312 594 4410 gessit
609 4333 696 4386 cum
714 4310 900 4406 Pompeio,
919 4330 1018 4384 nunc
1034 4310 1151 4406 tangit
1167 4308 1330 4382 breviter
1347 4307 1417 4382 alia
1434 4307 1510 4382 duo

337 4433 431 4508 bella
462 4432 580 4507 civilia
614 4451 697 4526 qnae
728 4431 839 4528 gessit
869 4450 954 4504 cuum
989 4429 1229 4524 Pompeianis.
1262 4428 1314 4503 nd
1347 4447 1508 4522 quornm

338 4551 582 4649 cognitionem
610 4558 664 4626 est
690 4548 890 4644 sciendum,
912 4549 1009 4644 quod
1029 4549 1151 4624 Cesar
1172 4548 1346 4623 recedens
1363 4569 1408 4622 ex
1427 4547 1509 4621 Asia

338 4673 373 4746 in
402 4672 522 4747 medio
540 4677 797 4768 tempestatum
820 4689 886 4765 per
905 4671 1073 4767 hyemem
1094 4668 1261 4764 pervenit
1277 4669 1314 4742 in
1331 4667 1510 4761 Siciliam;

338 4799 376 4867 et
401 4792 569 4886 quamvis
595 4798 690 4866 esset
717 4789 945 4866 necessarius
965 4789 1086 4883 ltaliae,
1104 4794 1229 4864 tamen
1254 4787 1409 4863 audiens
1429 4807 1509 4863 ma·

400 5055 428 5119 (¹)
445 5055 475 5106 li.
493 5055 557 5106 idest
573 5054 642 5106 mulo
659 5060 694 5104 ct.
