4342 6692
682 877 755 945 ut
1074 886 1280 943 tonsurari
1304 886 1471 943 rmanrsr

682 1034 729 1109 nt
752 1053 877 1127 senex,
902 1030 1028 1107 debitis
1054 1032 1112 1107 vet
1139 1030 1324 1125 intirmns3
1351 1033 1410 1107 rat
1435 1032 1466 1105 si
1492 1031 1668 1128 exipsius
1692 1032 1857 1109 ussum

682 1152 844 1229 turbatio
868 1152 1045 1228 timeatur
1069 1152 1107 1227 in
1133 1158 1245 1229 terra.
1263 1152 1367 1229 Unde
1383 1153 1481 1229 cirea
1498 1152 1661 1248 primum
1682 1153 1857 1231 admonet

683 1295 763 1369 ιω,
786 1273 927 1348 dioens:
953 1294 1014 1346 ma
1043 1276 1160 1368 ataan,
1189 1274 1253 1367 qui
1279 1279 1407 1348 votnm
1435 1271 1671 1367 teneritudo
1695 1278 1857 1350 amaad

684 1402 836 1487 temere,
860 1414 980 1485 amaa,
1006 1392 1109 1488 idest,
1135 1398 1275 1487 votum,
1302 1392 1402 1487 quod
1431 1400 1486 1469 est
1514 1414 1629 1491 grave
1649 1414 1758 1488 onus,
1783 1398 1857 1469 atta

680 1534 748 1589 aaa
770 1518 899 1607 spada,
924 1514 1019 1609 tinet,
1043 1519 1174 1610 gravet
1199 1534 1301 1608 eum,
1316 1535 1385 1607 per
1408 1534 1473 1587 sao
1494 1514 1655 1605 aare,
1676 1515 1776 1608 qnod
1801 1523 1856 1591 est

682 1636 854 1729 liberum,
877 1656 986 1709 senza
1012 1637 1049 1708 ta
1074 1638 1169 1709 aotta
1193 1636 1286 1709 detta
1306 1638 1424 1709 canae
1440 1636 1581 1726 mama,
1598 1635 1702 1730 idest,
1719 1656 1855 1732 argen-

682 1762 753 1850 tea,
778 1778 798 1829 e
820 1758 913 1830 detta
935 1758 1060 1848 atrita
1079 1756 1181 1849 idest,
1198 1774 1326 1848 aurea,
1350 1754 1457 1850 quasi
1477 1755 1583 1851 dieat,
1611 1756 1691 1831 sine
1709 1756 1852 1831 tinentia

681 1876 847 1972 pastoris,
865 1876 929 1971 qui
954 1875 1088 1951 habeat
1112 1876 1348 1951 autoritatem
1367 1882 1405 1950 et
1424 1875 1613 1951 scientiam
1638 1875 1797 1951 solvendi
1813 1882 1852 1951 et

681 1997 827 2094 ligandi,
852 2016 937 2090 qna
961 1995 1171 2093 figurantur
1184 1990 1221 2088 (¹)
1249 1995 1286 2069 in
1312 1994 1488 2089 clavibus,
1514 1994 1608 2071 sicut
1633 2002 1733 2090 patet
1754 2014 1854 2071 nono

681 2117 840 2212 eapituto
852 2115 1174 2212 Purgatorii.-E.
1190 2116 1255 2191 ilie
1267 2115 1415 2192 Bentrir
1430 2116 1545 2213 tangit
1558 2115 1758 2191 secandam
1774 2134 1855 2190 rem

681 2235 895 2330 requisitam
920 2234 966 2309 ad
994 2242 1135 2328 votum,
1161 2234 1309 2330 scilieet,
1335 2235 1638 2331 meliorationem,
1664 2237 1858 2313 dioensttt

680 2358 777 2429 aradi
792 2363 842 2456 ta,
859 2355 922 2449 qui
944 2353 997 2429 vis
1013 2355 1322 2449 permutationem
1339 2347 1376 2449 (²)
1395 2356 1594 2450 impetrare
1610 2377 1632 2431 a
1651 2356 1854 2451 sacerdote,

680 2478 766 2567 natat
784 2481 1020 2567 parnataaaa
1035 2475 1172 2567 saiotta,
1195 2476 1335 2571 supple,
1353 2496 1445 2571 esse,
1463 2499 1500 2551 se
1520 2479 1557 2549 ta
1581 2497 1665 2551 rosa
1690 2480 1853 2568 mssa,

681 2616 765 2689 qua
789 2601 869 2669 erat
893 2601 979 2669 vota
1005 2596 1062 2670 vel
1087 2592 1405 2692 promissarum*
1426 2600 1596 2688 raccolta,
1616 2597 1719 2693 idest,
1737 2597 1854 2671 conti-

680 2723 802 2811 netur,
827 2720 866 2790 ta
889 2718 926 2789 la
950 2736 1132 2809 rorprara,
1152 2715 1254 2810 idest,
1279 2716 1326 2791 de
1350 2737 1447 2791 novo
1472 2724 1660 2813 assumpta
1684 2740 1708 2793 a
1733 2718 1854 2811 simili,

679 2858 776 2911 aerae
788 2841 814 2911 ’t
829 2845 970 2932 quattra
988 2840 1048 2911 nat
1069 2840 1132 2928 set,
1157 2836 1260 2931 idest,
1278 2836 1372 2911 sicut
1392 2857 1573 2912 numerus
1594 2838 1855 2932 quaternarios

679 2956 1002 3053 eomprehenditur
1014 2956 1084 3030 sub
1098 2956 1242 3031 senario
1260 2976 1419 3032 numero
1437 2956 1567 3031 maiori
1580 2963 1618 3033 et
1629 2957 1854 3053 perfectiora

680 3077 784 3172 quasi
815 3077 922 3170 dicat,
956 3076 1023 3151 nisi
1058 3096 1118 3151 res
1148 3084 1337 3173 assumpta
1371 3079 1492 3153 rateat
1520 3079 1681 3154 alterum
1706 3085 1852 3153 tanturn

679 3216 769 3280 aum
793 3197 951 3271 dimidio.
969 3198 1014 3270 Et
1031 3197 1113 3273 ideo
1133 3198 1230 3272 addit
1251 3218 1370 3271 unum
1392 3198 1561 3292 notabile,
1582 3197 1730 3293 scilicet,
1751 3200 1851 3293 quod

679 3319 727 3394 do
750 3340 793 3394 re
816 3318 953 3415 optima
978 3338 1051 3392 non
1077 3324 1197 3412 potest
1224 3316 1302 3393 fieri
1329 3318 1569 3393 eommutatio
1587 3318 1624 3393 in
1646 3324 1743 3413 voto,
1766 3319 1852 3414 quia

679 3439 766 3513 m’hit
793 3438 978 3536 reperitur
1004 3438 1137 3513 meiius
1163 3439 1222 3513 vel
1240 3459 1350 3534 aeque
1369 3440 1522 3533 bonum,
1539 3440 1633 3513 siam
1658 3459 1743 3514 cum
1769 3440 1856 3533 auis

679 3559 780 3633 vovit
803 3566 841 3633 et
865 3559 1045 3633 dedicarit
1068 3579 1174 3633 suam
1202 3559 1428 3634 voluntatem
1455 3559 1608 3634 liberam
1635 3560 1721 3634 Deo.
1748 3559 1853 3635 Unde

679 3678 785 3753 deit:
807 3669 897 3771 perd
928 3680 1126 3771 qantaaaaa
1156 3698 1240 3751 cosa
1275 3686 1369 3753 tanto
1398 3700 1500 3774 pesa,
1535 3678 1638 3773 idest,
1672 3687 1726 3755 est
1758 3680 1849 3754 tanti

678 3798 795 3895 pretii,
817 3820 884 3891 per
906 3818 971 3872 aaa
996 3802 1112 3891 vator,
1130 3799 1232 3894 idest,
1259 3800 1432 3894 bonitate,
1454 3803 1514 3873 ctae
1534 3806 1664 3891 traaaa
1690 3803 1774 3892 uarat
1796 3801 1851 3874 a·-

678 3922 807 4013 toeraia,
835 3919 937 4015 idest,
962 3920 1218 4016 praeponderet
1242 3920 1415 3995 omnibus
1433 3919 1513 3994 aliis
1530 3921 1652 4014 rebus,
1671 3922 1758 4015 quia
1777 3942 1852 3997 non

678 4042 861 4137 reperitur
886 4041 956 4115 alia
981 4062 1042 4115 res
1059 4047 1134 4115 tam
1149 4041 1241 4137 justi
1259 4041 1438 4136 ponderis,
1455 4062 1529 4114 aaa
1544 4043 1576 4114 st
1586 4033 1661 4134 pud
1676 4044 1853 4137 remutare

677 4180 743 4234 aaa
768 4164 864 4234 attra
886 4181 1003 4253 spera,
1029 4160 1131 4255 idest,
1149 4160 1273 4255 aliqua
1299 4161 1596 4255 compensatione
1620 4160 1679 4235 vel
1706 4160 1852 4255 dispen-

676 4282 827 4375 satione,
861 4280 957 4355 sieut
987 4287 1043 4355 est
1076 4288 1206 4355 votnm
1244 4280 1491 4375 continentiae,
1524 4300 1598 4374 qua
1631 4278 1681 4353 nii
1717 4280 1851 4355 melius

678 4401 884 4497 reperitur3
915 4400 1014 4475 unde
1051 4401 1320 4497 Hieronymus:
1360 4403 1496 4495 Nuntia
1533 4402 1668 4493 raptant
1703 4405 1851 4489 amam,

677 4525 861 4616 uramara
878 4525 1101 4596 Paradisum.
1126 4522 1170 4594 nt
1195 4521 1253 4595 hic
1278 4529 1378 4617 nota,
1405 4521 1504 4617 quod
1529 4522 1599 4595 hac
1626 4518 1741 4616 tangit
1756 4519 1852 4595 Con-

677 4646 848 4721 stantiam
879 4652 917 4719 et
945 4643 1182 4736 Pichardam3
1215 4649 1340 4717 mmen
1369 4642 1416 4718 ad
1447 4642 1723 4717 excusationem
1754 4640 1851 4715 Con-

676 4765 818 4839 stantioe
841 4763 1032 4839 dicebatur
1062 4762 1160 4856 quod
1186 4782 1254 4856 pro
1278 4762 1376 4836 bono
1405 4762 1509 4859 regni
1536 4761 1665 4837 Sieiliae
1695 4762 1765 4835 hoo
1795 4760 1851 4835 ia-

738 5025 765 5085 (¹)
781 5024 811 5074 E·
828 5023 964 5087 dgnntm.
1122 5021 1149 5087 (¹)
1165 5022 1196 5073 E.
1213 5023 1432 5086 pamutrtionem
1442 5022 1496 5075 rati
1506 5024 1656 5086 impetrare.
