4342 6692
750 900 888 957 murus
912 902 1107 958 sscnunus
1440 892 1511 961 345

340 1046 527 1123 sciendum
554 1048 654 1142 qnod
678 1069 790 1123 omne
814 1070 947 1145 corpus
973 1050 1083 1126 babet
1113 1050 1149 1125 in
1179 1072 1220 1127 se
1251 1052 1428 1149 triplicem
1456 1053 1512 1128 di-

340 1168 580 1263 mensionem,
593 1168 741 1262 scilicet,
753 1190 967 1245 mensuram
987 1171 1231 1267 longitudinis,
1245 1173 1453 1268 latitudinis,
1475 1182 1512 1249 et

339 1290 537 1366 altitudinis
561 1289 639 1365 sive
664 1289 927 1386 profunditatis.
952 1290 1057 1365 Modo
1074 1312 1210 1388 corpus
1227 1314 1300 1368 non
1317 1300 1437 1389 polest
1454 1295 1512 1369 in-

341 1416 441 1486 trare
466 1410 565 1486 alind
589 1430 724 1505 corpus
749 1411 828 1486 sino
852 1412 1088 1506 corruptione
1119 1412 1225 1508 illius,
1252 1414 1346 1488 sicut
1377 1416 1407 1488 si
1439 1413 1512 1512 ligo

340 1530 488 1605 clavum
514 1531 551 1604 in
576 1531 729 1627 lignum,
755 1531 880 1625 palum
905 1530 1121 1626 interram,
1140 1533 1198 1607 vel
1218 1534 1370 1630 digitum
1391 1535 1427 1609 in
1444 1555 1511 1630 po·

340 1670 459 1745 mum,
484 1656 630 1745 oportet
653 1650 751 1744 quod
777 1650 932 1725 materia
951 1651 1057 1726 cedat
1073 1672 1121 1727 ex
1138 1658 1242 1748 parte
1260 1653 1312 1729 rei
1332 1654 1512 1750 recipien-

340 1770 404 1864 tis;
423 1770 521 1845 unde
542 1770 647 1845 dicit:
673 1773 826 1845 ct’esccr
844 1775 1000 1867 conum,
1023 1771 1125 1867 idest,
1147 1772 1245 1867 quod
1266 1774 1340 1868 pati
1365 1781 1510 1870 oportet

338 1910 429 1985 esse,
455 1912 493 1964 se
516 1911 625 1983 corpo
649 1912 745 1983 repe,
761 1890 866 1985 idest,
885 1892 1079 1985 subintrat,
1095 1896 1133 1965 tn
1151 1914 1270 1985 corpo.
1298 1894 1343 1967 Et
1360 1902 1461 1969 certe
1472 1886 1509 1986 (⁴)

340 2030 476 2107 corpus
508 2010 611 2085 istius
644 2011 801 2085 bominis
833 2016 977 2107 poterat
1010 2011 1080 2085 dici
1120 2012 1322 2108 spirituale,
1353 2013 1444 2089 idest
1460 2004 1509 2108 (¹),

338 2131 490 2207 omnino
515 2131 699 2207 subditum
725 2131 878 2227 spiritui.
892 2134 1141 2206 -Accendem
1168 2132 1272 2208 Nune
1304 2139 1414 2208 autor
1443 2155 1511 2209 nos

341 2253 478 2328 utiliter
494 2252 679 2347 admonet,
697 2252 807 2347 qood,
824 2251 972 2326 dimissa
988 2252 1202 2327 curiositate
1218 2252 1424 2347 inquirendi
1441 2254 1509 2329 ista

339 2372 486 2447 subtilia
505 2373 660 2466 occulta,
678 2372 799 2468 potius
823 2392 1027 2465 sequamur
1051 2372 1171 2467 ipsum
1193 2393 1303 2467 nunc,
1329 2380 1366 2448 et
1391 2374 1510 2449 inten-

340 2494 472 2568 damus
497 2512 583 2566 cum
609 2512 656 2567 eo
679 2492 725 2566 ad
742 2491 1009 2586 acquirendum
1029 2491 1205 2568 visionem
1235 2492 1299 2569 llei
1326 2494 1389 2589 qui
1410 2495 1509 2570 solus

338 2613 518 2688 mirabilia
544 2634 677 2708 magna
704 2611 798 2687 iecit.
818 2614 860 2686 Et
877 2604 1070 2706 videtur(³)
1091 2613 1253 2689 breviter
1269 2614 1403 2709 dicere,
1421 2636 1508 2691 cum

338 2734 409 2809 boc
433 2733 532 2828 quod
556 2733 693 2807 dictum
720 2740 776 2807 est
799 2732 844 2805 sit
869 2753 1014 2826 rerum,
1035 2740 1073 2807 et
1095 2740 1218 2809 tamen
1238 2755 1311 2808 non
1329 2733 1509 2831 intelliga-

337 2860 400 2928 tur
417 2852 476 2927 vel
493 2852 719 2948 concipiatur
735 2852 920 2927 intellectu
939 2852 1115 2946 humano,
1126 2855 1208 2948 plus
1223 2853 1375 2955 deberet
1393 2843 1505 2947 nos(⁴)

337 2972 540 3050 accendere
569 2972 750 3068 appetitus
783 2972 925 3047 videndi
955 2972 1152 3067 Christum,
1179 2974 1215 3048 in
1248 2995 1323 3069 quo
1357 2974 1509 3051 inerunt

337 3096 522 3171 ooninntae
545 3094 629 3169 duae
655 3100 811 3187 natura,
836 3094 998 3169 bumana
1028 3101 1067 3169 et
1095 3094 1228 3189 divina,
1255 3101 1414 3190 utraque
1439 3117 1507 3171 na-

337 3223 422 3291 tura
439 3221 612 3289 manente
628 3213 771 3311 integra
788 3220 826 3289 et
843 3220 928 3307 tota,
942 3214 1036 3289 sicut
1055 3235 1153 3289 nunc
1170 3214 1207 3287 iu
1227 3215 1322 3290 coelo
1339 3221 1420 3290 eret
1441 3237 1508 3291 na-

336 3343 421 3412 tura
447 3355 625 3430 corporea
649 3335 811 3409 bumana
831 3335 962 3429 jnncta
986 3355 1072 3409 cunr
1102 3335 1251 3409 coelesti.
1278 3335 1370 3409 llicit
1395 3357 1505 3433 ergo:

338 3461 373 3532 ll
395 3459 498 3545 disto,
525 3455 627 3546 idest,
647 3453 881 3548 desiderium,
898 3458 936 3528 di
952 3458 1057 3529 oeder
1073 3458 1188 3546 puello
1212 3458 1382 3550 esseazia,
1411 3456 1505 3530 scili-

335 3583 406 3671 cet,
431 3575 573 3666 Christi,
597 3577 637 3647 in
660 3574 732 3664 cie,
758 3572 862 3667 idest,
883 3573 920 3647 in
946 3594 1032 3668 qua,
1049 3582 1175 3649 nostra
1193 3582 1338 3665 natura,
1359 3575 1505 3669 scilicet,

336 3700 511 3788 bumana,
527 3716 547 3767 c
565 3697 635 3767 Dio
659 3686 790 3783 sunm,
811 3693 914 3787 idest,
934 3700 972 3769 et
997 3701 1130 3769 natura
1154 3694 1276 3768 divina
1301 3695 1506 3769 coniuncte

335 3821 486 3895 luerunt
510 3816 631 3910 simul,
651 3815 699 3890 de
714 3836 788 3909 que
815 3814 1070 3891 coniunctione
1087 3822 1125 3889 et
1148 3815 1283 3889 unione
1309 3814 1451 3889 dicetur
1469 3814 1504 3889 iu

336 3941 409 4015 line
434 3937 543 4013 huius
568 3934 688 4032 operis
712 3934 871 4030 capitulo
897 3934 1037 4008 ultimo.
1056 3935 1101 4011 Et
1120 3933 1240 4007 subdit
1266 3934 1451 4031 quomodo
1467 3934 1504 4008 in

336 4061 431 4136 coelo
456 4057 638 4134 videbitur
662 4055 761 4130 clare
786 4053 960 4148 quicquid
989 4053 1174 4128 credimus
1204 4072 1270 4148 per
1299 4052 1407 4128 fidem
1434 4052 1504 4148 lric,

336 4200 423 4255 cnm
449 4199 516 4274 per
540 4180 761 4274 argumenta
785 4173 967 4249 naturalia
989 4172 1138 4269 probari
1164 4193 1237 4246 non
1257 4173 1388 4268 possit,
1407 4173 1505 4248 uude

335 4300 438 4375 dicit:
464 4291 518 4373 u‘d
542 4299 602 4371 cle
625 4299 657 4371 si
680 4299 748 4369 tica
771 4315 840 4388 per
866 4296 958 4388 sede,
984 4291 1130 4386 scilicet,
1161 4291 1407 4386 christianum,
1434 4294 1504 4387 vel,

335 4412 389 4493 oid
413 4420 473 4492 cte
497 4425 618 4508 bnon,
643 4415 790 4509 scilicet,
807 4434 875 4488 nos
896 4411 1092 4506 christiani,
1112 4414 1145 4484 si
1164 4402 1274 4486 vedrd
1295 4404 1332 4504 ti,
1357 4411 1522 4507 scilicet,¹

335 4539 374 4613 in
397 4536 576 4634 paradiso,
602 4556 675 4609 noo
698 4538 917 4625 dimostrato,
935 4532 1037 4626 idest,
1056 4553 1129 4607 non
1154 4552 1220 4627 per
1246 4532 1343 4608 viam
1370 4534 1506 4628 proba-

332 4659 442 4734 tionis
465 4655 780 4748 demonstrativae3
804 4654 923 4728 *nam
950 4652 1083 4747 aliquae
1108 4652 1339 4748 probationes
1355 4644 1390 4747 (⁵)
1418 4658 1504 4729 sunt

396 4890 425 4953 (¹)
441 4889 472 4940 E.
489 4891 560 4938 certo
575 4899 640 4950 opor
655 4884 775 4937 homnis
835 4880 864 4943 ι’)
880 4886 904 4941 t,
919 4886 947 4933 ct
962 4881 1020 4934 idco
1036 4882 1176 4933 subditum.

396 4967 423 5029 (⁸)
439 4966 472 5017 E.
486 4964 588 5017 ridetur
604 4963 669 5015 bene
684 4962 779 5013 dicere.

397 5043 424 5105 (⁴)
439 5040 465 5093 ἃ
480 5042 509 5093 tn
524 5054 572 5093 nos
586 5039 728 5091 womclcre
743 5036 886 5101 appetitum
900 5036 1003 5109 ridendi
1016 5035 1158 5113 urristnm.
1225 5036 1252 5100 (⁸)
1268 5035 1299 5087 Ε.
1315 5038 1502 5101 proportiones
