4342 6692
674 892 746 960 308
1065 903 1270 959 concursu
1295 904 1461 958 namursi

671 1048 845 1145 Apollinis
870 1047 907 1122 iu
934 1053 1060 1123 monte
1085 1049 1247 1124 Parnaso
1271 1047 1582 1144 apudcivitatem
1608 1049 1845 1145 Delphorum.

672 1170 727 1244 Ad
752 1167 850 1265 quod
876 1175 961 1243 nota
987 1167 1087 1263 quod
1113 1168 1171 1244 hic
1195 1168 1297 1244 locus
1323 1167 1392 1243 luit
1414 1167 1503 1243 olim
1527 1168 1743 1268 venerahilis
1763 1174 1846 1264 ⁴toto

673 1289 831 1383 mundo;
857 1309 944 1364 nam
969 1286 1006 1361 in
1031 1289 1102 1363 hoc
1127 1289 1275 1384 templo,
1295 1295 1337 1362 ut
1358 1288 1443 1362 dicit
1461 1288 1641 1384 lustinus,
1655 1295 1761 1364 erant
1780 1289 1847 1364 do·

673 1408 778 1483 naria
803 1427 938 1503 magna
969 1414 1007 1482 et
1038 1408 1212 1503 opulenta
1246 1427 1378 1505 regum
1410 1413 1447 1484 et
1480 1409 1720 1510 populorum3
1748 1408 1846 1505 unde

675 1529 781 1602 multi
802 1527 1001 1623 cupiditate
1025 1527 1159 1623 praedae
1176 1527 1390 1604 invaserunt
1407 1527 1591 1604 civitatem
1608 1528 1846 1623 Delphorum,

674 1649 739 1725 sed
764 1668 955 1742 nunquam
982 1645 1062 1722 sine
1086 1647 1225 1722 ultione
1251 1646 1486 1722 offendentis:
1506 1647 1603 1722 unde
1620 1647 1757 1722 Xerses
1780 1667 1847 1744 po-

675 1766 898 1844 tentissimus
924 1787 991 1842 rex
1013 1787 1219 1863 persarum,
1251 1767 1335 1843 inde
1359 1766 1549 1843 infeliciter
1578 1767 1747 1864 repulsus
1773 1774 1848 1860 est,
1962 1757 1967 1766 '

676 1896 714 1964 et
739 1889 908 1964 Brennus
931 1888 1117 1984 gallorum
1143 1887 1307 1984 regulus,
1334 1887 1398 1983 qui
1429 1887 1581 1992 ltaliam,
1606 1889 1785 1966 Graeciam
1812 1897 1850 1964 et

676 2008 807 2084 urbem
834 2014 1079 2104 oppresserat,
1098 2007 1145 2081 ihi
1164 2007 1343 2104 sacrilegii
1360 2027 1488 2104 poenas
1507 2008 1585 2103 luit,
1602 2009 1722 2084 deleto
1739 2029 1849 2084 exer·

675 2127 751 2204 citu
783 2149 853 2203 suo
891 2148 977 2203 cum
1012 2129 1166 2202 haberet
1190 2127 1353 2223 peditum
1388 2129 1848 2226 quinquagintaquinque

678 2248 806 2342 millia3
820 2247 946 2343 Delphi
959 2267 1150 2329 verorum
1164 2247 1444 2343 sociisquatuor
1459 2247 1579 2342 millia,
1594 2239 1761 2342 tamenl⁴)
1776 2247 1846 2324 deo

681 2368 835 2464 propitio
852 2368 952 2463 potiti
964 2375 1051 2443 sunt
1063 2367 1225 2444 victoria.
1240 2369 1294 2444 De
1311 2369 1380 2444 hoc
1398 2367 1484 2443 dicit
1500 2367 1636 2442 Plinius
1657 2368 1752 2444 intra
1772 2375 1847 2452 ter-

683 2508 763 2562 ram
777 2487 913 2563 Beotiae
929 2486 1087 2562 liberum
1105 2487 1279 2584 oppidum
1296 2487 1454 2584 Delphos
1466 2489 1536 2562 suh
1556 2493 1681 2564 monto
1697 2488 1845 2564 Parnasi

681 2605 869 2682 clarissimi
895 2605 1065 2682 interris
1090 2609 1242 2684 oraculo
1267 2607 1449 2704 Apollinis.
1475 2607 1598 2684 Livius
1619 2627 1713 2690 ¹vero
1738 2608 1848 2688 dicit:

681 2727 850 2822 Delphos,
867 2747 1067 2802 commune
1083 2727 1244 2802 'humani
1260 2729 1405 2824 generis
1426 2729 1633 2822 oraculum,
1650 2727 1844 2804 umbilicus

678 2847 777 2923 urhis
797 2854 995 2922 terrarum.
1021 2848 1067 2922 llt
1091 2847 1193 2922 dicits
1215 2851 1357 2940 quondo
1372 2853 1477 2924 alcun
1493 2853 1531 2924 dt
1546 2871 1583 2924 sc
1598 2857 1726 2942 assela,
1743 2850 1847 2946 idest,

675 2966 900 3042 sitibundum
920 2973 959 3042 et
975 2966 1227 3042 desiderosum
1245 2967 1291 3042 de
1311 2988 1351 3042 se
1371 2968 1477 3044 lauro
1496 2968 1590 3062 lacit,
1608 2969 1712 3063 quasi
1729 2949 1844 3045 dicat:

676 3086 822 3185 mando
847 3087 1011 3163 accendit
1035 3086 1238 3183 appetitum
1264 3088 1432 3182 poetandi
1446 3079 1483 3180 (¹)
1502 3089 1539 3162 in
1556 3090 1681 3164 alium.
1699 3091 1777 3168 Hoc
1792 3092 1847 3167 di·

675 3210 723 3285 cit
748 3229 815 3306 pro
844 3229 885 3283 se
913 3207 977 3304 qui
1008 3227 1108 3282 nunc
1133 3214 1214 3284 erat
1247 3207 1296 3284 ita
1326 3207 1530 3283 sitibundus
1555 3211 1723 3305 poetandi
1737 3202 1774 3304 (³)
1802 3212 1848 3288 de

676 3331 813 3425 templo
838 3327 960 3424 magui
987 3326 1170 3423 Apollinis,
1195 3327 1296 3422 idest,
1314 3329 1457 3404 Christi.
1471 3336 1639 3410 r-Poco.
1658 3331 1723 3407 Hic
1739 3341 1846 3428 poeta

676 3457 756 3547 post
780 3447 1080 3543 conquestionem
1106 3448 1294 3546 subiungit
1317 3449 1446 3524 ultimo
1463 3449 1660 3545 aliqualem
1680 3453 1846 3529 consola·

675 3570 833 3664 tionem,
846 3576 891 3651 et,
901 3569 987 3643 dicit
1000 3568 1100 3663 quod
1112 3568 1207 3644 lorte
1224 3576 1304 3664 post
1321 3589 1408 3644 euru
1423 3570 1570 3646 venient
1586 3571 1845 3648 excellentiora

675 3690 841 3787 ingenia:
867 3695 905 3764 et
929 3687 1116 3783 praemittit
1141 3710 1253 3764 unam
1280 3689 1496 3766 sententiam
1523 3691 1581 3766 vel
1606 3693 1845 3786 proverbium

675 3810 861 3907 generale,
878 3808 1020 3884 dicens:
1039 3814 1137 3882 Pocc
1150 3812 1289 3903 sacillo,
1304 3809 1407 3904 idest,
1428 3811 1620 3905 parvulam
1638 3811 1839 3908 scintillam,

675 3951 771 4023 mou
792 3932 940 4023 hammo
963 3927 1249 4023 secondo,‚idest,
1267 3929 1446 4025 sequitur,
1465 3930 1568 4025 quasi
1593 3931 1690 4008 dicat
1713 3943 1844 4010 autor:

675 4071 746 4146 ego
764 4047 949 4124 modicum
976 4048 1132 4124 excitari
1149 4049 1310 4124 favillam
1327 4049 1483 4145 sopitam
1500 4057 1538 4124 et
1555 4051 1764 4146 extinctam,
1783 4053 1845 4128 sed

676 4170 769 4245 lorte
781 4175 959 4263 sequetur
971 4191 1131 4266 magnus
1149 4169 1252 4266 ignis,
1268 4169 1369 4264 idest,
1381 4169 1515 4245 clarior
1531 4178 1638 4265 poeta
1653 4191 1734 4267 me3
1750 4173 1848 4248 unde

674 4289 777 4364 dicit:
791 4293 891 4384 forse
913 4290 946 4362 si
965 4280 1156 4382 proptera,
1178 4289 1324 4384 scilicet,
1342 4289 1531 4384 abaliquo
1552 4299 1658 4386 poeta
1677 4299 1845 4386 venturo,

604 4442 608 4450 ·
674 4411 807 4484 dhetro
833 4431 863 4492 o,
881 4430 948 4502 ure,
968 4408 1033 4504 qui
1057 4408 1199 4505 primus
1216 4409 1382 4484 omnium
1401 4409 1528 4504 aperui
1551 4409 1647 4484 riam
1671 4411 1717 4486 ad
1737 4412 1846 4487 talem

675 4527 879 4622 materiam,
897 4603 901 4608 ,
916 4524 1060 4620 percle,
1079 4531 1198 4622 Oura,
1236 4528 1338 4622 idest,
1372 4528 1511 4623 Apollo,
1545 4530 1607 4624 qui
1641 4531 1774 4606 colitur
1810 4531 1846 4606 in

674 4649 803 4726 Cirrha
835 4650 953 4724 altero
974 4649 1067 4744 jugo
1094 4648 1228 4724 montis
1253 4647 1414 4741 Parnasi,
1440 4653 1625 4745 rirpondo,
1657 4651 1760 4746 idest,
1787 4673 1848 4728 re-

674 4789 848 4864 sponsum
862 4769 935 4861 det,
952 4768 1048 4843 sicut
1063 4768 1151 4843 olim
1166 4767 1307 4844 solebat
1322 4755 1359 4861 (⁴)
1377 4768 1454 4842 dari
1474 4789 1647 4864 responsa
1665 4771 1700 4844 in
1718 4771 1844 4846 Cirrha

737 4952 765 5014 l¹l
781 4959 827 5006 te
844 4953 875 5004 li.
892 4952 973 5004 millia
989 4959 1100 5006 tanturn.
1349 4951 1378 5018 (¹)
1394 4954 1424 5004 Ε.
1441 4955 1554 5018 potandi.

738 5029 766 5093 l'l
783 5029 813 5079 E·
830 5028 944 5093 ponnu.
1300 5079 1305 5088 .
1350 5031 1378 5092 r)
1393 5031 1423 5082 n
1440 5028 1565 5082 notoni.
