4342 6692
640 892 781 949 caurus
804 895 1022 952 rmcusruus
1046 899 1207 955 rannus.
1438 889 1507 958 281

337 1038 488 1113 rationis
513 1057 598 1133 quae
619 1039 759 1136 judicat
783 1047 820 1116 et
845 1041 934 1139 ligat
958 1043 1004 1118 ad
1034 1043 1241 1118 iaciendum
1269 1045 1327 1120 vel
1352 1041 1426 1122 nou
1455 1047 1513 1121 fass

336 1157 517 1234 ciendum.
545 1159 588 1233 Et
612 1159 734 1234 subdit
749 1168 858 1256 poeta
879 1162 1153 1258 responsionem
1177 1163 1352 1240 Beatricis
1368 1157 1405 1258 (¹)
1426 1165 1512 1240 irri-

338 1277 454 1353 dentis
465 1278 604 1354 dictum
616 1301 728 1354 suum
741 1287 778 1356 et
793 1283 981 1378 probantis
993 1283 1093 1378 quod
1107 1283 1277 1379 deliquit3
1291 1284 1391 1360 uude
1404 1284 1510 1360 dicit:

337 1400 1061 1498 entpon,ilia13eatrir,somdenm,se
1080 1411 1116 1478 tu
1134 1407 1302 1478 ricordur
1321 1425 1395 1479 non
1415 1411 1446 1478 te
1464 1425 1509 1479 rra

332 1524 432 1614 puni,
445 1520 531 1615 quia
550 1520 755 1598 recordatio
767 1529 824 1598 est
836 1522 883 1598 de
896 1543 938 1599 re
954 1524 1062 1619 bona,
1076 1545 1121 1597 or
1138 1528 1163 1598 ti
1177 1533 1389 1619 ruminante,
1404 1525 1508 1622 idest,

338 1641 546 1736 recordare,
566 1634 596 1714 si
619 1663 716 1716 cume
736 1642 866 1717 tenera
890 1645 929 1717 di
952 1647 1031 1718 Lete
1054 1647 1170 1738 oncoi,
1193 1647 1340 1739 quando
1361 1666 1509 1722 mersus

338 1760 638 1837 suistiaidathiidi
652 1763 838 1858 inaquam
852 1764 1507 1861 eius‚cuiuspotiutoliitmemuriam

337 1887 584 1976 peccatorum.
611 1883 656 1956 Et
679 1883 801 1980 arguit
826 1905 849 1958 a
874 1885 1122 1959 communiter
1143 1884 1390 1961 accidentibus
1408 1888 1508 1982 quod

336 2000 471 2076 oblivio
495 2002 634 2098 peccati
660 2003 908 2099 praesupponit
931 2009 1138 2100 peccatum,
1163 2004 1305 2080 dicens:
1339 2013 1509 2081 eootesta

335 2107 518 2214 ouium,
544 2122 725 2218 generalis
750 2123 918 2197 omnium
951 2125 1148 2219 malorum,
1175 2127 1361 2200 concdiude
1385 2129 1508 2202 citare

334 2244 449 2334 colpo,
475 2241 579 2336 idest,
604 2248 798 2338 peccatum
823 2243 946 2339 tuisse,
972 2247 1065 2317 netto
1086 2249 1281 2337 manantia
1304 2253 1434 2321 adonta
1450 2250 1507 2321 ot-

335 2367 446 2451 trove,
464 2359 609 2455 scilicet,
627 2361 665 2434 iu
689 2361 768 2436 aliis
793 2362 962 2456 scientiis,
977 2383 1016 2435 se
1039 2365 1104 2437 dat
1123 2367 1222 2459 firmo
1239 2369 1345 2460 simeo
1360 2369 1508 2456 durqu-

336 2488 465 2573 mento,
489 2479 593 2575 idest,
618 2482 789 2579 arguitur
813 2505 836 2557 a
861 2483 1109 2558 communiter
1129 2483 1387 2560 accidentibus.
1406 2485 1509 2561 Unde

335 2600 419 2675 ride
444 2600 543 2695 quod
567 2601 714 2677 Beatrir
740 2602 902 2678 breviter
926 2603 1050 2700 arguit
1069 2603 1139 2678 sic:
1157 2604 1309 2680 Lethea
1327 2605 1509 2682 memoria
1538 2633 1539 2636 ¹

336 2720 471 2797 delevit
495 2720 595 2815 quod
619 2728 699 2795 erat
723 2721 761 2794 iu
785 2722 906 2817 culpa,
929 2723 960 2796 si
985 2743 1075 2819 ergo
1105 2723 1239 2800 delevit
1264 2726 1345 2820 hoc,
1370 2726 1438 2800 tuit
1471 2725 1508 2801 iu

337 2841 462 2937 culpa3
487 2841 582 2915 sicut
605 2840 781 2916 dicimus:
807 2841 838 2915 si
862 2849 919 2917 est
943 2841 1079 2938 tumus,
1102 2849 1156 2918 est
1173 2844 1231 2918 vei
1257 2843 1324 2918 iuit
1341 2845 1443 2941 ignis.
1462 2845 1507 2919 Et

336 2961 383 3036 ad
408 2961 723 3037 confirmationem
749 2968 868 3057 poetae
892 2962 930 3035 iu
953 2962 1090 3037 bouum
1116 2984 1217 3059 spem
1244 2965 1391 3040 Beatrir
1417 2985 1505 3061 pro-

336 3081 445 3156 mittit
457 3081 504 3156 de
515 3088 651 3157 caetero
664 3102 704 3156 se
716 3081 955 3175 loquuturum
971 3083 1126 3177 clare‚et
1140 3103 1214 3156 uon
1226 3082 1296 3156 sub
1308 3084 1505 3181 aenigmate

335 3201 429 3276 sicut
458 3187 550 3275 iecit
571 3201 775 3295 hucusque.
811 3200 903 3275 Dicit
939 3222 1057 3299 ergo:
1094 3209 1303 3294 veramente,
1338 3204 1507 3298 quamvis

336 3342 455 3418 usque
479 3340 578 3395 nuuc
601 3320 758 3396 dixerim
790 3321 853 3395 tibi
884 3321 1054 3418 obscura,
1081 3325 1112 3396 lc
1136 3325 1203 3396 mie
1222 3327 1351 3416 parole
1375 3326 1503 3416 mmai,

333 3441 480 3536 scilicet,
505 3461 572 3536 per
603 3445 725 3515 totum
750 3441 960 3536 paradisum
993 3442 1177 3537 loquendo
1202 3442 1249 3518 de
1278 3442 1418 3538 divinis,
1444 3465 1505 3518 so-

334 3583 452 3636 ranno
482 3564 587 3652 node,
612 3559 714 3655 idest,
746 3562 846 3635 clara
883 3567 922 3636 et
954 3568 1094 3657 aperta,
1125 3561 1203 3636 sine
1228 3562 1410 3638 velamine
1422 3587 1433 3658 3
1471 3570 1510 3638 et

335 3680 521 3778 restringit
545 3681 682 3754 dictum
707 3702 832 3776 suum,
854 3681 996 3756 dicens:
1023 3689 1153 3774 quanto
1178 3687 1403 3758 conuerreret
1424 3706 1506 3759 sco·

331 3804 414 3895 prir
451 3804 571 3893 quelle,
606 3799 742 3876 scilicet
772 3801 899 3895 verba,
932 3805 1006 3877 atta
1043 3809 1103 3876 nto
1136 3804 1226 3876 vista
1262 3806 1364 3894 rude,
1403 3803 1508 3900 idest,

335 3920 533 3996 intellectui
566 3940 710 4017 grosso,
745 3919 851 4014 quasi
882 3920 990 4015 dicat,
1025 3919 1228 3996 meandum
1263 3922 1504 4016 capacitatem

333 4041 508 4116 humauae
532 4040 664 4116 mentis
688 4040 854 4114 iufirmm.

408 4167 441 4235 Ε
459 4156 522 4254 piri
545 4181 722 4234 corrusco.
748 4160 820 4234 ista
846 4166 901 4235 ert
922 4165 1055 4254 quarta
1080 4167 1117 4234 et
1143 4160 1272 4236 ultima
1288 4181 1374 4256 pars
1391 4181 1507 4259 gene·

333 4281 419 4356 ralis
443 4279 555 4354 huius
581 4280 700 4354 ultimi
726 4279 883 4374 capituli,
901 4279 938 4352 iu
956 4300 1030 4373 qua
1047 4285 1155 4376 poeta
1171 4279 1327 4355 ostendit
1348 4281 1506 4376 qualiter

331 4400 541 4497 pervenerit
564 4399 612 4476 ad
637 4399 805 4474 ultimam
834 4399 1112 4494 acquisitionem
1147 4399 1316 4496 periectae
1349 4400 1505 4476 virtutis.

331 4522 377 4595 Et
408 4521 540 4616 primo,
565 4526 607 4593 ut
633 4519 807 4615 procedat
840 4519 970 4594 ordine
1003 4540 1152 4616 magun,
1177 4520 1348 4596 describit
1372 4522 1505 4596 horam

330 4640 517 4735 temporis,
544 4640 630 4734 quia
655 4640 792 4716 scilicet
816 4639 871 4714 sol
896 4645 977 4714 erat
1001 4639 1098 4714 altus
1116 4647 1153 4714 et
1172 4640 1305 4715 ardens
1330 4642 1367 4716 iu
1392 4643 1506 4718 meri-

330 4759 401 4856 die,
418 4759 567 4854 quaudo
591 4759 820 4854 pervenitad
838 4759 1011 4833 ultimum
1029 4759 1230 4834 terminum
1252 4760 1408 4857 virtutis,
1427 4783 1504 4857 qua

394 5025 423 5090 (¹)
439 5026 470 5077 E·
485 5025 610 5076 manicis
623 5025 802 5089 mpuudeutis
818 5023 849 5075 ad
864 5023 973 5075 dictum.
