4342 6692
614 919 754 976 caurus
777 921 995 978 sarcasmus
1017 921 1183 976 nunnus.
1408 911 1479 978 279

308 1068 470 1146 animam
488 1088 606 1142 suam.
619 1071 752 1141 -Μα,
770 1067 835 1142 llic
852 1066 999 1142 Beatrix
1016 1065 1178 1163 assignat
1194 1086 1345 1142 causam
1364 1083 1482 1161 quatu

307 1189 393 1264 uelit
417 1188 539 1284 ipsum
565 1187 708 1264 reterre
724 1208 853 1264 secum
872 1188 920 1264 ad
937 1187 1119 1262 mundum
1138 1206 1181 1262 ea
1199 1207 1284 1281 quae
1303 1187 1369 1260 sibi
1391 1187 1483 1260 dixit

306 1309 483 1402 obscure,
500 1308 677 1402 quoniam
695 1307 779 1384 lioot
795 1328 870 1383 non
886 1307 998 1404 possit
1014 1306 1218 1404 intelligere
1234 1306 1483 1402 claramque

307 1427 386 1504 aliis
419 1427 621 1522 declarare,
649 1426 780 1503 saltem
816 1427 1016 1522 reportabit
1046 1427 1161 1502 rerba
1193 1427 1290 1502 nuda
1323 1427 1482 1502 velantia

308 1548 459 1643 iactum,
484 1548 601 1623 donec
626 1549 773 1624 eveniat
796 1547 949 1624 effectus
974 1547 1049 1641 rei3
1067 1551 1104 1620 et
1123 1547 1175 1622 sic
1200 1547 1329 1622 saltem
1356 1553 1482 1643 porta-

308 1670 362 1746 bit
385 1669 544 1766 signum,
568 1668 600 1742 si
629 1688 704 1743 non
733 1668 825 1744 rem.
857 1668 949 1742 Dicit
977 1689 1087 1764 ergo:
1114 1671 1178 1742 dio
1210 1671 1325 1759 coptio
1351 1689 1477 1762 nacor,

309 1788 413 1882 idest,
446 1787 580 1883 adbuc,
611 1789 672 1862 cte
708 1796 740 1864 to
775 1810 822 1862 oc
851 1791 961 1882 porti,
997 1787 1033 1862 id
1065 1787 1166 1882 quod
1199 1787 1273 1863 dixi
1311 1790 1481 1883 obscure,

309 1912 425 1982 otmcrt
449 1911 595 2002 diptota,
623 1907 727 2002 idest,
752 1909 937 2005 signatum
964 1927 1030 2004 per
1055 1908 1258 1982 verborum
1283 1907 1480 1984 difficulta-

310 2036 402 2123 tem,
432 2032 557 2104 denno
586 2050 611 2102 a
640 2036 684 2120 te,
716 2029 754 2102 in
783 2021 974 2123 animet),
1000 2050 1019 2101 e
1049 2051 1087 2102 se
1116 2049 1191 2102 aon
1220 2032 1352 2121 omitto,
1377 2030 1481 2126 idest,

310 2151 479 2244 quamvis
504 2171 579 2226 non
594 2150 709 2245 possis
725 2155 874 2245 portare
890 2169 978 2224 cum
995 2150 1096 2224 claro
1114 2148 1311 2224 intellectu.
1330 2149 1375 2224 Et
1393 2171 1481 2226 ecce

309 2290 443 2364 quare:
470 2280 513 2348 ut
537 2271 647 2346 iacias
671 2290 779 2345 more
803 2269 1129 2366 peregrinantium,
1147 2269 1209 2363 qui
1229 2270 1367 2343 vadunt
1388 2271 1483 2347 ultra

309 2395 475 2464 marcet
500 2395 689 2484 reportant
714 2388 761 2464 de
786 2390 909 2484 palma
933 2389 971 2462 in
1003 2389 1150 2484 signum
1181 2389 1280 2483 quod
1310 2388 1481 2466 visitare-

310 2515 398 2585 runt
415 2514 553 2584 terram
579 2515 745 2584 sanctam
773 2507 835 2583 ubi
859 2507 1048 2583 abundant
1063 2509 1213 2603 palmae,
1232 2514 1269 2582 et
1288 2509 1339 2582 ita
1356 2516 1397 2584 tu
1418 2510 1482 2604 qui

310 2627 505 2704 transivisti
534 2629 653 2703 maria
681 2635 720 2704 et
754 2635 899 2703 montes
932 2633 974 2702 ut
1005 2628 1172 2704 visitares
1203 2627 1310 2702 istam
1343 2634 1482 2704 terram

312 2755 476 2824 sanctam
501 2749 638 2843 poteris
663 2748 805 2824 reterre
831 2747 943 2822 verba
962 2767 1047 2822 mea
1064 2748 1103 2821 in
1120 2748 1265 2844 signum
1283 2748 1383 2842 qnod
1401 2749 1483 2824 iue-

312 2869 362 2944 ris
387 2867 424 2942 in
448 2868 530 2943 luco
554 2876 681 2944 sancto
700 2868 765 2943 ubi
781 2866 966 2943 audireris
983 2866 1161 2962 miranda,
1180 2868 1264 2942 licet
1283 2889 1357 2941 non
1375 2869 1481 2944 intel-

312 2989 445 3064 lexeris
470 2987 542 3064 iiia.
568 2989 672 3064 Unde
695 2989 800 3063 dicit:
820 3010 891 3081 per
915 2990 995 3080 aaz
1015 2991 1076 3061 cde
1099 2991 1131 3062 ri
1154 3010 1251 3081 recu,
1275 2987 1379 3084 idest,
1396 3009 1484 3085 pro-

312 3116 395 3205 pter
420 3108 509 3182 iilud
533 3109 634 3203 quud
658 3115 826 3206 portatur
851 3129 874 3184 a
899 3108 1154 3205 peregrinati
1177 3109 1315 3182 borum
1334 3113 1425 3192 ciato
1445 3114 1485 3186 di

308 3231 444 3322 poma,
469 3228 569 3304 unde
594 3228 685 3304 tales
709 3227 893 3324 peregrini
924 3235 1104 3303 vocantur
1128 3229 1319 3324 palmerii3
1345 3235 1383 3305 et
1411 3232 1483 3306 boo

311 3351 397 3424 volo
417 3355 553 3444 portes,
561 3351 724 3442 peroro
740 3353 863 3441 coopto
880 3357 912 3424 tc
930 3353 1019 3444 sotto
1036 3353 1075 3424 di
1084 3353 1203 3443 pietro
1219 3352 1479 3445 oett‘intcttctto,

312 3477 350 3544 ct
373 3490 449 3544 non
474 3468 642 3566 intelligis
666 3469 777 3545 etiam
803 3469 903 3564 quod
927 3469 1009 3544 dion
1033 3469 1080 3544 de
1104 3490 1203 3563 aqua
1232 3470 1323 3544 Eisae
1349 3478 1387 3545 et
1411 3471 1486 3568 Py-

313 3609 431 3682 ramo,
451 3595 485 3670 ct
499 3591 538 3662 ia
553 3595 693 3681 petrau
710 3592 809 3680 tinto,
825 3588 930 3683 idest,
948 3588 1053 3664 video
1078 3595 1117 3664 te
1141 3587 1290 3685 nigrum
1316 3589 1353 3664 in
1378 3589 1484 3664 intet-

313 3709 423 3803 lectu,
447 3700 478 3782 st
501 3711 562 3782 cde
577 3711 604 3782 't
626 3711 716 3783 tome
738 3711 797 3782 det
817 3712 888 3782 mio
909 3711 1000 3782 detto
1024 3711 1048 3781 t
1060 3709 1239 3800 abruptio,
1255 3707 1359 3804 idest,
1377 3709 1484 3783 abiu-

313 3828 411 3904 cinat
423 3833 460 3904 te
471 3827 521 3902 ita
535 3828 636 3923 qnod
649 3827 805 3902 materia
820 3849 894 3903 non
910 3834 966 3902 est
981 3826 1153 3923 disposita
1170 3827 1216 3902 ad
1234 3829 1482 3923 recipiendum

313 3949 442 4024 iumen
465 3967 606 4022 meum.
631 3949 676 4022 Et
699 3947 821 4022 subdit
845 3953 954 4042 poeta
983 3967 1092 4022 snam
1124 3947 1398 4043 responsionem
1423 3969 1484 4022 as·

313 4088 439 4146 serens
463 4087 505 4143 so
529 4067 667 4142 babere
691 4067 837 4163 signum
862 4068 1018 4142 affixum
1043 4066 1234 4143 memoriae
1254 4069 1363 4163 juxta
1387 4089 1484 4164 prae·

314 4189 519 4286 ceptionem
543 4189 635 4283 eius,
661 4189 804 4264 dicens:
838 4195 872 4261 et
899 4191 949 4280 io,
973 4189 1114 4284 supple,
1147 4187 1327 4283 respondi,
1354 4193 1388 4263 to
1413 4192 1483 4262 mio

314 4312 475 4401 caveto,
508 4309 547 4384 in
572 4331 648 4404 quo
673 4315 728 4384 est
753 4309 934 4384 memoria
963 4315 1002 4384 et
1032 4308 1303 4384 reminiscentia
1336 4330 1483 4406 magna,

314 4427 402 4504 c‘or
424 4433 563 4522 abacto
588 4433 638 4506 da
663 4433 733 4521 oui,
758 4429 846 4524 qnia
870 4428 986 4504 verba
1009 4428 1129 4503 babeo
1154 4427 1331 4524 impressa
1357 4428 1481 4522 menti,

314 4549 398 4625 iicet
423 4570 496 4625 non
520 4549 733 4646 intelligam,
758 4570 783 4625 a
807 4547 926 4642 simili,
950 4541 982 4620 si
1005 4568 1103 4622 come
1134 4568 1217 4622 cero
1242 4549 1291 4621 do
1313 4530 1484 4640 abacto,

314 4670 442 4766 supple
466 4669 645 4766 signatur,
664 4673 727 4744 cte
749 4689 822 4744 ooo
847 4675 1019 4743 trcsnuttc
1035 4667 1485 4762 unbauranamma

317 4809 386 4864 nec
415 4789 594 4865 momoria
626 4787 886 4864 transmutabit
914 4788 1073 4864 turmam
1107 4789 1309 4862 verborum
1343 4793 1485 4863 vestro-

380 5049 843 5118 (¹)tit,braninotuo,omn.
