4342 6692
694 873 766 941 ll8
1086 887 1291 944 conunrurr
1315 866 1483 943 rnnnnrsi

694 1031 817 1106 multis
842 1031 1049 1126 proscriptis
1069 1039 1108 1108 et
1124 1034 1293 1128 spoliatis.
1314 1033 1487 1110 Octavius
1503 1033 1644 1108 obsedit
1660 1053 1746 1108 eum
1765 1035 1861 1110 intra

623 1241 625 1247 ,
694 1151 900 1246 Perusium,
920 1159 958 1227 et
983 1160 1063 1247 post
1090 1175 1264 1251 magnam
1281 1154 1418 1229 tamem
1434 1153 1597 1249 pepercit
1615 1153 1782 1248 Antonio,
1797 1155 1863 1230 sed

690 1270 824 1346 delevit
848 1271 1054 1346 Perusiam.
1082 1274 1187 1348 Nunc
1211 1274 1258 1348 ad
1283 1273 1427 1348 literam
1453 1272 1539 1347 dicit
1562 1281 1692 1349 autor:
1717 1277 1755 1348 di
1784 1278 1862 1367 quel

689 1390 938 1485 crepationi
970 1391 1116 1489 signum
1148 1394 1294 1489 aquilae,
1323 1397 1380 1467 col
1408 1394 1524 1466 duiulo
1555 1401 1727 1486 semmae,
1758 1393 1860 1488 idest,

689 1530 775 1585 cum
804 1512 949 1588 Caesare
973 1511 1140 1609 Augusto
1162 1514 1344 1588 nutritore
1363 1534 1443 1607 suo,
1464 1513 1527 1608 qui
1549 1514 1629 1608 plus
1645 1515 1789 1590 caeteris
1806 1514 1862 1589 lo·

690 1630 742 1708 vit
775 1638 812 1706 et
840 1633 1023 1727 promovit
1047 1633 1222 1729 aquilam,
1248 1634 1355 1709 ouius
1379 1633 1598 1709 incredibilis
1622 1629 1712 1727 et(¹)
1739 1635 1861 1710 divina

689 1752 805 1826 virtus
830 1754 1017 1849 superavit
1042 1759 1208 1849 aetatem;
1242 1755 1339 1830 unde
1368 1754 1466 1850 apud
1497 1755 1673 1829 Mutinam
1701 1756 1861 1850 portavit

687 1873 849 1968 aquilam
877 1875 1041 1950 humeris
1060 1875 1215 1971 propriis
1233 1875 1414 1951 moriente
1428 1874 1646 1971 aquiliier03
1664 1881 1774 1950 Bruto
1790 1897 1859 1948 con

691 1997 810 2068 omnio
835 1998 913 2069 nell'
925 1998 1065 2090 insarno
1091 1999 1199 2088 luna,
1225 1997 1261 2070 in
1287 2002 1457 2071 extremo
1486 1995 1623 2093 frigore
1647 1995 1788 2092 glaciali
1819 1996 1858 2068 in

688 2113 816 2188 ultimo
834 2114 1026 2211 supplicio:
1053 2121 1091 2190 et
1116 2121 1354 2212 praeposterat
1371 2114 1550 2209 ordinem,
1571 2116 1657 2210 quia
1675 2115 1777 2211 prius
1793 2114 1861 2189 luit

687 2234 824 2309 bellum
850 2234 956 2308 civile
987 2235 1196 2310 mutinense
1220 2256 1332 2331 quam
1358 2234 1604 2330 philippense3
1631 2235 1730 2310 unde
1754 2233 1859 2308 dicit:

685 2359 873 2430 eliodonu
890 2378 909 2428 e
926 2359 1080 2448 Perupia
1095 2362 1131 2452 se
1147 2361 1542 2449 dolente-Picumno.
1557 2357 1622 2432 llio
1635 2357 1858 2431 lastinianus

686 2476 803 2574 tangit
826 2476 923 2551 aliud
951 2476 1087 2551 bellum
1114 2476 1221 2552 civile
1237 2477 1375 2552 iactum
1394 2477 1535 2553 lamose
1551 2498 1618 2573 per
1634 2476 1855 2574 Augustum.

684 2597 738 2671 Ad
756 2597 855 2691 quod
872 2604 926 2671 est
943 2596 1134 2672 sciendum
1150 2598 1251 2691 quod
1267 2599 1444 2673 Antonius
1462 2598 1709 2674 elloeminatus
1728 2617 1859 2672 amore

685 2717 885 2811 Cleopatrae
910 2716 1143 2810 pulcerrima
1168 2716 1272 2792 duxit
1297 2717 1412 2813 ipsam
1426 2710 1463 2811 (¹)
1491 2718 1528 2792 in
1555 2738 1723 2810 uxorem,
1748 2736 1860 2811 repu-

684 2837 780 2912 diata
793 2835 942 2911 Octavia
960 2835 1258 2931 sororeOctavii3
1278 2845 1426 2931 propter
1445 2838 1544 2932 quod
1560 2845 1685 2912 ortum
1706 2843 1762 2910 est
1780 2836 1859 2910 bel·

685 2959 763 3032 lum
790 2956 885 3031 inter
908 2955 1107 3031 Antonium
1140 2964 1178 3032 et
1210 2957 1414 3034 Octavium.
1440 2958 1611 3034 Octavius
1634 2979 1659 3032 a
1683 2957 1857 3031 Brundu-

685 3077 738 3154 sio
765 3076 930 3152 transivit
955 3076 992 3150 in
1017 3079 1168 3174 Epirum
1193 3099 1280 3153 oum
1307 3099 1441 3175 magna
1458 3079 1592 3172 classe3
1610 3084 1648 3152 et
1664 3079 1856 3173 Cleopatra

683 3198 932 3295 potentissima
959 3219 1045 3272 cum
1073 3198 1184 3274 variis
1209 3199 1379 3295 gentibus
1399 3199 1549 3274 orientis
1568 3206 1606 3274 et
1626 3199 1708 3273 lorti
1725 3199 1854 3290 classe,

683 3325 720 3393 et
744 3319 922 3393 Antonius
947 3307 1034 3393 cum
1061 3339 1107 3393 ea
1132 3326 1381 3394 cucurrerunt
1397 3340 1483 3395 cum
1500 3318 1650 3393 Octavio
1671 3318 1767 3394 bello
1788 3339 1857 3391 na-

683 3437 755 3512 vali
781 3438 850 3512 sub
875 3439 1034 3514 Leucate
1060 3445 1196 3513 monte.
1213 3438 1266 3512 lbi
1290 3439 1482 3534 Cleopatra
1498 3437 1618 3533 prima
1634 3457 1719 3513 cum
1735 3457 1854 3511 aurea

683 3556 768 3631 navi
793 3563 830 3631 et
856 3558 938 3633 velo
964 3578 1152 3653 purpureo
1177 3559 1273 3655 cepit
1298 3558 1437 3655 lugam,
1459 3579 1572 3652 quam
1592 3562 1769 3652 sequutum
1794 3563 1852 3630 est

682 3677 876 3771 Antonius3
900 3685 936 3751 el
951 3676 1123 3752 Octavius
1140 3678 1314 3753 continuo
1331 3684 1577 3774 persequutus
1594 3697 1658 3752 eos
1674 3695 1852 3772 prospere

683 3797 823 3872 obsedit
847 3819 911 3872 eos
938 3798 973 3872 in
998 3798 1229 3874 Alexandria.
1256 3799 1434 3874 Antonius
1449 3798 1646 3893 desperans
1665 3817 1795 3893 paoem
1813 3816 1855 3871 se

682 3917 804 4014 gladio
829 3917 1034 4012 interiecit3
1060 3918 1252 4014 Cleopatra
1279 3939 1369 3994 vero
1385 3919 1602 3994 convalens
1622 3919 1770 3994 flectere
1786 3938 1855 4011 pu-

682 4039 839 4114 dicitiam
862 4039 1009 4134 juvenis
1039 4039 1190 4132 Octami,
1223 4039 1348 4114 videns
1373 4060 1413 4115 se
1439 4040 1621 4114 reservari
1646 4038 1693 4113 ad
1718 4037 1853 4111 trium-

644 4215 647 4222 Δ
682 4160 810 4255 phum,
823 4159 970 4232 intravit
986 4160 1198 4254 sepulcrum
1216 4160 1272 4233 sui
1290 4159 1446 4255 Antonii,
1460 4166 1498 4235 et
1514 4158 1684 4254 appositis
1704 4177 1854 4252 serpen·

682 4278 779 4353 tibus
804 4279 942 4375 pectori
968 4300 1047 4374 suo,
1075 4279 1153 4375 ipsa
1185 4300 1370 4356 venenosa
1402 4301 1553 4376 serpens
1584 4281 1621 4354 in
1655 4279 1850 4374 complexo

680 4399 823 4474 Antonii
851 4399 956 4494 quasi
980 4401 1167 4475 dormiens
1183 4399 1373 4496 expiravit.
1391 4401 1476 4476 ldeo
1499 4402 1594 4476 bone
1618 4400 1722 4474 dicit:
1741 4403 1854 4473 Pron·

678 4541 765 4612 pene
789 4541 901 4594 ancer
921 4521 958 4593 lu
974 4523 1076 4594 trista
1099 4525 1297 4614 Cleopatra,
1316 4521 1402 4615 quia
1422 4522 1561 4617 pulcra,
1582 4527 1721 4616 potens,
1739 4519 1852 4612 dives,

656 4639 658 4644 ’
678 4639 898 4716 astutissima
925 4641 965 4715 in·
987 4649 1126 4716 tantam
1152 4641 1299 4717 devenit
1315 4640 1575 4735 infelicitatem,
1592 4661 1706 4736 quam
1727 4647 1853 4717 tamen

680 4761 962 4858 magnanimiter
993 4770 1031 4838 et
1066 4763 1138 4837 cito
1168 4761 1306 4856 linivit3
1337 4762 1437 4838 unde
1466 4761 1569 4836 dicit:
1604 4763 1677 4856 olto,
1701 4765 1853 4856 suppen-

742 5019 772 5084 (¹)
788 5021 818 5071 ll.
833 5022 878 5072 red
894 5021 988 5074 divina.
1352 5020 1381 5084 (¹)
1396 5023 1428 5074 ll.
1444 5035 1511 5074 m.
1548 5067 1553 5079 ,
