4342 6692
670 913 741 984 lde
1060 920 1457 982 conmutatum
1586 874 1589 879 ’

669 1073 848 1168 Rl'andria,
873 1071 1080 1164 Brabantia,
1107 1071 1278 1167 Treviris,
1302 1070 1426 1146 Nervii
1455 1077 1494 1145 et
1519 1070 1645 1146 multe
1668 1071 1750 1146 aliae
1774 1088 1843 1146 na-

667 1194 786 1270 nouos
804 1191 1053 1268 transiverunt
1077 1191 1115 1266 in
1140 1211 1277 1266 nomen
1297 1208 1581 1287 germanorum
1599 1195 1637 1265 et
1656 1191 1775 1265 oritur
1796 1191 1838 1266 in

662 1303 809 1411 alpibus
834 1333 879 1388 ex
908 1312 1041 1407 quihus
1065 1311 1274 1405 Rhodanus,
1294 1319 1334 1385 et
1353 1311 1463 1406 longo
1488 1310 1605 1406 spatio
1628 1310 1842 1386 discurrens

665 1451 734 1531 per
759 1431 849 1509 fines
874 1431 1137 1525 Helvetiorum,
1163 1430 1436 1526 Sequanorum,
1460 1430 1713 1525 Treuirorum,
1740 1433 1841 1505 mul-

662 1555 711 1628 tis
734 1553 915 1649 capitibus
940 1549 1036 1626 eadit
1061 1551 1098 1624 in
1122 1551 1323 1626 Oceanum.
1351 1551 1394 1652 lit
1426 1550 1532 1626 dicit:
1557 1571 1578 1623 e
1607 1551 1686 1624 uide
1710 1556 1841 1645 Snus,

664 1673 813 1768 sdlicet,
838 1673 927 1747 illud
954 1673 1052 1768 quod
1079 1672 1165 1747 iecit
1188 1673 1334 1769 siguum
1352 1670 1499 1766 aquile,
1515 1663 1688 1766 Sequana
1705 1673 1842 1748 nouus

662 1795 828 1868 famosus
853 1793 916 1888 qui
943 1793 1027 1866 lauit
1051 1793 1209 1866 insulam
1234 1811 1388 1888 parram
1406 1791 1503 1865 intra
1524 1791 1737 1886 Pandusa
1760 1811 1839 1888 quo

663 1911 887 1988 denominati
913 1920 999 1986 sunt
1023 1911 1195 2007 Sequani,
1220 1912 1267 1987 de
1291 1913 1426 2007 quihus
1446 1913 1524 2008 jam
1545 1913 1639 1987 laeta
1655 1920 1713 1988 est
1733 1933 1838 1989 meu·

665 2035 726 2110 tio.
753 2031 797 2110 lu
823 2041 864 2108 ut
889 2033 961 2108 cito
986 2053 1027 2108 se
1051 2033 1221 2128 expediat
1244 2033 1347 2108 dicit:
1371 2036 1515 2125 etopus·
1539 2036 1629 2107 volte
1653 2037 1745 2108 onds
1769 2039 1839 2108 llo

661 2159 761 2231 douo
786 2152 943 2248 dpr'eoo,
973 2155 1068 2230 sieut
1103 2155 1236 2228 llurius
1266 2153 1388 2229 &una
1420 2154 1484 2248 qui
1517 2153 1604 2228 olim
1636 2153 1841 2229 vocabatur

666 2277 770 2370 Arar,
789 2276 853 2371 qui
878 2275 1100 2373 pigerrimus
1124 2273 1282 2350 caditis
1308 2270 1525 2349 Rhodanum
1557 2275 1835 2370 rapacissimum

660 2388 769 2493 iuxta
795 2396 1028 2492 Lugdunum.
1057 2395 1101 2468 llt
1125 2395 1173 2469 ita
1201 2394 1330 2492 Sorgia
1348 2394 1595 2490 puluerrimus
1611 2395 1722 2468 intrat
1738 2397 1838 2470 Rho·

660 2515 803 2590 danum
830 2516 927 2612 apud
946 2515 1182 2609 Arinionem3
1200 2521 1238 2589 et
1257 2514 1414 2589 Ruentia
1431 2511 1688 2609 rapacissimus
1707 2515 1838 2589 durio·
1862 2609 1868 2620 .

664 2657 751 2710 rum
779 2636 904 2712 Gallioe
929 2636 991 2731 qui
1020 2657 1093 2711 non
1118 2632 1228 2732 longe
1258 2635 1307 2709 ah
1337 2634 1513 2710 hrtntoue
1545 2634 1640 2710 cadit
1670 2633 1708 2708 in
1741 2636 1840 2710 uuo·

663 2757 815 2832 danum.
854 2757 1053 2831 Rhodanus
1087 2762 1213 2830 autem
1248 2755 1430 2829 transiens
1460 2754 1580 2850 primo
1613 2774 1681 2850 per
1716 2756 1837 2830 lacum

662 2877 869 2952 umanum
892 2877 990 2974 apud
1008 2876 1220 2952 Gebennam
1249 2875 1430 2950 transiens
1455 2895 1523 2969 per
1546 2874 1682 2949 multas
1705 2882 1838 2970 terras,

661 3017 738 3072 non
757 3006 882 3074 tarum
905 2999 1014 3095 longo
1032 3017 1158 3090 cursu,
1175 2995 1238 3071 sed
1255 3015 1391 3092 magno
1408 2995 1545 3091 impetu
1565 2995 1662 3069 cadit
1678 2996 1715 3069 in
1733 3015 1839 3072 mare

663 3137 737 3192 non
763 3119 913 3215 longua
934 3118 1101 3194 Marsilia.
1125 3117 1170 3191 Et
1188 3117 1240 3191 sic
1261 3115 1344 3192 ride
1364 3116 1463 3211 quud
1482 3116 1605 3191 caesar
1625 3116 1838 3213 subiugavit

661 3254 812 3314 omnem
846 3239 1012 3332 Galliam,
1038 3259 1123 3334 quae
1155 3236 1338 3312 clauditur
1366 3237 1509 3331 alpibus
1539 3235 1663 3330 ltalia,
1693 3237 1836 3332 alpinus

662 3359 854 3454 llispaniae,
880 3360 1019 3452 Rheno,
1041 3359 1188 3434 Oceano
1213 3364 1252 3433 et
1277 3358 1370 3432 mari
1391 3357 1676 3432 mediterraneo.
1689 3397 1739 3412 -
1755 3360 1841 3446 osset

656 3470 722 3553 'ohe
735 3485 781 3574 se.
797 3481 861 3555 llic
879 3481 1103 3554 lustiuiunus
1130 3478 1245 3576 tangit
1269 3478 1408 3553 bollum
1423 3477 1532 3552 civile
1550 3476 1715 3570 Caesare,
1736 3476 1834 3571 quod

662 3600 874 3676 inrmediute
886 3601 1054 3694 sequitur
1066 3599 1112 3673 ad
1125 3599 1316 3696 gallicum:
1332 3605 1372 3672 et
1383 3597 1504 3694 primo
1522 3598 1636 3695 tangit
1648 3597 1834 3692 quomodo

663 3722 783 3817 primo
804 3719 996 3816 occuparit
1017 3719 1168 3794 ltaliam.
1183 3719 1235 3794 ld
1255 3718 1362 3794 euius
1380 3719 1496 3794 literae
1512 3717 1755 3815 ooguitiouem
1777 3724 1835 3792 est

663 3841 783 3937 primo
808 3841 996 3916 sciendum
1024 3841 1123 3935 quod
1155 3860 1261 3914 arma
1285 3840 1439 3914 cesaris
1463 3840 1658 3933 hucusque
1688 3837 1836 3912 inerant

662 3961 859 4059 magnilica
872 3969 909 4037 et
921 3961 1092 4058 gloriosa,
1111 3961 1246 4036 amodo
1261 3979 1354 4036 sero
1370 3960 1479 4055 impia
1498 3959 1619 4055 potius
1635 3964 1674 4033 et
1690 3957 1836 4052 iniusta,

661 4069 746 4178 quia
773 4089 900 4158 contra
927 4083 1082 4178 patriam
1112 4081 1210 4156 nulla
1236 4086 1388 4177 possunt
1408 4079 1551 4155 ratione
1569 4079 1752 4154 excusari.
1770 4072 1837 4154 Se·

661 4209 769 4276 uatus
799 4203 896 4277 enirn
933 4223 1110 4277 romanus
1143 4223 1229 4277 eum
1263 4200 1411 4277 consilio
1445 4208 1483 4276 et
1519 4199 1648 4274 iavore
1672 4199 1834 4294 Pompeii

661 4323 778 4419 lingui
806 4332 893 4398 tunc
919 4323 1168 4418 potentissimi,
1194 4321 1340 4397 Catonis
1365 4318 1628 4418 sapientissimi,
1650 4319 1836 4396 Ciceronis

660 4443 957 4540 eloquentissimi,
983 4444 1093 4519 Marci
1119 4443 1223 4516 Bruti
1250 4442 1515 4534 virtuosissimi,
1541 4441 1774 4532 decernebat,
1792 4448 1836 4514 nt

660 4565 782 4639 Cesar
806 4563 954 4639 dimisso
980 4564 1144 4640 exercitu
1167 4563 1331 4658 privatus
1348 4562 1499 4655 rediret,
1517 4567 1554 4636 et
1568 4559 1750 4635 Romilius
1765 4579 1836 4634 au·

659 4684 873 4760 durissimus
906 4685 972 4760 sibi
1005 4704 1196 4760 successor
1226 4683 1447 4778 mitteretur,
1473 4682 1551 4758 sive
1574 4681 1720 4774 invidia,
1746 4681 1833 4776 quia

660 4825 849 4898 nunquam
880 4825 1011 4902 magna
1030 4803 1154 4900 xgloria
1176 4803 1255 4878 siue
1279 4803 1419 4878 invidia.
1433 4803 1517 4896 luit3
1535 4801 1613 4876 sire
1631 4821 1678 4876 ex
1700 4800 1835 4875 timore

660 4923 745 5018 quia
773 4925 943 5002 ridebant
969 4923 1066 5021 quod
1091 4925 1215 5000 Caesar
1233 4924 1358 4999 ornuia
1383 4922 1516 5020 agebat
1542 4943 1615 4996 nou
1639 4927 1830 5016 tamquam

657 5044 732 5119 dux
761 5047 883 5142 populi
911 5047 1066 5139 romani,
1086 5044 1150 5120 sed
1168 5051 1210 5119 ut
1234 5044 1405 5120 dominus
1430 5051 1467 5120 et
1493 5063 1559 5119 ren
1585 5059 1653 5138 pro
1677 5043 1832 5118 arbitrio
