4342 6692
652 889 722 954 500
1042 893 1247 950 connubii
1270 892 1441 948 PdllleSl

651 1045 783 1122 obtulit
806 1043 883 1118 ileo
910 1061 1042 1138 panem
1069 1047 1107 1116 et
1130 1037 1272 1134 riuum,
1291 1040 1326 1114 in
1345 1057 1420 1134 quo
1438 1035 1695 1134 praefiguratus
1712 1027 1749 1128 (¹)
1768 1043 1825 1110 est

653 1167 816 1244 Christus
842 1163 905 1258 qui
931 1163 998 1236 luit
1033 1182 1100 1238 rex
1129 1168 1167 1237 et
1200 1160 1383 1252 sacerdos,
1408 1158 1487 1234 sine
1512 1155 1696 1232 mutreio
1718 1157 1824 1249 eccle,

652 1288 729 1362 sine
754 1293 859 1381 patre
884 1285 921 1359 in
947 1291 1069 1378 terra3
1095 1286 1141 1358 cd
1163 1287 1259 1357 ultro
1284 1284 1409 1374 quello,
1427 1277 1563 1355 scilicet
1587 1278 1746 1354 Dedalus
1770 1277 1826 1351 in·

652 1405 835 1503 geniosus,
862 1407 921 1479 cic
946 1407 1100 1478 volando
1120 1425 1225 1497 perse
1247 1404 1276 1476 ll
1295 1405 1408 1496 fiplio,
1433 1401 1537 1494 idest,
1562 1398 1717 1495 perdidit
1744 1400 1824 1474 lca·

655 1548 738 1602 rum
767 1525 881 1601 filium
906 1547 1030 1620 suum,
1048 1524 1112 1619 qui
1133 1524 1267 1600 cadens
1291 1523 1328 1598 in
1357 1541 1460 1598 mare
1480 1521 1681 1596 suffocatus
1697 1527 1764 1614 est,
1784 1527 1826 1593 ut

653 1647 738 1722 alibi
763 1646 899 1720 dictum
927 1651 992 1720 est.
1007 1685 1056 1698 -
1071 1649 1122 1717 Lo
1145 1647 1329 1718 circulmc.
1357 1643 1422 1718 llic
1447 1641 1600 1717 Carolus
1624 1640 1719 1715 lacta
1736 1659 1826 1714 oon·

654 1767 816 1843 elusione
841 1771 908 1840 sua
932 1766 1096 1841 declarat
1122 1785 1238 1838 unum
1264 1764 1364 1859 quod
1391 1762 1529 1838 dictum
1560 1771 1617 1837 est
1640 1783 1753 1857 supra
1777 1761 1826 1836 dc

655 1895 787 1963 natura
825 1886 920 1981 eceli,
951 1907 1035 1981 quae
1076 1884 1230 1960 tutundit
1263 1885 1437 1959 virtutem
1470 1904 1577 1958 suam
1608 1883 1744 1976 ubique
1777 1881 1825 1956 ad

654 2008 816 2084 diversos
841 2008 993 2084 allectus
1024 2005 1301 2102 producendos3
1333 2003 1396 2079 sed
1430 2025 1504 2078 non
1536 2003 1712 2098 distincte,
1739 2003 1826 2098 quia

655 2129 691 2203 in
712 2128 826 2203 lilium
845 2128 970 2203 rustici
988 2126 1142 2202 infundit
1161 2125 1501 2222 magnanimitatem
1518 2125 1715 2218 interdum,
1732 2130 1770 2199 et
1790 2124 1827 2196 in

656 2248 770 2322 lilium
806 2248 902 2345 regis
938 2247 1124 2322 vilitatem.
1155 2247 1199 2320 Et
1228 2245 1310 2322 ideo
1345 2252 1432 2319 nota
1465 2246 1561 2320 bene
1593 2245 1692 2338 quod
1717 2265 1828 2320 omne

656 2387 770 2464 agens
796 2368 963 2442 naturale
992 2374 1149 2441 conatur
1178 2366 1380 2442 assimilare
1409 2365 1476 2440 sibi
1501 2387 1631 2462 pesum
1647 2357 1697 2458 (¹).
1725 2363 1824 2440 Unde

657 2485 760 2583 pate'r
787 2488 1002 2563 naturaliter
1031 2485 1183 2563 deberet
1213 2507 1396 2584 generare
1422 2486 1536 2561 lilium
1562 2486 1638 2561 sibi·
1659 2486 1824 2579 similem,

658 2614 695 2682 et
720 2609 841 2702 quoad
867 2608 1088 2682 lineamenta
1114 2607 1369 2683 membrorum
1403 2614 1441 2682 et
1466 2607 1588 2702 quoad
1614 2605 1827 2701 qualitatum

660 2749 825 2822 morum3
853 2727 950 2804 unde
975 2728 1119 2824 sapiens
1144 2727 1360 2803 naturaliter
1384 2727 1468 2804 lacit
1491 2728 1704 2825 sapientem,
1726 2728 1828 2802 fortis

648 2846 814 2941 .l0rtem;
841 2845 904 2922 sed
931 2848 1045 2922 multa
1076 2847 1337 2943 impedimenta
1367 2854 1510 2923 naturae
1541 2847 1679 2922 iaciunt
1707 2847 1827 2942 ipsum

642 2966 890 3066 dissimilem:
921 2967 1016 3041 unde
1042 2988 1128 3042 cum
1154 2967 1212 3041 vir
1235 2967 1387 3043 deberet
1421 2967 1543 3042 lacere
1572 2967 1704 3060 virum,
1731 2987 1829 3062 saepe
1979 3023 1985 3032 .

659 3097 782 3164 tamen
817 3087 900 3164 lacit
935 3088 1136 3182 loeminam,
1172 3108 1257 3182 quae
1289 3095 1345 3164 cst
1378 3087 1435 3163 rir
1460 3087 1711 3162 occasionatus
1737 3093 1830 3162 teste

658 3209 879 3306 philosopho,
912 3207 1003 3284 idest
1035 3210 1265 3284 occasionem
1298 3229 1427 3304 passus
1452 3227 1499 3284 ex
1525 3208 1669 3283 delectu
1698 3206 1830 3283 caloris
1878 3199 1882 3204 ’

658 3331 715 3406 vel
740 3352 787 3406 ex
814 3327 1051 3404 inobedientia
1080 3329 1254 3404 materiae.
1282 3327 1375 3404 llicit
1399 3348 1512 3424 crgo:
1540 3333 1593 3400 Lo
1611 3333 1744 3401 namra
1758 3329 1830 3401 oir-

657 3453 769 3543 cular,
799 3448 889 3524 idest
918 3447 1085 3542 coelestis,
1111 3447 1193 3523 clt’d
1219 3451 1387 3540 reppello,
1421 3447 1525 3542 idest,
1555 3447 1731 3542 imprimit
1754 3447 1831 3522 iur-

659 3589 759 3644 mam
785 3589 889 3644 more
915 3567 1030 3664 sigilli,
1056 3572 1131 3643 aliu
1154 3589 1239 3644 ocra
1263 3572 1424 3660 mortale,
1445 3567 1548 3662 idest,
1575 3568 1611 3641 in
1638 3567 1828 3643 materiam

659 3689 880 3783 interiorem,
912 3691 954 3785 sa
990 3689 1054 3762 ben
1091 3693 1144 3764 erl
1168 3699 1257 3780 orte,
1292 3689 1394 3783 idest,
1427 3689 1523 3764 bene
1554 3688 1639 3764 iacit
1669 3689 1831 3764 diversos

659 3807 812 3885 ellectus
840 3809 877 3883 in
903 3809 1017 3904 nobis,
1046 3817 1086 3884 ut
1112 3810 1346 3906 predicitur3
1372 3831 1432 3884 ma
1455 3831 1529 3884 non
1554 3811 1831 3902 dempserim

659 3931 743 4003 doll'
755 3931 848 4002 altro
880 3931 1010 4023 ortelle,
1049 3929 1151 4025 idest,
1184 3951 1301 4005 unum
1333 3930 1528 4026 hospitium
1563 3930 1612 4004 ab
1644 3928 1727 4023 alio,
1760 3929 1833 4004 sci·

660 4049 742 4124 licet
767 4069 921 4145 corpora
950 4051 1169 4145 receptibilia
1200 4051 1417 4143 formarum,
1443 4051 1539 4125 sieut
1563 4069 1719 4144 corpora
1745 4071 1830 4145 que

659 4176 744 4244 sunt
770 4167 989 4266 receptibilia
1013 4171 1243 4265 animarum;
1270 4169 1395 4265 immo,
1422 4170 1520 4265 quod
1544 4170 1744 4244 mirabilius
1771 4169 1826 4244 ri·

660 4289 779 4384 detur,
805 4311 902 4387 saepe
932 4291 967 4365 in
994 4291 1168 4367 eumdem
1200 4297 1350 4366 uterum
1384 4290 1494 4364 simul
1531 4289 1686 4368 inlundlt
1709 4289 1833 4365 diver·

660 4409 806 4486 sitalem
834 4433 1019 4509 magnam,
1044 4411 1139 4486 sicut
1164 4411 1334 4486 videmus
1350 4411 1386 4484 in
1404 4409 1529 4484 multis
1544 4409 1720 4507 gemellis.
1747 4407 1833 4484 ldeo

660 4529 802 4604 subdit:
835 4533 962 4623 pund,
997 4531 1099 4625 idest,
1133 4531 1181 4605 ab
1215 4531 1284 4607 ista
1319 4537 1450 4606 natura
1484 4529 1635 4625 celest,
1669 4532 1836 4605 motez

660 4653 712 4726 cll
729 4647 820 4727 Eroti
843 4651 875 4726 ri
897 4654 1035 4746 stipare
1059 4655 1110 4726 do
1132 4653 1256 4747 Jacob,
1279 4649 1343 4746 qui
1370 4650 1521 4726 luerunt
1545 4651 1678 4726 iratres
1702 4650 1834 4726 eodem

663 4781 769 4868 partu
797 4772 882 4868 nati,
908 4779 945 4848 et
971 4779 1096 4848 tamen
1121 4773 1273 4849 llrerunt
1297 4771 1346 4846 ita
1371 4772 1504 4848 diversi
1529 4779 1567 4847 et
1590 4771 1745 4865 adversi,
1765 4791 1835 4864 per

724 5037 753 5101 l¹l
768 5035 794 5087 S·
810 5048 826 5087 θ
841 5041 865 5099 b
880 5035 1015 5102 figuratus.
1234 5031 1262 5099 ς’)
1280 5035 1311 5086 ll.
1327 5034 1376 5086 slbl
1392 5046 1503 5099 passum.
