4342 6692
679 882 750 950 loll
1072 893 1278 949 conuscat
1302 895 1468 970 rannnrsr

678 1045 731 1113 ln
753 1060 902 1132 emona,
932 1039 1057 1136 regale
1081 1038 1261 1133 diadema,
1278 1041 1448 1133 Myconii
1470 1029 1533 1129 gid
1556 1041 1595 1111 in
1616 1041 1746 1132 fronte,
1766 1037 1852 1114 licat

676 1162 826 1257 qnidam
851 1158 1073 1234 Andreasius
1098 1157 1145 1234 de
1169 1159 1283 1256 stirpe
1307 1159 1507 1256 ilungarne
1527 1158 1764 1254 occupaverit
1789 1179 1850 1233 re·

676 1303 804 1380 gnum,
830 1283 868 1354 di
892 1281 1006 1372 puella
1031 1286 1143 1370 terro,
1161 1279 1309 1373 scilicet,
1325 1279 1534 1375 llungariae,
1554 1281 1615 1353 cte
1637 1282 1666 1352 it
1689 1279 1853 1352 moabie

677 1405 773 1495 riga,
805 1401 869 1496 qui
902 1401 974 1476 alio
1013 1401 1162 1474 nomine
1192 1400 1327 1475 dicitur
1360 1400 1463 1493 lster,
1495 1402 1592 1490 ripa,
1630 1399 1734 1492 idest,
1774 1398 1853 1472 bal-

679 1528 775 1616 neat,
795 1523 860 1614 poi
883 1522 944 1594 cle
969 1523 1000 1593 lc
1023 1522 1102 1612 ripe
1125 1522 1288 1613 moute,
1309 1518 1536 1594 Alamanniae
1555 1517 1768 1613 superioris,
1788 1517 1853 1590 ub-

678 1643 959 1716 bnndona.—ll
974 1645 1010 1715 lu
1026 1641 1125 1714 betta.
1143 1641 1209 1715 llic
1226 1640 1411 1715 llartellus
1430 1637 1602 1714 describit
1622 1646 1800 1732 quartum
1813 1632 1851 1730 (¹)

680 1785 850 1861 regnum,
865 1763 963 1858 quod
984 1761 1050 1836 sibi
1077 1761 1123 1836 de
1143 1761 1231 1856 jure
1255 1761 1461 1836 debebatur
1477 1767 1515 1834 et
1535 1759 1743 1834 baeredibus
1761 1760 1851 1852 suis,

680 1885 745 1959 nisi
772 1891 940 1979 ereptum
967 1882 1094 1956 luisset
1118 1881 1164 1956 de
1188 1881 1288 1956 furto
1302 1872 1339 1974 (²)
1358 1880 1490 1957 Carolo
1506 1881 1521 1952 l
1537 1901 1610 1954 avo
1628 1900 1708 1954 suo.
1726 1881 1770 1953 Et
1785 1879 1852 1954 de·

678 2005 803 2080 scribit
819 2003 1014 2080 artificiose
1025 2003 1183 2079 insulam
1197 2003 1327 2078 Sicilire
1339 2024 1363 2077 a
1377 2001 1533 2076 mirabili
1547 2002 1699 2096 antiquo
1712 2007 1852 2095 monte,

679 2133 716 2201 ot
749 2126 904 2200 mirabili
918 2117 955 2218 (³)
990 2123 1189 2200 rebellione
1222 2143 1329 2198 nova.
1362 2122 1416 2196 ild
1450 2121 1612 2218 primum
1645 2128 1701 2196 est
1734 2121 1853 2216 primo

677 2245 877 2340 sciendum,
904 2245 1003 2340 quod
1029 2245 1137 2319 AEtna
1164 2265 1270 2318 mons
1299 2244 1335 2316 in
1368 2243 1490 2318 medio
1519 2241 1650 2318 Sicilie
1674 2249 1730 2316 est
1754 2241 1852 2316 cele·

679 2367 863 2442 berrimus
889 2367 985 2440 lama
1010 2365 1046 2438 in
1074 2371 1151 2439 toto
1176 2364 1285 2458 orbe3
1304 2363 1367 2458 qui
1387 2362 1474 2437 olim
1493 2381 1641 2457 semper
1656 2361 1788 2436 ardens
1804 2361 1852 2434 de

678 2487 752 2561 alto
778 2487 972 2562 cacumine
1005 2506 1073 2560 suo
1108 2485 1300 2560 emittebat
1327 2485 1457 2581 globos
1487 2483 1614 2580 igneos
1644 2503 1741 2558 nunc
1770 2485 1851 2578 plus

680 2627 778 2682 nunc
804 2607 936 2681 minus.
967 2608 1043 2680 lloc
1073 2614 1200 2681 autem
1226 2611 1308 2680 erat
1336 2625 1381 2680 er
1412 2605 1567 2679 materia
1600 2604 1786 2699 sulpburis
1814 2604 1851 2678 iu

681 2727 881 2802 visceribus
906 2727 999 2821 eius,
1026 2733 1068 2800 ut
1093 2726 1217 2801 scribit
1240 2725 1390 2800 Ovidius
1420 2725 1457 2798 in
1481 2725 1557 2798 xv·
1574 2723 1730 2816 Maioris,
1756 2729 1795 2797 et
1812 2711 1850 2814 (⁴)

681 2846 873 2922 videbatur
893 2846 942 2920 ibi
970 2847 1202 2942 prophetare,
1232 2845 1320 2940 quia
1344 2845 1430 2919 dicit
1455 2844 1553 2939 quod
1580 2843 1701 2919 veniet
1729 2842 1852 2918 adbuc

681 2975 826 3062 tempus
851 2987 926 3062 qrro
951 2967 1059 3042 AEtna
1086 2986 1161 3040 non
1186 2965 1329 3041 ardebit
1352 2971 1569 3061 consumpta
1594 2963 1750 3038 materia
1775 2965 1852 3038 sul·

679 3086 817 3182 pburis.
838 3087 938 3163 Unde
955 3088 1094 3162 Seneca
1111 3087 1237 3162 scribit
1252 3086 1390 3160 Lucilio
1406 3085 1505 3180 quod
1522 3085 1603 3158 uult
1622 3084 1718 3158 scire
1737 3083 1785 3158 ab
1802 3103 1848 3160 co

678 3205 725 3280 de
748 3206 894 3281 duobus
920 3206 1149 3281 mirabilibus
1166 3205 1307 3298 Sicilie,
1321 3205 1456 3279 scilicet
1475 3203 1655 3299 Charybdi
1672 3209 1711 3278 et
1726 3203 1847 3297 AEtna,

679 3346 791 3420 quam
818 3327 902 3401 dicit
927 3327 1094 3402 consumi
1120 3332 1158 3402 et
1182 3326 1341 3402 delicere
1364 3345 1412 3399 ex
1438 3326 1507 3399 boc
1532 3324 1631 3418 quod
1655 3324 1852 3418 aliquando

679 3445 935 3542 navigantibus
961 3447 1197 3544 longinquius
1214 3447 1355 3522 solebat
1370 3445 1530 3539 ostendi;
1548 3451 1585 3519 et
1603 3445 1654 3518 sic
1671 3465 1737 3539 per
1754 3452 1849 3520 tem·
1880 3463 1886 3472 ·

679 3585 769 3660 pora
787 3566 973 3662 paullatim
995 3567 1163 3661 cessavit,
1189 3567 1238 3642 ita
1264 3567 1364 3661 quod
1389 3546 1587 3641 bodie'ncn
1606 3571 1756 3660 apparet
1781 3564 1847 3638 nisi

678 3685 875 3780 aliquando
900 3687 1043 3782 lumus;
1064 3695 1102 3763 et
1119 3694 1174 3762 est
1192 3687 1359 3763 mirabile
1380 3687 1479 3783 quod
1499 3687 1597 3762 circa
1614 3686 1753 3761 radices
1769 3686 1850 3760 eins
1909 3675 1912 3680 ’

681 3827 785 3880 mons
802 3813 859 3882 est
873 3809 1144 3884 amoenissimus
1160 3808 1322 3902 floribus,
1340 3808 1511 3901 lontibus,
1525 3808 1714 3883 viridariis.
1729 3809 1851 3882 Poeta

678 3931 816 4001 autem
837 3928 951 4004 multa
978 3929 1191 4003 fabulantur
1214 3927 1262 4004 de
1295 3929 1365 4002 boc
1397 3935 1546 4003 monte:
1578 3926 1720 4023 lingunt
1751 3928 1850 4002 euim

679 4046 778 4140 quod
804 4048 990 4123 Vulcanus
1023 4047 1116 4124 deus
1140 4048 1234 4146 ignis
1257 4049 1307 4122 ibi
1333 4049 1486 4123 fabricat
1515 4047 1667 4122 fulmina
1693 4047 1785 4142 lovi,
1811 4055 1849 4124 et

674 4165 778 4258 quod
791 4167 975 4263 Typboens
992 4170 1096 4266 gigas
1113 4169 1327 4244 fulminatus
1344 4169 1552 4264 suppositus
1569 4175 1624 4244 est
1641 4169 1768 4262 monti,
1786 4169 1850 4264 qui

597 4282 602 4289 ’
679 4288 817 4362 evomit
842 4294 985 4364 tantum
1012 4290 1232 4365 incendium.
1259 4289 1330 4364 Per
1355 4291 1425 4364 boc
1449 4290 1583 4364 llantes
1608 4290 1798 4365 moraliter
1811 4281 1848 4382 (³)

678 4407 741 4484 dat
765 4407 915 4504 intelligi
945 4410 1045 4505 quod
1074 4409 1190 4507 gigas,
1220 4409 1314 4483 idest
1342 4430 1501 4504 magnus
1529 4410 1721 4505 superbus,
1749 4417 1852 4485 recte

680 4529 780 4604 velnt
805 4530 914 4604 AEtna
938 4531 1073 4606 ardeus
1097 4530 1225 4605 lurore
1249 4530 1382 4605 emittit
1408 4532 1576 4605 llammas
1600 4551 1686 4604 cum
1712 4549 1850 4627 magno

676 4650 812 4726 damno
838 4651 895 4724 sui
916 4657 954 4725 et
969 4651 1142 4743 aliorum,
1158 4650 1253 4726 sieut
1271 4657 1370 4725 recte
1387 4651 1505 4746 patuit
1523 4651 1561 4724 in
1581 4650 1752 4746 Dionysio
1770 4669 1850 4724 ma-

678 4792 753 4867 gun
769 4779 926 4868 tyranno
942 4771 1038 4846 illius
1055 4771 1195 4845 insulae.
1215 4770 1268 4845 lld
1285 4770 1429 4846 literam
1446 4792 1555 4867 ergo;
1573 4771 1657 4846 dicit
1673 4771 1847 4846 Camlnm

741 4958 768 5020 ξ’)
784 4963 808 5018 t,
824 4959 894 5010 aliud
912 4973 1031 5026 regnum.
1192 4957 1220 5020 (Ἴ
1238 4961 1267 5011 F„
1283 4960 1316 5010 dc
1332 4959 1409 5010 lacto.
1502 4958 1529 5023 (¹)
1545 4960 1576 5010 E.
1592 4966 1618 5010 et
1635 4959 1787 5009 admirabili.
1846 4973 1852 4982 ·

743 5035 770 5098 tl)
786 5035 816 5086 lt.
833 5049 848 5086 e
864 5041 888 5099 t,
905 5043 933 5088 et
947 5039 1050 5090 ridetur
1066 5039 1111 5089 lbi.
1192 5037 1220 5100 (⁸)
1237 5038 1267 5088 li.
1283 5037 1420 5089 moraliter
1434 5037 1557 5102 intelligit
1572 5037 1650 5102 qnod.
