4342 6692
741 955 878 1014 camus
902 959 1047 1013 narnus.
1406 945 1478 1014 327

308 1109 430 1177 tamen
451 1103 530 1198 jam
556 1102 805 1198 pervenissem
826 1105 872 1178 ad
890 1104 1039 1197 coelum,
1053 1099 1116 1196 piri
1130 1108 1185 1198 [ui
1207 1107 1354 1195 irretito,
1374 1104 1483 1198 idest,

305 1224 526 1318 illaqueatus
550 1222 588 1296 in
614 1230 704 1317 rete,
721 1225 847 1298 dentre
863 1227 914 1298 ud
928 1245 977 1296 oo
995 1245 1125 1315 nocuo,
1143 1225 1281 1318 supple,
1299 1223 1476 1318 dubium3

306 1345 454 1417 educi:
478 1333 540 1434 oid
563 1345 717 1435 repur'eoi
740 1351 911 1435 coemo,
945 1344 1039 1421 sicut
1064 1345 1143 1439 jam
1179 1344 1397 1439 praedixcrat
1431 1342 1477 1417 ad

306 1463 547 1559 quietandum
565 1464 731 1538 animum
749 1470 991 1559 commotum,
1005 1467 1043 1537 di
1053 1467 1193 1555 monde
1209 1467 1477 1554 ootmiruzionc,

308 1586 387 1660 suni
399 1583 596 1660 etluminis
609 1584 893 1680 magnilocum
908 1588 1072 1677 ammira,
1085 1585 1213 1660 maiori
1223 1584 1477 1678 admiratione,

308 1708 395 1778 com'
406 1709 442 1778 in
459 1708 646 1779 emendo
665 1707 773 1796 questi
788 1709 888 1798 corpi
903 1708 993 1796 lieni,
1011 1705 1113 1799 idest,
1131 1725 1285 1800 corpora
1304 1703 1482 1798 coelestia,

308 1832 401 1930 culn·
420 1827 489 1900 sim
514 1827 635 1900 adhuc
651 1845 738 1900 cum
759 1845 915 1920 corpore
933 1827 1098 1900 terrestri
1118 1827 1233 1924 gravi.
1253 1827 1296 1901 Et
1316 1827 1374 1902 hic
1391 1833 1477 1901 nota

308 1946 414 2041 quod
432 1945 568 2020 coelum
596 1966 669 2020 non
690 1951 745 2020 est
762 1945 932 2040 calidum,
952 1967 1020 2021 nec
1037 1946 1223 2042 frigidum,
1241 1967 1310 2022 nec
1327 1948 1476 2042 siccum,

308 2087 376 2142 nec
396 2065 600 2159 humidum,
618 2085 687 2140 nec
703 2065 796 2160 leve,
815 2085 883 2140 nec
900 2066 1159 2162 ponderosum,
1178 2069 1271 2142 sicut
1295 2071 1477 2144 elementa

306 2186 470 2261 subiecta
497 2186 563 2260 sibi
581 2207 666 2280 quae
683 2193 819 2280 movet,
838 2187 1033 2286 permiscet
1051 2194 1089 2261 et
1105 2188 1390 2281 complexionum
1411 2188 1474 2262 scd

305 2312 415 2380 autor
440 2307 596 2401 appellat
621 2307 756 2381 coelum
783 2307 876 2399 leve,
900 2305 989 2409 ‘qnia
1014 2311 1069 2380 est
1095 2326 1207 2399 super
1231 2325 1343 2381 omne
1368 2307 1475 2401 leve3

305 2447 391 2500 nam
410 2425 504 2523 ignis
523 2433 579 2500 est
598 2426 809 2521 simpliciter
828 2425 917 2500 levis
934 2450 944 2520 3
966 2426 1025 2500 vel
1041 2425 1100 2500 dic
1122 2427 1214 2520 leve,
1236 2427 1320 2520 quia
1340 2429 1478 2521 purum

306 2546 549 2622 immateriale
573 2546 801 2621 velocissime
826 2554 1009 2640 movetur,
1042 2548 1101 2622 vel
1128 2567 1270 2641 expone
1300 2548 1381 2622 leve
1411 2565 1478 2642 pro

307 2666 446 2742 leviter.
461 2708 511 2721 —
528 2669 618 2741 Oud'
630 2669 708 2742 ello.
734 2666 799 2741 llic
824 2667 958 2740 Dentes
975 2666 1076 2763 punit
1094 2666 1365 2762 responsionem
1385 2668 1477 2742 Bea-

307 2787 407 2862 tricis
431 2807 516 2880 quae
541 2786 647 2861 solvit
671 2786 790 2882 ipsum
815 2786 982 2860 dubium.
1009 2788 1052 2861 Et
1078 2788 1197 2882 primo
1224 2787 1338 2882 tangit
1357 2786 1478 2881 dispo-

307 2906 474 2981 sitionem
509 2905 683 2980 Beatricis
717 2926 806 3002 erga
840 2926 891 2999 se,
926 2926 1011 2999 quae
1045 2907 1093 2981 ad
1126 2907 1287 3003 primum
1324 2906 1477 2981 dubium

307 3026 518 3100 ostenderat
542 3023 839 3120 indignationem,
866 3025 952 3118 quia
976 3034 1153 3120 arguerat
1183 3027 1301 3122 ipsum
1334 3027 1380 3101 de
1411 3047 1478 3100 ru-

306 3145 443 3239 ditate3
469 3164 568 3219 nunc
593 3164 684 3220 vero
708 3144 754 3219 ad
780 3145 983 3219 secundum
1008 3145 1162 3219 dublum
1189 3146 1343 3223 ostendit
1372 3167 1475 3221 com-

306 3266 524 3360 passionem,
551 3264 637 3359 quia
662 3265 785 3361 arguit
809 3284 897 3341 eum
922 3264 969 3340 de
994 3285 1140 3340 errore:
1159 3266 1282 3340 etheo
1304 3266 1389 3342 lacit
1408 3287 1474 3361 per

307 3386 490 3482 propriam
515 3384 828 3480 'comparationem
856 3385 983 3458 matris
1008 3384 1054 3458 ad
1081 3385 1206 3459 lilium.
1237 3386 1329 3460 Dicit
1361 3407 1475 3482 ergo:

310 3508 489 3596 Oou'eltu,
514 3505 660 3600 scilicet,
678 3505 836 3598 Beatrix,
855 3524 1024 3599 oppresso
1040 3507 1075 3578 d'
1086 3526 1136 3578 uu
1153 3507 1214 3598 pio
1236 3509 1387 3600 sosptro,
1409 3507 1472 3580 ubi

305 3627 424 3721 primo
438 3626 569 3700 riserat
582 3646 680 3701 nunc
692 3625 886 3720 suspiravit
899 3646 943 3700 ex
955 3624 1088 3719 pietate
1102 3624 1297 3700 condolens
1311 3627 1476 3700 humano

304 3746 443 3844 generi,
464 3747 563 3842 quud
581 3746 727 3821 videtur
753 3746 924 3842 ignorare
949 3766 990 3820 se
1016 3765 1097 3820 esse
1120 3751 1247 3839 aptum
1275 3752 1401 3819 natum
1430 3746 1476 3820 ad

307 3867 525 3962 felicitatem,
556 3885 641 3941 cum
669 3872 794 3941 tamen
819 3867 877 3939 hic
903 3864 948 3939 sit
973 3863 1053 3938 linis
1081 3864 1250 3959 hominis,
1277 3858 1404 3938 drizzd
1427 3868 1478 3957 pli

304 3991 412 4078 occdi,
437 3988 474 4062 in
500 3989 635 4082 quibus
660 3986 820 4062 consistit
845 3984 1052 4081 pulcritudo
1078 3990 1115 4059 et
1140 3985 1251 4060 decor
1276 3986 1379 4068 istius
1410 3986 1477 4059 do·

308 4109 426 4202 minae,
452 4106 514 4182 sed
546 4128 645 4182 nunc
677 4105 835 4201 respexit
868 4111 984 4198 torve,
1011 4105 1098 4198 quia
1124 4111 1205 4178 erat
1235 4105 1352 4200 irata3
1379 4104 1481 4178 unde·

305 4226 409 4301 dicit:
435 4246 502 4300 coo
526 4231 605 4320 quet
626 4227 825 4317 scommate,
851 4224 953 4318 idest,
983 4229 1133 4319 aspectu
1166 4224 1315 4298 turbato
1345 4245 1391 4299 ex
1421 4223 1476 4298 al·

304 4346 459 4421 lectione
475 4367 573 4440 cara,
590 4349 651 4421 cte
670 4349 794 4421 madre
808 4349 850 4440 su
865 4363 976 4437 sopra
993 4345 1130 4436 fictioni
1145 4346 1269 4434 deliro,
1287 4343 1390 4438 idest,
1411 4343 1476 4438 qui

303 4465 461 4568 delirare
488 4466 635 4541 videtur
659 4466 706 4542 ad
731 4464 882 4540 modum
917 4464 1024 4539 senis.
1057 4463 1168 4537 Deliri
1198 4463 1295 4536 enim
1328 4464 1474 4559 proprie

191 4660 193 4663 ,
302 4588 533 4681 appellantur
558 4604 664 4662 senes
693 4587 730 4660 in
756 4585 889 4679 quibus
914 4584 1172 4678 distemperata
1198 4590 1253 4658 est
1282 4584 1473 4659 harmonia

304 4706 483 4781 virtutum
514 4706 741 4799 animalium,
776 4705 870 4778 sicut
903 4705 941 4778 in
976 4706 1054 4800 lyra
1089 4703 1232 4777 dissona
1266 4702 1473 4778 discordant

304 4827 451 4902 chordae
482 4847 505 4902 a
533 4825 768 4922 proportione
799 4823 944 4916 debita3
976 4829 1014 4899 et
1038 4843 1137 4896 nunc
1162 4828 1268 4918 poeta
1294 4822 1470 4897 delirabat

306 4953 494 5041 tamquam
512 4945 708 5041 discipulus
733 4944 890 5019 discolus
915 4965 938 5018 a
961 4943 1127 5020 doctrina
1149 4943 1274 5018 matris
1292 4963 1378 5016 suae.
1399 4941 1475 5017 Vu-

306 5069 385 5143 lens
411 5073 535 5143 autem
564 5067 630 5141 ista
657 5067 715 5162 pia
738 5072 857 5140 mater
884 5085 1060 5139 revocare
1085 5063 1198 5137 lilium
1225 5064 1393 5158 delirum,
1419 5064 1476 5137 in-
