4342 6692
640 885 778 940 caurus
804 886 996 941 vrunsrnsus
1020 886 1187 953 Qururus.
1447 873 1493 939 97

325 1030 501 1127 magistro
535 1050 632 1123 men,
657 1033 802 1123 discolpr'
833 1052 901 1121 me,
926 1029 1028 1123 idest,
1055 1037 1208 1105 excuset
1239 1033 1276 1104 et
1305 1038 1496 1105 removeat

323 1170 386 1223 me
409 1170 433 1224 a
457 1151 565 1245 culpa
590 1150 817 1245 temeritatis,
843 1171 881 1223 se
904 1153 954 1241 nrt
978 1152 1146 1242 drapum,
1168 1148 1272 1243 idest,
1287 1150 1327 1223 ‘si
1354 1151 1496 1245 explico

324 1275 362 1345 et
385 1270 511 1366 aperio
535 1270 614 1365 sibl,
631 1272 668 1345 tu
688 1273 812 1345 oedsda
829 1278 961 1361 cerna,
979 1269 1084 1363 idest,
1101 1270 1294 1345 veritatem
1316 1276 1494 1346 aetemam

323 1388 434 1464 buius
458 1390 678 1486 quaestionis,
705 1380 741 1464 td
766 1393 854 1464 douc
878 1398 914 1465 tu
935 1394 997 1481 sie,
1016 1389 1119 1485 idest,
1137 1390 1173 1463 in
1193 1391 1388 1485 praesentia
1412 1398 1495 1486 tua;

323 1508 429 1601 quasi
455 1508 550 1585 dicat
575 1510 710 1584 Statius
736 1509 904 1607 Virgilio:
929 1512 999 1585 boc
1023 1530 1140 1583 unum
1161 1511 1281 1584 solum
1302 1512 1494 1586 excusabit

324 1629 645 1725 presumptionem
672 1650 807 1725 meam,
826 1630 926 1725 quod
942 1651 1012 1728 ego
1032 1651 1107 1705 non
1132 1651 1282 1726 possum
1308 1632 1493 1728 denegare

323 1747 459 1841 aliquid
487 1748 560 1842 tibi,
578 1770 664 1824 cum
690 1770 802 1825 omne
827 1757 934 1825 tuum
955 1770 1154 1846 precamen
1179 1750 1225 1824 sit
1250 1751 1338 1825 mibi
1363 1749 1494 1827 arctis-

323 1869 459 1943 simum
484 1876 720 1966 preceptum.
745 1871 790 1945 Et
814 1871 936 1945 subdit
961 1871 1154 1946 exordium
1172 1870 1274 1946 Statii
1291 1872 1337 1946 ad
1358 1892 1411 1965 se,
1429 1871 1492 1964 qui

323 1989 500 2084 promittit
523 1989 590 2062 sibi
615 1989 899 2075 declarationem
927 1990 1147 2084 questionis.
1173 1990 1276 2094 Unde
1301 1991 1404 2065 dicit:
1430 1994 1495 2085 pot

322 2102 504 2201 oominctd,
520 2110 658 2204 supple,
676 2109 798 2185 dicere
819 2109 907 2184 mibi
933 2110 992 2185 ille
1017 2110 1152 2184 Statius
1179 2117 1221 2184 ut
1246 2111 1415 2185 redderet
1433 2131 1495 2187 me

321 2236 523 2305 attentum:
549 2250 572 2303 o
594 2232 705 2322 figito,
723 2230 786 2324 qui
812 2230 924 2304 babes
951 2230 1009 2305 bic
1034 2230 1127 2304 duos
1148 2237 1283 2326 patres,
1302 2231 1493 2328 Virgilium

325 2358 363 2427 et
389 2370 460 2444 me,
486 2372 524 2424 se
547 2353 584 2424 lu
609 2356 719 2425 mento
742 2358 803 2423 tua
826 2354 968 2441 guarda
993 2373 1012 2424 e
1035 2355 1161 2443 rtceoc,
1187 2352 1492 2445 intellectualiter,

324 2474 356 2546 le
380 2473 447 2544 mic
468 2474 594 2563 parole
619 2474 757 2563 tifieao
782 2474 872 2545 tuma
896 2475 935 2544 ol
956 2492 1052 2545 conte
1076 2475 1136 2546 cte
1161 2479 1196 2546 ta
1220 2474 1296 2565 dim
1314 2472 1419 2567 quasi
1439 2471 1493 2545 di-

323 2598 398 2667 cat:
426 2591 502 2685 ipsa
528 2590 642 2665 verba
668 2610 751 2665 mea
776 2590 1014 2667 declarabunt
1039 2600 1076 2667 te
1108 2593 1155 2669 de
1187 2593 1389 2687 quaestione
1418 2614 1492 2687 qua

323 2731 422 2785 nunc
448 2710 597 2806 petebas
607 2702 643 2803 (¹)
663 2710 865 2808 Virgilium,
884 2732 970 2786 cum
989 2711 1152 2787 dicebas:
1171 2713 1357 2809 quomodo
1374 2719 1493 2808 potest
1617 2803 1619 2806 Ι

323 2828 402 2905 lieri
428 2830 510 2923 quis
537 2850 663 2905 macer
687 2837 756 2906 etc.
771 2836 981 2924 -Εαηριιεο
1013 2832 1077 2907 llic
1108 2832 1243 2907 Statius
1257 2824 1295 2924 (¹)
1322 2832 1490 2927 incipita

323 2950 560 3048 generatione
572 2951 692 3025 loetus.
710 2951 765 3025 dd
778 2952 884 3027 cuius
897 2952 1168 3049 intelligentiam
1183 2953 1385 3028 secundum
1404 2973 1491 3046 per-

322 3070 531 3147 suasionem
552 3069 654 3145 Statii
680 3076 735 3145 est
751 3076 827 3145 tota
846 3078 969 3147 mente
986 3071 1260 3165 attendendum,
1278 3071 1378 3171 quod
1396 3071 1491 3145 sicut

323 3190 473 3265 tradunt
505 3210 634 3266 omnes
665 3192 885 3265 excellentes
919 3191 1065 3287 physici,
1092 3192 1303 3265 stomachus
1334 3190 1491 3265 bominis

322 3318 512 3405 mmqnam
551 3309 733 3406 generalis
771 3330 914 3404 coquus
951 3310 1072 3385 cibum
1106 3311 1290 3407 ingestum
1322 3308 1492 3403 decoquit

321 3437 359 3505 et
382 3430 517 3526 digerit
541 3430 724 3505 mediante
749 3431 872 3506 calore
897 3430 1016 3506 cordis
1033 3451 1079 3505 ex
1099 3452 1171 3505 nna
1190 3439 1306 3527 parte,
1324 3438 1361 3506 et
1378 3431 1493 3525 epatis

321 3571 369 3626 ex
392 3542 529 3645 aliud),
555 3551 641 3645 quia
667 3571 713 3626 ex
738 3572 779 3627 se
804 3562 842 3629 et
866 3552 923 3626 sui
949 3553 1072 3626 calore
1098 3572 1170 3625 non
1192 3559 1329 3648 posset:
1352 3558 1390 3627 et
1406 3572 1492 3646 par-

321 3679 395 3748 tem
432 3671 579 3766 quidem
611 3692 777 3769 grossam
812 3672 921 3746 mittit
939 3660 976 3763 (⁸)
1012 3672 1059 3746 ad
1090 3672 1280 3767 intestina3
1310 3672 1491 3767 reliquam

321 3799 462 3889 partem
489 3792 659 3867 subtilem
685 3792 731 3867 ad
756 3814 863 3887 epar;
890 3792 988 3887 quod
1013 3792 1172 3867 calidum
1202 3793 1313 3867 trabit
1327 3783 1364 3886 (ὓ)
1392 3793 1490 3867 illam

321 3919 462 4008 partem
489 3910 536 3986 ad
560 3932 611 4006 se,
630 3919 667 3987 et
686 3912 770 3986 lacit
790 3913 898 3987 aliam
917 3911 1156 4007 digestionem
1179 3912 1216 3985 in
1235 3932 1286 4007 se,
1307 3919 1345 3987 et
1362 3931 1491 4006 super-

322 4034 438 4109 dunm
465 4031 574 4107 mittit
598 4032 644 4107 ad
669 4032 861 4125 vescicam,
887 4031 1034 4125 scilieet,
1061 4030 1327 4124 aridamque
1351 4039 1407 4106 est
1426 4052 1490 4106 co·

321 4154 523 4229 lamentum
550 4153 763 4245 humorum,
794 4157 832 4225 et
861 4158 1003 4245 partem
1038 4149 1228 4244 puriorem
1259 4150 1415 4243 retinet;
1450 4157 1489 4226 et

321 4294 369 4349 ex
386 4274 446 4349 illa
464 4273 575 4377 qnod¹
588 4270 822 4367 purissimum
845 4277 900 4345 est
918 4268 1128 4345 transmittit
1144 4269 1190 4343 ad
1207 4289 1273 4344 cor
1296 4276 1487 4365 tamquam

321 4396 368 4471 ad
394 4412 520 4491 regem
546 4392 657 4467 totins
681 4391 860 4467 machinae
878 4390 1087 4485 corporalis,
1106 4389 1297 4464 residuum
1317 4390 1426 4463 mittit
1441 4390 1489 4465 ad

320 4522 454 4592 caetera
479 4514 648 4589 membra
673 4533 739 4607 per
762 4532 876 4587 venas
892 4532 937 4587 ex
957 4532 1032 4606 quo
1054 4510 1286 4605 nutriuntur3
1305 4516 1341 4586 et
1362 4510 1488 4584 cibatis

382 4704 409 4766 (¹)
426 4707 480 4765 lli,
496 4716 574 4767 quam
591 4716 660 4751 nunc
677 4701 779 4765 petebas
796 4715 811 4750 s
827 4700 945 4764 Virgilio,
961 4712 1022 4749 oum
1038 4699 1149 4749 dicebas.

381 4778 410 4843 (¹)
425 4778 457 4829 B.
469 4772 525 4829 'llle
543 4776 640 4829 Statim
659 4790 674 4826 s
695 4776 859 4840 generations
879 4776 957 4826 lmtus
979 4778 1122 4839 pertractat
1146 4780 1174 4825 et
1188 4774 1282 4838 tucino
1297 4776 1488 4839 responsionem

318 4861 346 4907 st
361 4854 554 4919 psmnmtonsm
570 4865 651 4903 susm.
669 4852 711 4901 Ad
728 4853 810 4902 cuius.

383 4930 411 4993 (¹)
426 4930 457 4981 B.
473 4944 506 4981 οι
520 4930 610 4980 altars.
796 4928 823 4989 (⁸)
840 4928 870 4978 ll.
886 4928 1043 4979 transmittit.
1139 4947 1141 4951 ·

385 5008 412 5073 (¹)
429 5011 482 5069 tar,
498 5006 605 5058 attrabit
619 5004 690 5057 illum
706 5004 739 5055 sd
754 5018 790 5057 se.

453 5115 490 5158 IV.
1343 5113 1356 5155 i
