4342 6692
651 793 723 864 282
1010 803 1216 862 domuum
1240 805 1464 866 rununnunu

649 951 744 1030 bora
759 950 830 1026 illa
846 949 1005 1024 dominae
1028 948 1271 1026 firmauerunt
1285 943 1323 1044 (¹)
1341 970 1391 1026 se
1414 951 1509 1026 Dicit
1526 971 1617 1049 ergo
1629 955 1686 1024 :n
1698 955 1725 1026 il
1738 954 1824 1042 solo,

647 1071 795 1165 scilicet,
816 1076 960 1164 quartae
985 1068 1069 1164 diei,
1082 1065 1145 1163 ptri
1164 1091 1345 1164 corruaco,
1365 1070 1469 1166 idest,
1490 1070 1710 1166 splendidus,
1729 1071 1827 1146 sicut

647 1191 777 1268 accidit
802 1191 841 1267 in
866 1189 1031 1284 meridie,
1056 1211 1076 1264 e
1097 1185 1159 1282 pta
1180 1209 1246 1264 eoo
1262 1193 1345 1268 letrti
1360 1193 1473 1288 passi,
1497 1191 1584 1285 quia
1608 1197 1698 1266 tunc
1723 1191 1824 1266 ride-

648 1319 712 1390 tur
736 1311 877 1390 tardius
902 1309 1056 1405 moveri,
1082 1319 1205 1387 brecco
1237 1313 1265 1384 il
1292 1314 1427 1386 ceretio
1456 1315 1496 1387 di
1525 1315 1691 1406 belioco,
1718 1313 1821 1406 idest,

648 1432 831 1511 circulum
855 1432 1100 1508 meridianum
1118 1432 1165 1506 de
1182 1452 1258 1527 quo
1275 1433 1382 1528 plene
1398 1431 1474 1506 dixi
1491 1433 1520 1506 ll
1536 1433 1696 1528 capitulo
1715 1432 1823 1510 buius

647 1551 868 1649 Purgatorit
886 1553 931 1627 Et
952 1551 1068 1647 tangit
1084 1557 1258 1628 naturam
1277 1552 1480 1648 meridiani,
1497 1552 1642 1632 diceus:
1660 1555 1721 1628 cle
1733 1557 1825 1649 fossi

648 1692 720 1766 quo
743 1695 763 1746 e
787 1663 823 1746 ld
847 1693 943 1746 come
966 1675 1018 1763 pb·
1046 1675 1192 1766 nepem
1223 1673 1294 1748 boc
1324 1673 1467 1768 glosant
1491 1673 1624 1768 aliqui:
1656 1673 1759 1766 idest,
1784 1673 1822 1746 in

648 1794 720 1868 boc
743 1792 965 1888 hemisperio
990 1799 1029 1868 et
1054 1791 1092 1866 in
1117 1791 1190 1886 illo,
1208 1791 1272 1868 sed
1293 1793 1408 1886 male,
1428 1813 1513 1868 nam
1531 1794 1692 1869 circulus
1708 1791 1823 1868 meri-

647 1912 779 1989 dianus
803 1912 955 2010 tingitur
979 1933 1061 1988 csse
1084 1912 1218 1988 ductus
1242 1912 1383 1988 directe
1407 1934 1473 2009 per
1497 1916 1628 1990 ambos
1655 1915 1758 2012 polos
1788 1921 1825 1990 et

647 2034 770 2110 zenitb
790 2033 927 2130 capitis,
945 2033 995 2108 ita
1013 2034 1113 2130 quod
1130 2033 1303 2128 qualibet
1319 2034 1482 2110 civitates
1506 2041 1544 2110 et
1564 2041 1674 2110 terrae
1697 2054 1825 2128 aequa·

647 2155 730 2230 liter
756 2154 931 2230 distantes
954 2154 1003 2229 ab
1027 2154 1170 2229 oriente
1195 2154 1331 2230 babent
1356 2175 1466 2228 suum
1495 2155 1759 2248 meridiannm;
1785 2162 1821 2230 et

648 2273 701 2350 sic
732 2279 824 2368 quot
848 2281 935 2349 suut
959 2279 1129 2368 aspectus
1159 2280 1269 2348 terra
1301 2273 1530 2369 inequaliter
1559 2275 1743 2370 distantes,
1769 2280 1822 2350 tot
1853 2333 1856 2336 -

648 2401 735 2470 sunt
760 2394 952 2470 meridiani
977 2394 1205 2488 ubicumque
1230 2395 1343 2470 lucris
1360 2394 1492 2471 sivein
1512 2396 1582 2470 buc
1603 2396 1680 2470 sive
1697 2395 1734 2469 iu
1751 2394 1822 2470 alio

649 2515 882 2609 hemisperio,
899 2516 1042 2606 uwudo
1062 2518 1094 2588 te
1113 2521 1194 2588 cette
1210 2517 1337 2606 donoc,
1355 2535 1439 2609 quae
1457 2515 1713 2611 precedebant
1729 2517 1822 2590 Bea-

648 2635 791 2729 tricem,
815 2639 1025 2727 suffinae,
1041 2635 1146 2730 idest,
1167 2633 1412 2712 firmaverunt
1432 2656 1484 2730 se,
1501 2658 1525 2712 a
1542 2636 1661 2730 simili,
1678 2629 1708 2710 si
1724 2655 1820 2710 conce

648 2759 681 2829 si
704 2760 830 2848 offippe
845 2757 900 2828 ebt
914 2777 962 2829 oo
976 2757 1125 2829 dmoozi
1148 2776 1175 2828 o
1197 2764 1297 2848 pente
1315 2777 1384 2849 per
1407 2759 1561 2851 aarum
1578 2756 1628 2830 ita
1646 2755 1745 2830 enim
1763 2775 1822 2832 se·

647 2881 748 2971 ptem
774 2875 935 2972 virgines
960 2875 1215 2971 praecedebant
1240 2881 1431 2970 tamquam
1456 2875 1568 2950 duces
1593 2876 1822 2970 prevenien-

647 3002 704 3071 tes
719 2995 920 3072 adrentum
945 2995 1049 3072 istius
1068 2996 1276 3092 imperiosae
1295 2996 1466 3088 dominae,
1482 3017 1519 3068 se
1536 3004 1639 3070 bovo
1657 2999 1820 3087 noctae,

647 3116 751 3212 idest,
772 3139 907 3192 noram
932 3123 1094 3214 gentem,
1111 3121 1150 3190 iu
1169 3139 1229 3192 suc
1249 3121 1410 3208 sauppe,
1429 3116 1554 3192 relicta
1571 3137 1594 3192 a
1611 3116 1674 3190 tali
1691 3123 1819 3212 gente3

646 3237 725 3312 iatae
755 3243 883 3313 autem
915 3237 1073 3312 domiuae
1104 3238 1325 3313 invenerunt
1360 3258 1439 3313 rem
1472 3257 1605 3312 novam
1639 3237 1818 3312 arborum

645 3356 715 3431 sub
749 3377 824 3451 qua
855 3356 1103 3432 decurrebant
1133 3358 1208 3432 duo
1247 3356 1423 3450 dumina;
1459 3357 1557 3432 unde
1592 3356 1700 3432 dicit:
1731 3358 1819 3449 alfia

646 3478 682 3550 d’
689 3477 879 3549 uu’omdro
890 3485 1039 3568 amortu,
1054 3477 1158 3570 idest,
1170 3477 1332 3572 spissa,a
1349 3475 1468 3570 simili,
1481 3479 1567 3570 puel
1577 3479 1687 3569 tAlpre
1696 3482 1815 3570 portu,

487 3614 493 3626 “
645 3595 753 3691 idest,
770 3597 949 3693 producit,
966 3605 1055 3672 sotto
1068 3601 1177 3692 soplie
1194 3600 1293 3672 uadi
1308 3619 1327 3671 e
1342 3600 1438 3670 romi
1462 3600 1559 3688 cipri
1576 3618 1687 3690 sopra
1703 3600 1716 3671 i
1739 3601 1819 3682 suoi,

645 3719 768 3811 suetidi
782 3720 862 3792 rivi.
880 3718 924 3793 Et
935 3718 995 3792 bic
1007 3725 1094 3793 nota
1107 3718 1207 3812 quod
1224 3718 1308 3794 licet
1324 3725 1432 3813 poeta
1444 3725 1569 3794 noster
1587 3719 1656 3793 boc
1672 3717 1818 3794 vidisset

646 3835 686 3912 in
702 3837 828 3912 multis
844 3838 1009 3932 partibus
1034 3838 1070 3912 in
1096 3837 1257 3933 Alpibus,
1278 3844 1402 3913 amen
1422 3839 1493 3914 boc
1515 3837 1700 3934 precipue
1717 3837 1817 3914 vide·

646 3964 706 4034 rat
720 3957 759 4033 in
779 3959 965 4033 montibus
984 3958 1162 4054 Apennini
1181 3979 1295 4054 prope
1312 3958 1535 4034 Florentiam
1561 3958 1598 4034 in
1618 3959 1714 4034 valle
1729 3959 1817 4033 dmi

647 4079 818 4176 desuper,
836 4078 900 4156 ubi
916 4086 973 4156 est
988 4099 1079 4176 ager
1097 4079 1343 4174 pulcerrimus
1360 4080 1527 4155 omnium
1547 4080 1642 4154 iuter
1659 4079 1818 4154 Faesulas

646 4207 685 4274 et
703 4199 883 4294 tretium,
909 4200 1009 4274 uude
1026 4199 1192 4276 transivit
1209 4199 1398 4291 Hannibal,
1418 4206 1461 4273 ut
1480 4199 1605 4275 scribit
1622 4199 1755 4274 Livius.
1770 4239 1819 4254 -

645 4323 814 4396 Dictum
834 4319 900 4394 llic
916 4328 1024 4415 poeta
1040 4319 1212 4394 describit
1227 4326 1352 4393 ortum
1370 4319 1531 4394 duorum
1553 4319 1750 4394 duriorum
1768 4311 1818 4412 (¹),

646 4462 742 4536 quos
760 4441 839 4536 jam
870 4439 1059 4536 descripsit
1092 4459 1216 4535 supra,
1242 4439 1376 4534 quibus
1401 4438 1576 4535 irrigatur
1611 4446 1686 4515 tola
1716 4441 1819 4536 sylva

646 4568 783 4657 sanem,
809 4560 946 4636 scilicet
978 4562 1131 4636 bethem
1158 4567 1194 4636 et
1220 4560 1359 4654 Eunoe,
1387 4580 1480 4653 quos
1504 4559 1589 4635 dicit
1614 4580 1659 4634 ex
1687 4559 1817 4636 eodem

647 4681 748 4757 tonte
777 4681 876 4756 nasci
907 4683 1001 4756 sicut
1026 4682 1087 4756 illa
1112 4681 1186 4756 duo
1212 4680 1362 4755 llumiua
1395 4681 1599 4775 Euphrates
1624 4689 1662 4756 et
1690 4681 1818 4776 Tigris,

710 4940 737 5004 (¹)
752 4941 783 4991 E.
798 4940 973 4993 firmaverant.
1224 4940 1251 5002 ξ’)
1268 4945 1321 5003 117,
1337 4940 1485 4994 fluminum.
