4342 6692
689 898 760 965 lod
1080 908 1286 965 couuururr
1311 911 1476 965 ιιιιιιιιιιι

689 1078 787 1152 nem,
812 1056 947 1132 scilicet
972 1055 1070 1150 quod
1096 1057 1209 1131 homo
1234 1076 1308 1130 non
1333 1064 1452 1151 potest
1467 1056 1607 1132 absolvi
1628 1058 1696 1133 nisi
1713 1066 1862 1133 serrato

687 1187 815 1277 pacto;
842 1177 940 1254 uude
964 1177 1069 1251 dicit:
1096 1182 1245 1273 Dumque
1269 1177 1328 1251 cle
1344 1180 1474 1253 render
1491 1182 1614 1271 prorsa·
1624 1201 1693 1273 per
1707 1183 1865 1254 risloro?

689 1299 791 1392 idest,
817 1318 885 1394 pro
911 1296 1234 1393 compensatione?
1260 1296 1365 1391 quasi
1390 1296 1506 1373 dicat:
1533 1298 1631 1373 nihil.
1661 1299 1767 1389 Quod
1796 1299 1863 1373 de-

687 1421 814 1514 clarat,
838 1418 981 1493 diceus:
1007 1439 1045 1490 sc
1068 1418 1165 1489 credi
1188 1416 1272 1489 benc
1292 1438 1393 1508 usar,
1411 1416 1513 1512 idest,
1526 1419 1629 1513 juste
1645 1424 1863 1493 convertere

687 1541 722 1616 iu
750 1560 841 1614 usus
864 1544 949 1613 tuos
974 1538 1034 1612 rel
1057 1534 1221 1631 alterius,
1247 1539 1327 1631 quel
1353 1539 1383 1609 ι’
1395 1538 1455 1611 lai
1478 1544 1616 1632 offerto,
1642 1538 1744 1633 idest,
1775 1559 1864 1635 pro-

687 1659 815 1734 misisti
839 1659 917 1733 Deo
942 1657 979 1732 iu
1003 1655 1159 1732 solemni
1178 1663 1277 1751 voto,
1297 1660 1378 1731 ouoi
1395 1660 1459 1751 [ar
1482 1658 1574 1732 duoo
1599 1662 1739 1751 lavoro,
1757 1658 1861 1754 idest,

682 1782 825 1878 justum
851 1800 956 1873 opus,
982 1779 1020 1851 n·
1044 1780 1119 1851 mal
1145 1779 1283 1868 tolletto,
1310 1776 1412 1872 idest,
1437 1778 1485 1853 de
1518 1799 1564 1854 eo
1596 1780 1695 1875 quod
1726 1780 1860 1854 iniusto

621 1946 626 1953 -
686 1894 865 1972 abstulisti
882 1896 980 1988 lle03
1004 1892 1068 1969 sed
1094 1892 1140 1967 de
1164 1892 1284 1967 alieno
1309 1894 1434 1991 largiri
1460 1894 1598 1991 speeies
1623 1895 1711 1970 iurli
1729 1902 1793 1991 est,
1815 1902 1858 1969 ιιι

686 2018 737 2093 ait
761 2018 947 2093 Salomon.

764 2145 815 2213 Tu
839 2139 886 2211 ιε’
903 2136 1010 2209 omui.
1035 2136 1106 2208 lsla
1137 2139 1193 2208 ert
1221 2132 1383 2209 emunda
1408 2154 1494 2231 pars
1516 2135 1698 2232 generalis
1723 2136 1760 2210 io
1786 2157 1860 2231 qua

685 2263 821 2335 llauteo
846 2260 1014 2333 removet
1038 2254 1278 2350 quaestionem
1306 2274 1391 2349 quae
1416 2254 1578 2331 nascitur
1602 2276 1649 2331 ex
1680 2256 1861 2332 solutione

686 2383 793 2475 iacta,
819 2386 857 2455 ct
880 2377 965 2452 lacit
989 2375 1275 2451 declarationem
1293 2375 1391 2450 circa
1411 2382 1551 2449 votum.
1572 2377 1616 2449 Ει
1631 2376 1752 2472 primo
1769 2376 1862 2451 Bea-

686 2502 759 2576 trix
784 2500 912 2575 rolens
936 2498 1080 2572 solvere
1097 2495 1251 2571 dubium
1270 2494 1459 2571 continuat
1476 2495 1719 2592 procedentia
1738 2497 1784 2573 ad
1801 2518 1861 2571 se-

686 2618 848 2717 queutia,
873 2622 912 2693 et
936 2616 1020 2691 iacit
1048 2622 1219 2691 autorem
1250 2620 1432 2690 attentum
1459 2615 1504 2689 ad
1529 2615 1692 2711 dicenda,
1717 2616 1859 2692 dicens:

689 2748 740 2817 lu
764 2743 811 2814 se*
830 2740 927 2813 omui
950 2745 1044 2811 cerlo
1067 2739 1127 2811 del
1149 2740 1314 2829 maggior
1339 2745 1463 2831 puolo,
1493 2736 1703 2833 questionis
1725 2757 1860 2834 propo-

686 2862 777 2955 sitae,
790 2854 1102 2953 mapercldsooto
1118 2860 1251 2949 atiena,
1266 2877 1431 2951 romana,
1444 2860 1481 2929 in
1494 2848 1548 2930 eid
1561 2860 1735 2951 dmpeuo,
1753 2879 1859 2934 com-

686 2981 865 3056 mutando
890 3000 970 3055 rem
996 3000 1065 3074 pro
1091 2999 1144 3073 re,
1164 2980 1224 3052 cite
1245 2998 1318 3071 por
1342 2985 1467 3052 conta
1492 2980 1527 3051 lo
1551 2999 1636 3051 cero
1655 2980 1749 3053 ct'io
1775 2982 1857 3054 eoo

684 3110 855 3197 scopere,
883 3100 1036 3177 diceudo
1061 3100 1162 3195 quod
1187 3098 1274 3173 nihil
1293 3104 1411 3195 potest
1431 3096 1532 3174 reddi
1552 3119 1619 3195 pro
1640 3120 1860 3197 compensa·

684 3223 795 3319 tione,
812 3223 985 3295 conoicnli
998 3240 1112 3293 ancer
1126 3222 1248 3294 sedere
1263 3240 1312 3292 uo
1324 3241 1415 3312 poco
1435 3240 1460 3292 o
1477 3239 1609 3312 memo,
1627 3218 1731 3317 idest,
1748 3242 1859 3319 opor-

684 3349 740 3419 tet
768 3342 889 3417 adhuc
918 3348 955 3416 te
986 3338 1176 3417 attendere
1207 3340 1392 3417 modicum
1424 3339 1470 3415 ad
1499 3340 1703 3417 doctrinam
1735 3363 1857 3419 meam

684 3483 770 3558 quae
793 3462 891 3537 cibat
915 3460 1080 3535 animum
1113 3466 1239 3554 tuum3
1266 3466 1303 3535 et
1332 3478 1420 3535 ecce
1447 3479 1610 3555 causam,
1638 3454 1727 3555 perd
1757 3464 1816 3535 eiu
1831 3466 1860 3536 ’Ἰ

684 3584 759 3657 cido
783 3584 901 3675 rigido
917 3582 969 3654 σι’
981 3582 1043 3653 toi
1054 3600 1175 3672 meso,
1193 3577 1296 3673 idest,
1315 3579 1470 3655 materia
1488 3580 1562 3655 voti
1580 3579 1740 3659 noudum
1760 3583 1855 3657 bene

684 3703 835 3801 digesta,
854 3704 1005 3777 ricaudo
1020 3721 1158 3775 ancora
1178 3703 1272 3773 aiulo
1289 3722 1312 3773 u
1331 3706 1390 3774 trra
1410 3703 1596 3796 asperum
1616 3702 1719 3797 quasi
1738 3702 1853 3778 dicat:

683 3824 820 3921 indiget
835 3817 872 3916 ι’)
898 3823 1020 3898 adhuc
1044 3820 1291 3897 declaratione
1316 3821 1414 3896 circa
1434 3821 1737 3916 dispensationem
1761 3824 1854 3919 roti3

683 3966 786 4043 ergo,
812 3947 896 4038 apri
919 3947 957 4017 to
981 3950 1104 4035 mente,
1131 3949 1173 4016 ut
1197 3961 1446 4036 conserves,o
1470 3945 1550 4037 quel
1572 3944 1665 4018 ci’io
1681 3947 1708 4017 ti
1719 3947 1855 4037 potero,

682 4068 786 4162 idest,
812 4065 1006 4161 propalare
1018 4054 1057 4157 ι’)
1083 4061 1242 4159 intendo,
1263 4084 1282 4137 c
1307 4066 1474 4158 smnmloi
1496 4070 1610 4158 ento,
1634 4082 1681 4139 ne
1710 4064 1856 4139 labatur

682 4187 731 4263 de
758 4186 853 4262 lacili
878 4207 901 4261 a
933 4183 1133 4279 memoria3
1158 4190 1195 4259 et
1225 4202 1313 4258 eece
1341 4203 1504 4277 causam,
1529 4179 1592 4257 clad
1617 4203 1723 4256 overe
1746 4184 1855 4257 inleso

681 4328 792 4383 senza
816 4309 851 4380 lo
875 4308 1037 4397 menore,
1062 4303 1165 4399 idest,
1192 4302 1428 4399 intelligentia
1458 4302 1537 4377 siue
1564 4302 1855 4397 memorianus

679 4431 721 4523 so
745 4430 896 4523 sermo.
924 4425 1024 4499 Beue
1047 4422 1145 4519 dicit,
1170 4422 1257 4519 quia
1283 4422 1433 4499 scientia
1458 4429 1513 4498 est
1533 4422 1678 4497 habitus
1693 4421 1855 4517 acquisi-

682 4555 763 4643 tus3
789 4546 889 4622 uude
905 4541 1074 4621 videmus
1103 4543 1237 4617 multos
1262 4542 1440 4618 habentes
1459 4563 1639 4638 magnum
1666 4541 1854 4639 ingenium

684 4688 757 4742 nou
782 4665 962 4763 prolicere
987 4663 1023 4737 in
1049 4662 1212 4758 scientia,
1228 4662 1315 4759 quia
1341 4662 1532 4760 negligunt
1556 4667 1593 4737 et
1618 4681 1692 4736 nou
1717 4661 1856 4736 faciunt

684 4788 849 4862 habitum
875 4786 912 4859 in
937 4806 993 4861 ea.
1008 4824 1058 4839 -
1069 4788 1156 4858 Due.
1174 4784 1240 4859 llic
1257 4782 1404 4859 Beatrix
1421 4803 1490 4879 pro
1508 4782 1742 4879 responsione
1759 4802 1856 4878 prae-

745 5043 774 5106 ι’)
788 5044 819 5094 Ε.
835 5044 940 5108 indiges.
1128 5040 1157 5105 ι’)
1173 5043 1203 5093 B.
1220 5041 1356 5106 propalare
1372 5042 1418 5093 tlbl
1434 5040 1547 5093 intendo.
