4342 6692
748 921 887 976 caurus
911 921 1053 976 paruus.
1414 908 1488 976 331·

315 1065 508 1160 praemium
544 1068 761 1142 meritorum
793 1066 943 1160 homini,
972 1066 1108 1140 scilicet
1137 1065 1342 1141 felicitatem
1377 1061 1488 1139 aeler'i

316 1205 416 1279 nam,
443 1207 554 1280 quam
581 1187 766 1262 constituit
791 1187 914 1262 electis
938 1186 1014 1260 suis
1039 1186 1076 1260 in
1102 1185 1279 1281 paradiso,
1300 1186 1346 1260 ad
1372 1202 1490 1280 quem

317 1306 427 1380 modo
461 1307 633 1382 tendebat
663 1306 812 1383 [lantes
841 1306 932 1380 Dicit
962 1325 1053 1402 ergo
1085 1305 1251 1396 Beatrix:
1283 1309 1335 1378 Lu
1364 1307 1486 1398 provi-

314 1427 455 1520 denzia,
483 1427 630 1522 scilicet,
656 1427 733 1520 Dei,
750 1430 811 1500 cle
833 1433 970 1500 colunto
991 1432 1131 1519 ussello,
1160 1425 1263 1519 idest,
1287 1423 1431 1499 ordinat
1449 1416 1486 1499 et

313 1544 468 1640 disponit
485 1547 761 1622 universitatem
780 1552 1037 1622 creaturarum
1060 1544 1097 1619 in
1116 1544 1265 1640 mundo,
1286 1544 1390 1619 sicuti
1403 1545 1482 1639 J'am

313 1665 451 1741 dictum
477 1674 544 1762 est,-
566 1672 608 1762 sc
633 1670 661 1741 il
682 1671 757 1758 ciel,
782 1667 884 1761 idest,
911 1687 1028 1740 unum
1055 1666 1192 1741 coelum
1218 1686 1328 1761 super
1353 1683 1482 1740 omnes

312 1788 414 1882 alios,
444 1809 529 1862 cum
564 1788 694 1863 maiori
729 1787 867 1881 ordine,
901 1786 1047 1881 scilicet,
1083 1807 1313 1884 empyreum,
1346 1805 1483 1876 compre

313 1911 437 2001 prdem,
466 1908 529 1981 ubi
545 1908 604 1982 alii
623 1908 705 1982 cmii
723 1906 816 1981 inira
833 1906 950 2002 ipsum
969 1912 1056 1980 sunt
1075 1927 1221 2000 semper
1238 1906 1275 1979 in
1293 1911 1408 1998 motu,
1426 1906 1484 1977 dcl

309 2047 375 2102 suo
397 2031 499 2120 lume,
517 2029 603 2124 quia
624 2029 760 2102 coelum
780 2047 998 2124 empyreum
1017 2034 1135 2101 totum
1154 2036 1209 2104 est
1225 2028 1288 2100 lux
1308 2034 1345 2101 et
1360 2045 1488 2118 amor,-

310 2150 370 2220 ncl
401 2151 515 2240 quoio,
547 2149 692 2242 scilicet,
723 2148 817 2223 coelo
849 2149 986 2242 quieto,
1020 2151 1052 2220 si
1082 2151 1182 2239 volpe
1213 2148 1302 2241 puel,
1336 2147 1487 2240 scilicet,-

309 2267 397 2341 illud
423 2270 572 2362 coelum,
600 2269 735 2344 scilicet
761 2269 921 2364 primum
949 2268 1094 2362 mobile,
1122 2268 1223 2362 idest,
1249 2287 1343 2343 nora
1361 2287 1485 2362 spera,

309 2389 394 2459 diu
411 2391 576 2480 mappior
588 2392 709 2483 tretia,
722 2389 809 2483 quia
827 2388 988 2464 velocius
1003 2395 1186 2482 movetur,
1204 2393 1245 2461 ut
1261 2387 1403 2463 dicetur
1420 2401 1483 2462 ca*

309 2507 424 2602 pitulo
436 2508 602 2602 sequenti
621 2514 659 2582 et
674 2507 760 2581 alibi
778 2507 928 2602 plenius.
946 2509 990 2580 Et
1003 2503 1182 2600 subdit(¹):
1200 2514 1233 2580 et
1247 2526 1329 2598 oro,
1345 2507 1481 2581 scilicet

310 2647 408 2702 nuuc
432 2628 479 2703 de
504 2629 684 2723 praesenti,
710 2631 747 2701 la
771 2624 862 2703 cirtri
885 2631 923 2702 di
947 2631 1061 2720 quella
1078 2630 1204 2718 corda,
1221 2627 1367 2721 scilicet,
1388 2626 1479 2702 ordo

309 2745 439 2821 divinae
465 2748 711 2842 providentiae,
736 2751 796 2821 cic
819 2740 873 2822 u‘d
897 2751 957 2822 cire
979 2769 1114 2841 scoccu,
1138 2748 1186 2821 ab
1208 2767 1298 2822 arcu
1325 2767 1406 2840 suo,
1425 2749 1486 2820 cli-²

308 2869 413 2939 rizza
430 2870 468 2939 in
485 2888 593 2958 sepno
610 2869 700 2962 dem,
723 2866 826 2962 idest,
846 2867 967 2963 dirigit
992 2868 1029 2941 in
1054 2868 1193 2942 bonum
1220 2865 1330 2940 finem
1357 2865 1480 2960 praeii-

301 3002 412 3088 'xum,
433 2987 526 3062 sicut
550 2988 748 3084 sagiptator
768 2988 945 3084 eugipium
968 2987 1004 3060 in
1024 2988 1171 3084 signum
1190 2987 1397 3082 praeiinum,
1416 3007 1477 3059 cen

304 3117 413 3200 porta
445 3100 482 3199 tt,
511 3108 657 3203 scilicet,
687 3108 733 3183 ad
768 3108 856 3182 illud
885 3107 1019 3182 coelum
1051 3107 1218 3200 quietum
1249 3127 1316 3203 per
1340 3109 1476 3182 scalam

309 3248 442 3302 novem
477 3229 675 3324 graduum,
706 3249 802 3302 corne
833 3249 857 3301 a
886 3232 953 3302 sito
980 3231 1130 3321 decreto,
1165 3227 1267 3322 idest,
1298 3234 1474 3323 tanquam

306 3346 353 3421 ad
372 3348 494 3422 locum
512 3347 797 3443 praeordinatum
818 3348 956 3422 meritis
973 3347 1043 3421 tuis
1060 3355 1098 3422 et
1116 3347 1273 3423 aliorum
1294 3347 1477 3423 virtuoso-

305 3487 402 3540 rum.
417 3467 502 3542 ldeo
520 3467 715 3544 benedicit
732 3468 959 3565 Augustinus
976 3468 1156 3563 accipiens
1173 3467 1309 3542 dictum
1328 3467 1478 3565 Virgilii,

304 3588 334 3660 si
360 3595 477 3682 poetae
502 3587 625 3662 dicere
650 3588 776 3662 licuit:
799 3590 908 3661 nolit
923 3608 989 3661 sua
1014 3607 1180 3679 quemque
1204 3590 1376 3679 colunum,
1401 3610 1476 3663 uon

305 3708 499 3784 necessitas
535 3709 599 3783 sed
634 3709 813 3803 voluntas,
853 3729 927 3783 non
966 3708 1138 3805 obligatio
1175 3708 1238 3783 sed
1273 3708 1475 3804 delectatio,

304 3837 444 3924 quanto
468 3849 535 3903 uos
560 3829 688 3903 lortius
712 3829 835 3903 dicere
864 3828 1042 3903 debemus
1076 3829 1187 3902 trahit
1212 3828 1400 3904 hominem
1428 3829 1474 3905 ad

305 3949 500 4042 Christum,
521 3949 583 4043 qui
608 3949 811 4023 delectatur
828 3948 981 4022 veritate
996 3939 1045 4040 (²),
1068 3947 1301 4042 beatitudine,
1322 3949 1473 4044 justitia,

304 4075 341 4144 et
354 4070 574 4163 sempiterna
588 4069 683 4143 vitat
696 4063 739 4142 Et
751 4068 835 4142 alibi
849 4068 944 4143 idem
957 4066 1183 4164 Augustinus
1196 4068 1357 4165 allegans
1375 4068 1473 4142 aliud

302 4189 441 4264 dictum
467 4190 662 4285 poeticum,
687 4189 791 4264 dicit:
818 4193 898 4262 Non
922 4190 958 4260 lt
982 4191 1041 4280 qui
1065 4190 1235 4280 pecudum
1253 4193 1476 4280 perlrucmnl

301 4330 429 4404 corque
450 4313 633 4404 sccurpue,
662 4313 731 4385 Sed
755 4330 904 4403 quorum
935 4312 1101 4382 emundat
1126 4311 1285 4402 prudens
1313 4321 1475 4401 precor:

301 4434 362 4505 dio
387 4433 509 4524 virtus,
538 4432 737 4503 Excludcns
762 4433 915 4523 positum
938 4428 1054 4501 subur
1080 4429 1192 4502 labem
1217 4431 1379 4502 vitiorum
1405 4435 1473 4504 Re-

301 4553 408 4640 mipio
426 4557 592 4642 poterunt
615 4552 737 4622 omium
758 4556 946 4642 penetrare
967 4551 1130 4641 secundo,
1150 4550 1297 4622 AEilrcm
1322 4569 1385 4623 nec
1407 4571 1472 4623 ou·

300 4691 401 4742 cuum
437 4671 525 4743 luds
550 4676 796 4744 concurrere
817 4671 942 4762 pennis
954 4695 970 4762 ;
995 4668 1113 4761 qualis
1139 4673 1239 4743 recte
1264 4689 1362 4744 nunc
1392 4677 1472 4744 erat

303 4795 411 4886 poeta
436 4790 582 4864 Dantes.
602 4829 652 4843 -
671 4795 737 4862 Ver
769 4785 797 4864 ἐ.
832 4789 897 4863 llic
929 4788 1074 4863 Bcatrin
1115 4788 1199 4863 iacit
1231 4789 1474 4885 antiphoram,

361 5053 390 5112 Γ)
404 5049 435 5100 E.
452 5049 486 5100 Et
501 5050 595 5110 subdit,
611 5050 712 5102 dicens:
728 5057 752 5101 et
766 5065 821 5103 ora.
973 5050 1000 5113 (¹)
1017 5051 1048 5100 Ε.
1064 5051 1168 5101 rirtulc.
