4342 6692
752 904 891 960 usurus
915 904 1085 960 ocruvus.
1435 894 1506 962 493

336 1069 382 1125 ex
401 1051 532 1148 pelago
556 1049 686 1125 Airieae
712 1069 798 1124 curn
824 1049 995 1124 omuibus
1024 1048 1137 1145 copiis
1165 1050 1369 1124 Messanam
1397 1050 1511 1146 appli-

334 1171 421 1248 cuit.
445 1171 504 1246 Sic
522 1171 634 1267 igitur
651 1170 834 1246 lebannes
852 1170 946 1245 mira
966 1177 1047 1245 arte
1065 1175 1102 1244 et
1118 1189 1193 1243 nou
1212 1168 1350 1244 credita
1377 1169 1512 1265 eripuit

334 1291 491 1366 Siciliam
522 1291 665 1384 Carula,
696 1310 794 1365 anno
827 1290 1074 1365 sextodecimo
1113 1294 1307 1384 postquam
1339 1295 1510 1364 tenuerat

334 1411 434 1485 illam
461 1410 619 1486 nobilem
649 1410 831 1504 insulam3
857 1431 924 1505 pro
954 1430 1028 1504 qua
1057 1409 1225 1485 habenda
1258 1414 1312 1484 tet
1341 1415 1378 1485 et
1410 1414 1510 1484 tanta

336 1531 463 1627 proelia
488 1530 575 1606 clim
601 1539 704 1627 gesta
731 1537 817 1606 sunt
841 1529 936 1607 inter
960 1530 1116 1605 Romam
1143 1538 1181 1605 et
1205 1530 1376 1605 Africam.
1403 1530 1509 1604 Nunc

335 1657 391 1726 est
414 1650 707 1726 descendendum
734 1651 780 1725 ad
806 1650 962 1726 literam.
989 1649 1081 1724 Dicit
1107 1649 1277 1725 Carolus:
1304 1650 1433 1724 nobilis
1451 1650 1508 1723 in-

335 1770 414 1844 sula
440 1769 568 1844 Sicilire
594 1770 819 1865 pervenisset
843 1770 890 1844 ad
914 1769 1174 1846 descendentes
1200 1789 1314 1863 mens,
1344 1791 1382 1843 se
1409 1773 1508 1844 matu

334 1893 507 1982 sipnoriu,
525 1891 737 1966 francorum
763 1911 849 1965 cum
876 1889 1059 1986 superbia,
1076 1889 1238 1983 luxuria,
1258 1889 1412 1964 avaritia
1435 1890 1505 1962 im·

334 2009 514 2105 portabili,
539 2013 600 2083 cde
622 2031 758 2102 snnpre
781 2030 925 2099 accord,
944 2009 1045 2104 idest,
1064 2015 1182 2103 necat,
1203 2010 1262 2083 rel
1279 2009 1446 2083 accendit
1461 2009 1508 2083 ad

334 2128 441 2222 iram,
468 2131 634 2222 tipoputt
657 2133 816 2221 suppetet,
836 2149 909 2202 nen
934 2150 1054 2202 ncesse
1077 2149 1192 2203 morso
1217 2131 1397 2220 Putermo,
1417 2148 1504 2202 nam

334 2249 432 2344 apud
445 2248 671 2324 Panormum
686 2250 833 2344 incoepit
846 2249 1039 2344 tumultus,
1053 2271 1077 2321 a
1093 2252 1243 2340 pridur:
1256 2254 1376 2340 Mora,
1390 2270 1504 2322 meru.

333 2367 408 2443 Nec
434 2385 613 2463 umquam
641 2367 794 2443 Carolus
818 2376 956 2465 postea,
982 2370 1040 2444 rel
1066 2370 1123 2442 sui
1149 2369 1409 2446 descendentes
1439 2390 1506 2464 pn-

333 2496 486 2564 tuerunt
510 2509 732 2584 recuperare
757 2489 934 2585 Siciliam;
965 2489 1040 2564 irne
1074 2491 1150 2586 ipse
1182 2492 1335 2567 Carolus
1361 2490 1434 2564 citu
1458 2510 1505 2564 ex

333 2610 459 2686 dolere
486 2617 655 2686 mortuus
680 2618 747 2705 est,
766 2611 892 2686 relicte
918 2611 991 2687 lilio
1016 2620 1136 2708 capte,
1161 2619 1199 2688 et
1224 2633 1340 2708 regno
1365 2611 1505 2706 Apuliae
1642 2643 1645 2649 ·

334 2733 370 2806 in
398 2753 531 2828 magna
557 2731 893 2806 confusione—ll.
920 2733 984 2806 llic
1009 2733 1163 2808 Carolus
1188 2732 1383 2826 persuadet
1400 2731 1505 2806 tratri

334 2873 416 2946 suo,
443 2859 484 2926 ut
509 2854 678 2947 exemplu
703 2853 761 2926 ari
789 2853 845 2925 sui
872 2853 1021 2926 territus
1046 2858 1176 2926 caveat
1199 2872 1247 2926 ne
1271 2852 1411 2928 accidat
1435 2851 1504 2926 sibi

334 2972 451 3047 simile
476 2972 513 3045 iu
540 2991 654 3068 regno
685 2993 765 3064 suo,
792 2971 878 3065 quia
912 2972 1069 3048 habebat
1098 2972 1272 3048 officiales
1303 2993 1437 3047 arares
1465 2972 1503 3045 in

334 3091 441 3167 terris
466 3091 553 3183 suis,
579 3090 641 3184 qni
667 3091 908 3184 acquirebant
933 3091 998 3166 sibi
1025 3082 1217 3188 pecuniam
1244 3100 1281 3169 et
1306 3092 1385 3189 regi
1410 3092 1504 3182 inla-

334 3211 458 3286 miam.
477 3210 568 3284 Dicit
584 3231 689 3306 ergo:
708 3215 742 3284 ll
754 3232 792 3283 se
812 3215 882 3284 mie
896 3215 1002 3306 frate,
1017 3211 1163 3306 scilicet,
1178 3214 1372 3306 Robertus,
1386 3219 1505 3304 persto

333 3331 557 3421 detrectasse,
572 3330 676 3423 quasi
689 3330 801 3404 dicat:
820 3331 848 3404 si
867 3351 913 3405 ex
932 3333 1001 3405 boc
1016 3332 1113 3405 male
1125 3332 1312 3428 praeterite
1325 3332 1518 3427 praevide·

334 3459 390 3528 ret
410 3452 469 3526 vel
492 3449 815 3546 praecnnsideraret
839 3471 964 3544 sunm,
976 3452 1055 3547 jam
1073 3452 1281 3545 provideret
1301 3453 1367 3526 sibi
1374 3478 1384 3547 3
1406 3453 1506 3528 unde

331 3571 436 3647 dicit:
463 3574 616 3644 tancre
637 3560 786 3662 pevertd
810 3573 848 3644 dt
876 3575 1085 3663 Oatetopntn
1111 3573 1180 3646 bec
1205 3572 1300 3666 dicit,
1323 3574 1410 3667 quia
1436 3594 1502 3649 rex

332 3693 515 3767 Robertus
539 3691 686 3784 quando
712 3690 810 3766 stetit
826 3691 863 3764 in
880 3690 1075 3788 dragunia,
1093 3693 1199 3766 cuius
1215 3714 1300 3787 pars
1318 3695 1503 3768 maritima

333 3818 487 3885 vocatur
511 3809 707 3903 catalonia,
734 3809 840 3883 obses
866 3830 933 3903 pre
958 3819 1062 3903 patre
1088 3832 1168 3904 suu,
1192 3811 1385 3905 acquisivit
1409 3812 1504 3886 ami-

333 3930 434 4004 citias
460 3935 498 4004 et
521 3928 784 4003 familiaritates
810 3929 1026 4023 multorum,
1057 3951 1152 4023 quus
1180 3937 1305 4025 postea
1335 3932 1371 4004 in
1401 3931 1503 4006 ltalia

332 4050 575 4148 promovebat
605 4048 651 4123 ad
678 4048 809 4143 officia,
843 4049 907 4142 qui
939 4057 1120 4124 neverant
1134 4043 1171 4141 (¹)
1204 4051 1298 4125 bene
1322 4071 1502 4126 accumu-

334 4172 422 4246 lare.
449 4170 503 4244 Ad
529 4169 627 4265 quod
652 4169 727 4244 duo
753 4169 987 4264 impellebant
1011 4189 1086 4262 ene,
1118 4169 1264 4264 scilicet,
1294 4179 1502 4267 paupertas,
1566 4205 1569 4210 ·

334 4313 419 4388 quae
444 4291 575 4366 suadet
592 4290 736 4366 bomini
763 4291 904 4364 lurtum
924 4297 961 4365 et
978 4290 1163 4385 rapinam3
1180 4297 1218 4364 et
1234 4292 1399 4388 avaritia,
1419 4314 1503 4387 quae

335 4412 452 4487 reddit
468 4412 655 4488 bominem
677 4410 908 4508 ingeniosum
926 4410 972 4486 ad
989 4410 1113 4485 omnia
1130 4410 1251 4486 illicita
1267 4411 1382 4487 lucra.
1401 4413 1504 4489 Unde

239 4571 248 4582 ·
334 4531 429 4606 bene
448 4530 640 4606 Africanus
666 4531 786 4605 minor
803 4531 991 4606 consultus
1016 4531 1054 4604 in
1079 4539 1222 4625 senatu,
1242 4540 1325 4608 uter
1341 4533 1502 4609 duorum

332 4651 486 4727 deberet
504 4651 597 4726 mitti
612 4652 659 4726 ad
675 4650 873 4748 regendam
887 4650 1125 4745 provinciam,
1140 4653 1339 4747 respondit:
1358 4661 1503 4748 neuter,

333 4772 418 4868 quia
443 4772 537 4846 alter
562 4772 648 4846 nibil
673 4771 795 4866 babet,
821 4771 927 4847 alteri
953 4771 1039 4845 nibil
1059 4771 1204 4846 sufficit.
1226 4773 1270 4846 Et
1290 4778 1380 4849 vere
1404 4783 1504 4851 cata-
1557 4810 1564 4824 ·

394 5031 422 5096 (¹)
437 5030 468 5081 ll.
485 5030 633 5082 voluerunt.
