4342 6692
650 887 696 954 52
1013 898 1218 954 COMENTUM
1242 897 1461 954 rubellum!

647 1043 807 1119 rusulum
821 1041 993 1118 omnibus
1005 1041 1294 1117 intolerabilibus
1307 1041 1560 1135 incommodis,
1569 1039 1824 1132 crudelissima

647 1163 763 1239 lames
788 1169 825 1238 et
851 1162 940 1236 nulli
965 1160 1025 1237 alii
1050 1162 1297 1258 comparanda
1321 1163 1403 1258 plus
1428 1183 1541 1257 quam
1571 1168 1705 1236 catera
1721 1160 1820 1236 mala

648 1283 806 1381 urgebat
830 1283 1002 1358 miseram
1030 1283 1175 1377 urbem,
1200 1282 1247 1356 de
1272 1302 1346 1376 qua
1372 1302 1446 1356 non
1473 1302 1619 1378 possem
1646 1281 1821 1358 brevibus

647 1403 768 1480 verbis
779 1395 815 1496 (⁴)
834 1403 968 1497 dicere,
986 1401 1285 1499 quandoquidem
1305 1400 1470 1477 homiues
1487 1408 1652 1478 stercora
1676 1407 1715 1477 et
1739 1400 1821 1476 uri-

647 1545 712 1600 nas
732 1524 989 1620 jumentorum
1017 1521 1132 1598 coacti
1157 1527 1245 1595 suut
1269 1541 1403 1617 capere
1417 1513 1477 1616 (¹);
1497 1521 1561 1596 sed
1581 1521 1680 1616 quod
1708 1519 1820 1595 mise-

647 1643 796 1719 rabilius
815 1643 884 1717 iuit
900 1651 936 1718 et
954 1664 1040 1718 cum
1059 1641 1231 1739 lacrymis
1250 1642 1544 1737 memorandum,
1564 1642 1697 1717 mulier
1714 1662 1821 1737 quae·

647 1763 731 1838 dam
759 1761 886 1838 nobilis
910 1781 1048 1860 genere
1073 1768 1112 1836 et
1135 1759 1268 1838 divitiis
1292 1761 1441 1837 nomine
1465 1761 1578 1838 ldaria
1599 1761 1746 1837 inventa
1763 1768 1819 1837 est

646 1883 684 1958 iu
709 1883 780 1959 alia
806 1881 1038 1958 multitudine
1062 1902 1148 1976 quae
1172 1881 1402 1956 conduxerat
1425 1882 1472 1957 ad
1498 1883 1629 1958 urbem
1651 1888 1818 1978 tempore

646 2003 851 2097 obsidionis,
883 2009 925 2078 ut
955 2001 1040 2077 alibi
1069 2001 1208 2076 dictum
1239 2006 1295 2076 ert
1325 2021 1457 2097 supra3
1489 2002 1596 2077 cuius
1628 2001 1818 2078 facultates

646 2123 790 2220 tyranni
816 2121 936 2218 primo
961 2122 1182 2214 invaserant,
1200 2121 1331 2197 deiude
1348 2142 1413 2217 per
1432 2129 1620 2198 momenta
1644 2123 1818 2198 satellites

646 2242 831 2318 latronum
859 2243 1031 2337 reliquias
1052 2242 1255 2338 rapiebant,
1273 2248 1421 2337 propter
1436 2233 1472 2335 (³)
1492 2243 1591 2338 quod
1611 2244 1744 2319 mulier
1760 2243 1819 2318 in-

616 2463 618 2470 s
646 2365 855 2462 dignatione
880 2370 917 2438 et
942 2361 1081 2438 insania
1106 2382 1261 2438 accensa
1287 2383 1384 2458 saepe
1400 2363 1480 2438 illos
1496 2365 1718 2458 provocabat
1736 2385 1818 2440 ma·

646 2483 784 2559 ledictis
808 2483 855 2557 ad
880 2481 1171 2556 interficiendum
1198 2502 1259 2575 se3
1278 2482 1341 2558 sed
1358 2503 1445 2557 cum
1468 2483 1591 2556 nullus
1610 2484 1670 2559 vel
1687 2485 1741 2560 ira
1758 2485 1818 2561 vel

646 2604 794 2679 miseria
810 2591 845 2695 (⁸)
875 2608 1052 2677 mactaret
1078 2601 1189 2696 illam,
1209 2622 1277 2676 nec
1293 2602 1416 2697 aliqua
1433 2603 1493 2677 via
1509 2608 1631 2699 posset
1647 2625 1817 2700 quaerere

645 2724 797 2818 rictum,
814 2723 913 2798 lame
930 2729 967 2798 et
984 2723 1050 2816 ira,
1072 2722 1235 2818 pessimis
1259 2723 1542 2818 consultoribus,
1560 2723 1754 2822 instigante
1764 2718 1816 2820 (⁶),

644 2851 812 2919 armatur
846 2850 974 2919 contra
1000 2844 1088 2938 jura
1119 2850 1274 2919 naturae.
1299 2843 1392 2919 Nam
1423 2850 1612 2940 assumpto
1637 2845 1815 2923 infantulo

644 2983 757 3059 quem
791 2963 948 3038 lactabat
979 2961 1102 3038 dicere
1133 2962 1262 3058 coepit:
1299 2962 1448 3039 intelicis
1481 2964 1609 3038 matris
1639 2965 1816 3042 infelicior

644 3084 711 3158 iili:
738 3084 775 3156 in
802 3082 907 3175 bello,
935 3081 1043 3176 lame,
1070 3081 1196 3177 rapina
1223 3083 1408 3157 latronum
1435 3083 1495 3158 cui
1525 3090 1563 3160 tc
1591 3087 1816 3162 reservabo?

644 3207 736 3280 Nam
762 3205 791 3278 si
819 3205 893 3278 vita
920 3203 1060 3299 sperari
1082 3203 1204 3298 possit,
1217 3202 1312 3300 jugo
1338 3223 1502 3278 romauae
1527 3203 1711 3280 servitutis
1734 3227 1815 3282 ser·

643 3346 799 3418 vamum
826 3323 889 3398 sed
909 3323 987 3418 jam
1009 3343 1108 3397 nunc
1125 3323 1240 3418 ipsam
1261 3323 1476 3399 servitutem
1495 3324 1609 3402 fames
1626 3327 1813 3424 praeveuit,

643 3451 681 3520 et
714 3444 904 3540 praedones
939 3442 1080 3538 peiores
1114 3443 1211 3516 lame
1243 3448 1281 3517 et
1315 3443 1493 3520 servitute
1531 3466 1597 3520 nos
1628 3455 1812 3542 premunt

643 3565 734 3640 Veni
760 3583 850 3660 ergo
866 3553 916 3657 (⁰),
944 3562 994 3635 mi
1014 3562 1075 3655 lili,
1094 3569 1172 3637 esto
1190 3562 1430 3656 matricibus,
1448 3565 1681 3659 predonibus
1698 3567 1815 3662 tumr,

643 3685 785 3761 saeculis
815 3684 948 3776 tabula,
976 3703 1060 3777 quae
1085 3683 1162 3757 sola
1188 3683 1379 3758 deficiebat
1410 3685 1565 3760 miseriis
1589 3685 1812 3782 judaeorum.

642 3809 686 3882 Et
712 3827 797 3882 cum
824 3805 903 3879 lraec
927 3803 1086 3898 dixisset,
1103 3803 1213 3878 simul
1231 3804 1346 3878 lilium
1365 3806 1560 3902 jugulavit,
1587 3812 1624 3881 et
1648 3807 1812 3882 medium

642 3926 786 4020 assavit,
805 3932 842 4000 et
864 3923 1046 4020 reliquum
1067 3924 1279 4001 reservavit.
1297 3925 1341 3998 ltc
1358 3945 1444 4000 ecce
1461 3927 1651 4022 predones
1676 3927 1812 4002 incitati

641 4048 756 4123 odore
781 4046 911 4138 camb,
938 4051 1096 4119 mortem
1125 4044 1305 4121 minantes
1330 4046 1396 4119 nisi
1428 4046 1551 4121 cibum
1582 4068 1694 4142 quem
1726 4069 1812 4123 seu·

640 4173 765 4243 serant
789 4167 904 4240 daret.
924 4166 1026 4238 l'unc
1043 4164 1102 4239 illa
1124 4163 1294 4240 iniuriata
1311 4165 1419 4240 dixit:
1437 4176 1538 4243 certe
1555 4174 1696 4262 partem
1717 4167 1812 4263 opti-

640 4309 741 4362 mam
770 4284 973 4378 reservavi3
991 4292 1028 4359 et
1053 4285 1228 4359 continuo
1246 4285 1382 4360 deterit
1403 4286 1570 4362 membra
1597 4277 1809 4382 iniantis(⁷);

639 4409 703 4484 sed
729 4407 778 4482 illi
803 4405 973 4500 quamvis
998 4405 1167 4479 crudeles
1192 4405 1308 4480 territi
1334 4411 1420 4479 sunt
1445 4405 1564 4501 nimis,
1587 4426 1655 4481 nec
1678 4412 1811 4503 potue-

640 4534 729 4604 runt
754 4527 875 4602 lacere
896 4525 1065 4619 verbum,
1084 4525 1253 4600 vincente
1278 4525 1436 4599 naturali
1459 4525 1604 4620 pietate.
1630 4526 1693 4602 llla
1718 4547 1810 4602 vero

702 4807 729 4868 (¹)
746 4805 776 4855 Ε.
793 4805 956 4856 sermonibus
970 4805 1109 4869 explicare,
1125 4806 1237 4871 maudo.
1305 4804 1332 4868 (¹)
1349 4806 1380 4856 lt.
1396 4819 1509 4856 summ.

702 4879 729 4942 (Ἰ
745 4881 774 4931 Ε.
792 4894 807 4929 e
826 4885 879 4940 tlt,
897 4887 1086 4946 propterque.
1304 4881 1332 4942 θ)
1348 4882 1379 4932 E.
1394 4895 1411 4932 e
1425 4881 1451 4932 S.
1468 4882 1653 4934 misericordia.

701 4956 730 5020 (⁸)
746 4957 777 5008 E.
794 4957 980 5019 instigantibus.
1306 4956 1334 5022 θ)
1349 4957 1381 5011 Ε.
1397 4971 1413 5009 ο
1428 4957 1455 5009 S·
1471 4970 1535 5020 ergo
1550 4971 1629 5019 nuno,
1644 4958 1681 5006 mi
1695 4955 1742 5008 ult

702 5033 729 5096 (ll
746 5033 777 5084 E.
793 5031 929 5094 inlautuli;
946 5032 1034 5085 atilli.
