4342 6692
701 880 772 948 296
1090 891 1294 948 couenruu
1319 894 1487 948 ennium

698 1035 847 1112 scientia
871 1037 970 1111 oeus
993 1035 1415 1133 comprehendipotest3
1441 1044 1496 1113 est
1526 1037 1625 1112 enim
1654 1037 1869 1134 immensus,

698 1156 1079 1253 incomprehensibilis,
1106 1157 1384 1252 innominabilis,
1409 1157 1611 1234 ineffabilis.
1638 1159 1730 1235 Nota
1757 1161 1869 1236 etiam

698 1277 797 1373 quod
817 1277 928 1352 huius
942 1277 1026 1353 dicti
1043 1299 1155 1354 causa
1172 1285 1239 1372 est,
1257 1279 1344 1374 quia
1362 1278 1567 1354 intellectus
1585 1300 1659 1354 non
1677 1286 1733 1356 est
1754 1281 1869 1356 virtus

698 1398 872 1495 organica
896 1399 991 1473 siout
1014 1399 1206 1494 memoria,
1227 1398 1309 1474 ideo
1334 1405 1389 1474 est
1415 1399 1568 1474 vicinior
1594 1399 1721 1496 primae
1746 1421 1868 1478 cauere

698 1539 811 1614 quam
836 1539 983 1613 sensus3
1009 1525 1047 1594 ει
1071 1519 1123 1594 sic
1148 1519 1353 1596 intellectus
1379 1520 1488 1596 habet
1520 1519 1556 1595 in
1586 1541 1627 1596 se
1651 1521 1776 1617 plures
1801 1542 1868 1596 no-

696 1637 852 1714 bilitates
876 1645 915 1714 ει
943 1639 1133 1731 bonitates,
1158 1639 1292 1734 quibus
1322 1638 1461 1715 accedit
1493 1640 1541 1716 ad
1572 1640 1866 1717 conformitatem

696 1757 824 1853 primae
848 1777 982 1833 causae.
1008 1758 1094 1834 ldeo
1120 1759 1214 1836 bene
1231 1758 1442 1834 Aristoteles
1462 1759 1624 1835 secundo
1641 1761 1687 1836 de
1711 1781 1868 1858 genera-

698 1877 797 1952 tione
821 1877 1036 1953 animalium
1060 1878 1162 1954 dicit:
1182 1879 1402 1974 relinquitur
1419 1887 1546 1955 autem
1564 1879 1790 1968 intellectum
1807 1901 1868 1956 so-

698 1996 776 2070 lum
801 1995 847 2072 de
872 1997 960 2072 ioris
983 1997 1159 2074 advenire
1183 2005 1221 2074 et
1245 1997 1410 2074 divinum
1437 2019 1518 2076 esse
1542 2001 1675 2086 solum.
1689 2040 1739 2054 —
1758 2006 1867 2074 Vero-

698 2124 817 2191 menn.
831 2117 897 2192 Hic
909 2124 1016 2214 poeta
1027 2119 1147 2214 aperit
1162 2118 1401 2194 intentionem
1415 2139 1521 2195 suam
1540 2119 1637 2196 circa
1655 2127 1866 2216 praetactam

698 2237 902 2335 materiam,
926 2245 1130 2335 protestans
1156 2259 1196 2315 se
1219 2239 1407 2315 dicturum
1432 2239 1478 2314 de
1494 2260 1540 2315 ea
1557 2240 1760 2315 secundum
1782 2261 1866 2336 pos-

698 2358 905 2435 sibilitatem
930 2380 1058 2454 suam;
1083 2359 1182 2436 unde
1199 2359 1284 2435 dicit
1300 2367 1464 2436 tantum:
1495 2363 1622 2449 Quunt'
1633 2363 1670 2434 io
1690 2365 1785 2455 putei
1804 2366 1867 2457 sor

697 2484 825 2569 tesoro,
856 2478 958 2573 idest,
993 2499 1119 2555 caram
1153 2479 1442 2575 acquisitionem,
1476 2480 1565 2575 quia
1597 2481 1718 2556 solum
1755 2481 1868 2558 relert

700 2598 869 2693 quaedam
894 2597 1064 2695 pretiosa,
1091 2603 1182 2674 netto
1202 2601 1274 2674 mia
1298 2607 1422 2692 mente,
1440 2599 1541 2696 idest,
1565 2601 1756 2696 memoria,
1781 2621 1866 2697 quae

698 2725 754 2793 est
788 2719 982 2794 thesaurus
1006 2719 1272 2816 inventionum,
1298 2729 1340 2795 ιιι
1368 2720 1454 2796 dicit
1481 2721 1632 2817 Tullius,
1658 2730 1865 2816 veromente,

695 2840 798 2936 idest,
823 2861 898 2915 non
922 2841 1138 2916 somniando
1169 2863 1275 2937 vane,
1300 2834 1389 2916 sord
1418 2863 1500 2935 ora,
1529 2842 1675 2938 scilicet,
1700 2843 1746 2919 de
1771 2864 1867 2940 prae-

699 2961 804 3056 senti,
830 2965 980 3036 materia
1002 2964 1061 3036 det
1086 2966 1156 3036 mio
1185 2969 1301 3055 muto,
1327 2963 1429 3058 idest,
1461 2963 1564 3038 istius
1595 2983 1691 3040 meae
1714 2965 1866 3060 poeticae

696 3080 956 3177 descriptionis,
982 3084 1040 3155 dcl
1060 3102 1173 3174 reparo
1203 3089 1320 3175 santo,
1345 3082 1448 3177 idest,
1478 3083 1525 3158 de
1556 3083 1662 3178 coelo,
1687 3084 1786 3179 quod
1811 3091 1867 3160 est

696 3221 854 3299 regnum
879 3209 1105 3276 sanctorum.
1131 3202 1244 3278 Poeta
1268 3201 1368 3278 enim
1397 3201 1585 3298 descripsit
1615 3202 1778 3298 primum
1804 3224 1866 3279 re·

695 3342 811 3418 gnum
828 3321 1100 3416 damnatorum,
1118 3321 1321 3397 secundum
1339 3329 1603 3418 purgatorum3
1620 3343 1718 3397 nunc
1736 3322 1866 3399 ultimo

693 3440 845 3517 intendit
856 3442 1064 3518 describere
1077 3443 1228 3518 tertium
1242 3463 1399 3540 regnum
1410 3436 1760 3536 (¹)beatorum.llult
1775 3463 1866 3541 ergo

694 3561 818 3638 dicere
829 3563 991 3639 breviter
1007 3569 1044 3638 et
1060 3564 1178 3638 clare:
1196 3582 1266 3659 ego
1279 3562 1446 3636 tractabo
1461 3562 1596 3637 amodo
1609 3562 1656 3638 de
1672 3563 1766 3638 dicta
1784 3584 1866 3638 ma·

694 3681 787 3757 teria
812 3682 1015 3758 secundum
1042 3682 1251 3757 facultatem
1278 3681 1469 3759 memoriae
1494 3701 1608 3777 meae3
1634 3703 1719 3778 quae
1741 3688 1865 3758 tamen

694 3803 762 3878 luit
786 3803 1082 3900 capacissimam
1107 3803 1185 3899 ipso
1209 3808 1353 3898 autore,
1379 3810 1421 3877 ιιι
1446 3802 1585 3878 dictum
1618 3809 1674 3878 est
1704 3803 1864 3878 secundo

694 3924 853 4020 capitulo
877 3923 1010 4000 lnlerni
1035 3923 1133 3998 circa
1158 3922 1388 4019 principium.
1410 3922 1454 3996 lit
1470 3923 1529 3998 hic
1551 3929 1637 3998 nota
1654 3923 1748 4000 bene
1764 3923 1864 4018 quod

695 4045 790 4120 sicut
805 4044 951 4120 distinxi
967 4044 1148 4140 duplicem
1167 4045 1351 4120 inlernum
1370 4044 1407 4117 in
1424 4045 1614 4140 prohemio
1631 4045 1759 4140 primae
1776 4065 1864 4119 can-

693 4165 785 4261 ticas,
802 4172 840 4241 et
855 4165 1037 4260 duplicem
1054 4163 1310 4262 purgatorium
1328 4164 1366 4238 in
1382 4163 1573 4260 prolremio
1585 4164 1757 4240 secundae
1775 4183 1863 4238 can-

694 4287 791 4381 ticae3
816 4286 866 4362 ita
898 4307 998 4361 nunc
1025 4285 1107 4360 dico
1136 4285 1174 4359 in
1208 4284 1401 4381 prohemio
1425 4283 1536 4358 huius
1566 4284 1684 4360 tertiae
1714 4285 1864 4360 cautiore

694 4405 876 4502 duplicem
909 4425 991 4482 esse
1019 4404 1241 4501 paradisum.
1273 4404 1334 4478 Est
1364 4403 1463 4479 enim
1497 4402 1686 4500 paradisus
1716 4403 1865 4478 moralis

694 4545 781 4600 com
807 4526 929 4601 anima
953 4525 1075 4601 adhuc
1099 4524 1137 4599 in
1161 4545 1318 4621 corpore
1344 4525 1469 4600 vivens
1494 4524 1557 4599 dat
1571 4516 1609 4617 ι’)
1635 4545 1676 4600 se
1699 4525 1865 4620 specula-

693 4645 795 4741 tioni,
820 4652 858 4722 et
882 4644 919 4720 in
944 4665 1099 4722 excessu
1125 4645 1258 4722 mentis
1282 4643 1445 4720 ascendit
1477 4665 1602 4742 usque
1629 4643 1677 4719 ad
1707 4643 1865 4719 divinam

694 4767 888 4842 essentiam
913 4787 980 4863 per
1004 4785 1134 4840 omnes
1159 4785 1285 4862 speras
1307 4766 1487 4841 coelorum
1515 4772 1551 4840 ει
1582 4765 1728 4840 ordines
1753 4783 1866 4861 ange-

755 5025 784 5090 (¹)
799 5027 830 5077 E.
846 5038 966 5092 ηςιιιιιιι,
982 5027 1082 5078 scilieet
1098 5027 1241 5078 matorum.
1417 5023 1446 5090 (¹)
1461 5031 1486 5086 t,
1502 5026 1565 5078 dam
1580 5039 1608 5078 rc
1619 5023 1800 5088 'ommistiooi
