4342 6692
680 904 749 972 1ao
981 950 984 954 -
1011 914 1217 970 conanruu
1241 914 1463 971 rununronn

675 1062 774 1133 cbe't
796 1063 867 1133 mio
883 1061 941 1133 dir
958 1060 1053 1132 tirio
1069 1080 1148 1133 men
1164 1080 1265 1154 coro,
1291 1060 1395 1154 quasi
1412 1060 1526 1135 dicat:
1545 1060 1621 1135 imo
1642 1082 1726 1135 sum
1745 1066 1846 1136 certa

673 1179 776 1275 ‘quod
805 1180 941 1254 dictum
975 1200 1100 1254 meum
1133 1179 1203 1255 erit
1234 1180 1295 1254 tibi
1325 1180 1459 1274 carius,
1491 1202 1528 1253 rc
1559 1184 1682 1254 boort
1709 1184 1848 1273 spuziu,

675 1302 778 1395 idest,
805 1307 910 1375 entra
938 1307 1106 1398 vagatur,
1133 1304 1221 1375 altre
1240 1303 1468 1393 promuoon,
1487 1302 1572 1397 quia
1599 1323 1672 1377 non
1696 1301 1845 1397 promisi

675 1422 740 1495 tibi
766 1421 831 1495 nisi
850 1441 911 1496 me
928 1441 1186 1515 responsuram
1205 1421 1252 1496 de
1270 1428 1378 1496 vento
1396 1428 1433 1496 et
1454 1442 1563 1516 aqua.
1578 1462 1627 1477 -
1644 1424 1762 1512 Quctli.
1781 1421 1846 1497 Hic

674 1542 850 1616 Matbildis
879 1542 1035 1637 explicat
1064 1542 1185 1636 ipsum
1216 1543 1477 1637 corollarium3
1509 1550 1547 1618 et
1577 1544 1654 1618 vutt
1684 1543 1845 1618 breviter

674 1662 798 1737 dicere
822 1661 920 1756 quod
939 1666 1057 1755 poeto
1073 1660 1225 1755 antiqui,
1249 1662 1311 1757 qui
1329 1662 1515 1737 finxerunt
1532 1662 1618 1738 olim
1636 1663 1735 1737 iliam
1755 1669 1844 1737 aeta-

673 1789 786 1857 tatem
806 1782 947 1857 felicem
965 1803 1079 1876 quam
1097 1802 1250 1857 auream
1268 1789 1505 1876 vocaverunt,
1532 1783 1730 1859 voluerunt
1755 1784 1844 1859 dare

674 1902 823 1998 intelligi
848 1908 984 1975 statum
1012 1902 1153 1976 felicem
1171 1903 1342 1997 perfecta
1360 1903 1503 1977 virtutis
1524 1904 1587 1998 qui
1606 1902 1788 1999 figuratur
1806 1902 1842 1977 in

673 2021 741 2097 isto
767 2022 857 2096 foco.
884 2023 1005 2096 Homo
1023 2022 1122 2096 enim
1144 2022 1281 2116 positus
1298 2023 1333 2097 in
1351 2022 1573 2118 perfectione
1590 2022 1769 2098 virtutum
1787 2028 1842 2097 est

673 2142 945 2237 quodammodo
975 2142 1059 2217 felix
1094 2150 1260 2217 remotus
1285 2142 1643 2239 abalterationibus,
1661 2144 1745 2239 quia
1770 2165 1842 2218 non

673 2263 863 2339 subiicitur
876 2262 1113 2358 passionibus.
1127 2262 1227 2338 Unde
1241 2263 1286 2337 ad
1300 2285 1428 2338 reram
1442 2263 1726 2340 declarationem
1740 2264 1843 2338 istius

673 2384 787 2460 literae
804 2384 889 2457 volo
915 2390 951 2457 te
977 2388 1115 2458 attente
1133 2390 1273 2477 notare,
1292 2383 1390 2477 quod
1407 2385 1502 2459 hanc
1518 2390 1664 2468 atatem
1686 2405 1841 2458 auream

672 2506 801 2600 pulcre
816 2503 988 2578 describit
1000 2504 1138 2579 Seneca
1156 2511 1193 2579 et
1209 2504 1444 2580 commendat
1465 2505 1501 2579 in
1527 2526 1601 2579 una
1619 2505 1787 2601 epistoia;
1805 2512 1842 2580 et

671 2627 765 2701 atter
784 2625 922 2699 Seneca
948 2625 984 2697 in
1010 2646 1085 2699 una
1112 2624 1300 2722 tragoedia,
1328 2632 1365 2700 et
1390 2647 1519 2701 omnes
1548 2633 1665 2721 poete
1690 2632 1775 2701 anic
1806 2632 1841 2700 et

671 2752 753 2842 post
777 2766 860 2838 eos3
878 2745 941 2819 sed
965 2744 1031 2835 ‚ubi
1057 2746 1115 2819 vei
1141 2745 1288 2840 quando
1315 2745 1425 2819 fuerit
1450 2748 1528 2820 haec
1552 2752 1640 2819 aetas
1666 2745 1838 2820 invidiosa

671 2886 745 2941 non
770 2864 915 2940 invenio
941 2864 971 2938 si
1003 2864 1171 2939 discurro
1203 2886 1269 2959 per
1294 2885 1422 2940 omnes
1454 2872 1580 2940 aetates
1610 2871 1647 2940 et
1677 2864 1840 2940 nationes

670 2986 807 3059 mundi.
838 2985 881 3057 Et
912 2990 953 3057 ut
983 2984 1151 3059 omittam
1182 2985 1361 3060 barbaros
1391 2985 1470 3060 sine
1495 3006 1611 3079 more,
1638 2986 1715 3061 sine
1743 2986 1837 3082 lege,

670 3126 874 3199 numquam
900 3104 996 3199 apud
1022 3125 1164 3201 graecos
1195 3105 1489 3200 sapientissimos,
1516 3127 1720 3200 numquam
1741 3108 1837 3201 apud

669 3246 842 3301 romanos
867 3224 1035 3319 optimos,
1061 3224 1137 3299 imo
1162 3245 1231 3300 nec
1256 3225 1354 3319 apud
1380 3225 1546 3301 bebraeos
1576 3226 1736 3301 cultores
1761 3226 1840 3301 veri

668 3347 734 3421 Dei
759 3345 922 3420 invenies
947 3344 1052 3419 istam
1079 3352 1238 3420 aetatem.
1265 3344 1359 3434 Quid
1385 3346 1492 3441 primi
1518 3347 1649 3422 fratres
1673 3346 1710 3420 in
1735 3348 1838 3440 orbe,

669 3466 756 3560 quid
781 3466 889 3560 primi
915 3464 953 3538 in
979 3464 1096 3559 urbe,
1112 3464 1147 3539 in
1168 3487 1247 3559 qua
1275 3466 1426 3562 regione
1443 3467 1502 3540 vei
1519 3467 1556 3539 in
1577 3487 1652 3561 quo
1674 3472 1838 3561 tempore

669 3586 736 3660 fuit
762 3606 925 3679 unquam
952 3606 1043 3681 gens
1069 3607 1153 3681 quae
1185 3586 1325 3661 viveret
1351 3605 1438 3661 cum
1471 3566 1676 3662 innocentia
1711 3594 1748 3663 et
1778 3608 1838 3661 so-

668 3706 835 3799 brietate,
855 3706 934 3781 sine
954 3706 1162 3801 cupiditate,
1180 3706 1258 3781 sine
1275 3706 1577 3802 concupiscentia,
1596 3708 1675 3783 sine
1699 3708 1836 3801 labore,

668 3828 747 3903 siue
771 3847 873 3921 cura,
888 3847 1022 3901 vacans
1047 3826 1256 3927 simpliciter
1283 3827 1360 3902 Deo
1385 3847 1465 3921 suo,
1487 3834 1553 3902 aut
1578 3849 1730 3903 servans
1748 3830 1835 3925 J'ura

669 3952 837 4023 naturaet
862 3946 928 4020 nisi
954 3947 1047 4022 forte
1067 3968 1198 4021 verum
1226 3948 1271 4021 sit
1289 3947 1387 4040 quod
1406 3946 1576 4022 scribitur
1595 3949 1642 4023 de
1658 3950 1836 4047 Bragma-

668 4069 724 4143 nis
736 4067 783 4141 ¹in
805 4068 917 4161 India,
938 4088 1099 4160 quorum
1118 4067 1190 4141 vita
1213 4066 1357 4142 videtur
1373 4088 1463 4143 vere
1479 4068 1576 4163 felix,
1594 4090 1695 4144 mors
1714 4079 1836 4145 tamen

668 4189 815 4282 misera,
828 4208 914 4263 cum
929 4209 969 4263 se
982 4194 1110 4283 sponte
1123 4188 1160 4261 in
1173 4188 1381 4262 incendium
1398 4182 1597 4284 mutant(¹).
1616 4190 1733 4266 Credo
1746 4213 1836 4289 ergo

668 4310 766 4404 quod
797 4317 915 4405 poetae
944 4311 1143 4404 loquantur
1176 4332 1248 4384 non
1281 4311 1502 4407 simpliciter,
1535 4313 1599 4388 sed
1632 4314 1833 4389 secundnm

668 4430 767 4524 quid,
792 4430 938 4524 scilicet,
965 4430 1063 4523 quod
1077 4431 1170 4504 ‘talis
1186 4436 1275 4504 aetas
1296 4430 1404 4505 fuerit
1427 4452 1525 4507 nunc
1547 4432 1582 4506 in
1602 4454 1677 4508 uno
1701 4434 1782 4509 loco
1799 4442 1836 4509 et

667 4557 846 4644 tempore,
872 4571 970 4624 nunc
995 4551 1032 4624 in
1057 4550 1140 4644 atio,
1167 4557 1204 4626 et
1229 4551 1441 4646 respective,
1463 4552 1556 4626 sicut
1581 4553 1651 4627 sub
1676 4554 1835 4630 Saturno

668 4671 704 4744 in
730 4672 849 4764 Creta,
875 4677 913 4744 et
938 4670 1032 4745 sicut
1056 4672 1127 4745 sub
1152 4672 1318 4768 Augusto
1343 4672 1380 4745 in
1398 4674 1510 4768 ltalia,
1528 4675 1597 4747 sub
1614 4675 1748 4769 quibus
1769 4676 1835 4750 fuit

667 4811 915 4887 magnaper,
942 4790 1082 4886 justitia
1113 4797 1150 4866 et
1181 4792 1350 4866 libertas:
1378 4800 1414 4869 ct
1447 4794 1499 4869 sic
1528 4794 1674 4869 videtur
1703 4796 1835 4871 intelli·

729 5046 758 5110 (¹)
772 5047 804 5099 E.
819 5046 932 5099 mittant
