4342 6692
677 895 750 964 lus
1070 909 1274 966 cumeurn
1299 910 1466 964 ansanus

676 1050 717 1130 re*
737 1062 860 1147 sessa,
885 1055 934 1130 ob
959 1055 1106 1150 culpam
1132 1075 1240 1130 suam
1266 1053 1303 1130 ln
1329 1074 1478 1152 genere,
1499 1046 1591 1147 pero
1619 1055 1681 1128 cie
1703 1057 1735 1128 si
1758 1060 1852 1128 torre

676 1177 726 1250 du
751 1178 810 1250 viu
834 1178 873 1250 di
897 1165 1008 1250 troad
1032 1197 1051 1248 e
1075 1177 1126 1251 dn
1148 1195 1215 1249 sua
1239 1177 1325 1266 uita,
1344 1175 1449 1267 idest,
1466 1173 1554 1269 quia
1571 1173 1720 1249 recessit
1736 1195 1759 1248 a
1774 1175 1852 1250 lleo

677 1296 741 1390 qui
766 1302 821 1370 est
846 1296 917 1390 ria,
943 1295 1078 1372 veritas
1103 1302 1141 1372 et
1165 1295 1252 1390 rita,
1278 1302 1316 1371 et
1340 1295 1471 1371 cecidit
1486 1289 1522 1388 (¹)
1544 1295 1582 1369 in
1606 1295 1766 1388 deviam,
1784 1295 1851 1370 lal-

677 1415 820 1492 sitatem
842 1423 880 1492 et
900 1424 1135 1492 mortem-
1147 1421 1200 1490 Lo
1216 1437 1322 1510 peno.
1339 1416 1405 1491 llic
1422 1415 1569 1492 Beatrix
1586 1415 1772 1492 concludit
1788 1435 1853 1490 re·

679 1537 825 1612 ritatem
838 1536 1048 1630 questionis
1061 1557 1127 1632 per
1144 1557 1258 1613 unam
1275 1536 1564 1630 distinctionem,
1577 1543 1615 1611 et
1632 1537 1712 1611 vult
1728 1535 1852 1612 brevi·

680 1662 737 1732 ter
761 1657 885 1734 dicere
910 1658 1008 1753 quod
1029 1677 1132 1734 mors
1147 1656 1279 1736 Christi
1297 1658 1363 1732 mit
1375 1659 1475 1754 justa
1496 1664 1534 1732 et
1549 1656 1684 1732 iniusta
1700 1655 1853 1732 dirersis

681 1777 917 1874 respectibus.
932 1777 1023 1853 Dicit
1040 1798 1132 1875 ergo
1143 1802 1152 1850 :
1165 1784 1314 1870 Duraque
1331 1781 1442 1870 mua,
1454 1777 1590 1853 scilieet
1602 1798 1722 1873 poena,
1734 1778 1852 1868 piam·

680 1900 753 1972 mul
776 1919 905 1991 morse,
923 1899 1026 1992 idest,
1043 1898 1185 1994 punivit
1203 1899 1378 1994 aliquem,
1393 1891 1425 1972 si
1440 1901 1478 1971 lu
1494 1919 1589 1992 pena
1606 1900 1667 1974 olle
1690 1901 1727 1972 lo
1750 1917 1852 1972 crocc

676 2039 798 2111 porse,
823 2018 970 2112 scilicet,
996 2018 1243 2114 Christoque
1268 2018 1369 2094 nullu
1390 2018 1458 2092 luit
1473 2017 1593 2093 maior
1617 2017 1665 2092 ud
1690 2039 1852 2113 purgan-

680 2139 766 2216 dum
793 2139 993 2214 maximam
1020 2139 1179 2234 culpam,
1204 2161 1242 2213 sc
1264 2142 1298 2212 si
1321 2140 1469 2231 muare,
1489 2138 1592 2232 idest,
1609 2139 1639 2213 si
1657 2138 1853 2231 referatur,

681 2261 755 2332 olla
778 2267 911 2333 omero
936 2267 1095 2355 asarota,
1123 2259 1270 2354 scilicet,
1302 2261 1517 2352 humanam,
1548 2280 1660 2353 quam
1689 2259 1854 2335 Christus

681 2379 877 2473 assumpsit
893 2386 935 2453 ut
961 2380 1178 2474 redimeret3
1204 2401 1223 2452 e
1246 2372 1318 2454 cosi
1337 2382 1449 2472 nullm
1473 2381 1578 2475 idest,
1602 2379 1653 2456 ita
1677 2386 1854 2456 econtra

681 2499 782 2574 nulla
804 2519 924 2594 poena,
939 2504 980 2594 su
995 2502 1034 2574 di
1050 2508 1149 2574 tanta
1164 2502 1321 2592 lopiano,
1338 2500 1430 2576 idest
1453 2499 1606 2595 offensa,
1622 2503 1851 2596 maranus,

682 2616 785 2712 idest,
812 2626 1019 2714 respectum
1042 2619 1223 2714 habendo,
1240 2623 1314 2693 olla
1326 2641 1483 2713 perram
1499 2623 1559 2695 oie
1573 2627 1732 2714 superse,
1752 2621 1854 2717 idest,

681 2738 729 2813 ud
754 2739 940 2815 Christum
966 2741 1030 2834 qui
1056 2761 1186 2836 passus
1210 2747 1266 2816 est
1290 2740 1418 2837 ipsam,
1442 2745 1479 2816 iu
1504 2743 1577 2832 cle,
1602 2742 1705 2836 idest,
1722 2741 1760 2816 in
1780 2763 1855 2836 qua

682 2881 837 2956 persona
855 2861 999 2957 Christi,
1016 2883 1080 2936 cra
1098 2869 1274 2936 contruttu
1294 2865 1346 2935 tal
1357 2868 1502 2958 nunqu,
1522 2863 1658 2938 scilicet
1678 2864 1853 2938 humana.

544 2975 550 2989 '
683 2981 727 3054 Et
751 2981 809 3056 hic
836 2987 922 3056 nota
947 2982 1046 3075 qnod
1071 2981 1235 3056 Christus
1260 3002 1389 3078 passus
1413 2989 1469 3058 est
1497 2983 1663 3077 passione
1677 2973 1715 3074 (¹)
1739 3001 1856 3079 gene·

683 3101 862 3178 ralissima
888 3124 962 3178 non
987 3103 1107 3179 solum
1133 3102 1336 3178 secundum
1355 3101 1478 3178 omnia
1498 3103 1668 3178 membra
1691 3101 1856 3198 eorporis

683 3223 906 3319 principalia,
932 3223 995 3298 sed
1020 3223 1132 3298 etiam
1157 3223 1362 3298 seeundum
1388 3243 1538 3297 omnem
1563 3223 1698 3297 animae
1726 3230 1856 3318 poten·

683 3343 793 3418 tiam:
819 3343 987 3440 passione
1012 3343 1248 3419 acerbissima
1273 3364 1349 3418 non
1379 3343 1499 3418 solum
1530 3342 1698 3436 dolendo,
1724 3350 1767 3417 ut
1789 3363 1856 3438 pa·

683 3461 777 3536 tiens
803 3483 868 3558 per
893 3464 1060 3558 vulnera,
1087 3462 1151 3539 sed
1176 3462 1288 3538 etiam
1313 3462 1540 3538 condolendo
1565 3467 1607 3536 nt
1630 3463 1855 3557 compatiens

682 3587 833 3677 propter
853 3589 978 3657 nostra
995 3582 1144 3658 delicta:
1162 3583 1330 3678 passione
1346 3581 1685 3680 ignominiosissima
1704 3589 1855 3678 propter

684 3701 887 3797 patibulum
923 3702 1043 3778 crucis
1077 3702 1173 3778 inter
1201 3701 1381 3777 latrones:
1411 3702 1580 3798 passione
1608 3701 1856 3797 peremptoria

684 3829 833 3918 propter
862 3823 1132 3920 separationem
1163 3823 1297 3898 animae
1332 3844 1356 3898 a
1394 3843 1561 3919 corpore,
1593 3823 1694 3896 salva
1732 3828 1856 3898 minen

685 3944 821 4020 unione
839 3944 1032 4038 utriusque
1049 3964 1136 4017 cum
1154 3944 1309 4019 deitate:
1323 3943 1418 4018 lilius
1434 3945 1533 4018 enim
1552 3950 1724 4017 naturam
1743 3964 1857 4039 quam

685 4066 799 4140 semel
824 4065 1020 4161 assumpsit
1045 4085 1250 4160 numquam
1276 4055 1600 4140 dimisit-Pero.
1626 4063 1692 4138 llic
1709 4063 1856 4139 Beatrix

685 4205 732 4262 er
757 4185 861 4260 dietis
885 4185 981 4261 elicit
1006 4205 1120 4260 unam
1142 4185 1338 4260 notabilem
1357 4183 1588 4278 sententiam,
1606 4183 1742 4259 scilieet
1758 4182 1858 4277 quod

686 4327 782 4380 unus
808 4313 844 4382 et
869 4306 966 4381 idern
993 4313 1099 4381 actus
1115 4312 1234 4402 potest
1258 4326 1338 4382 esse
1362 4305 1482 4380 bonus
1506 4311 1543 4379 et
1568 4303 1688 4378 malus
1707 4303 1858 4380 dirersi-

686 4426 805 4502 mode.
824 4428 868 4501 Et
884 4429 929 4502 ad
947 4426 1057 4502 huius
1074 4427 1190 4502 literae
1209 4427 1335 4502 utilem
1355 4425 1626 4522 intelligentiam
1644 4432 1701 4500 est
1716 4425 1856 4500 bonum

685 4553 816 4624 notare
842 4549 940 4643 quod
966 4548 1139 4644 quamvis
1159 4549 1278 4644 passio
1295 4547 1426 4622 Christi
1446 4548 1542 4621 bona
1559 4545 1670 4621 luerit
1694 4545 1731 4620 in
1756 4567 1798 4621 se
1822 4553 1860 4621 et

685 4669 924 4764 sanctissima,
950 4675 988 4746 et
1013 4670 1176 4744 humano
1207 4667 1335 4767 generi
1366 4669 1565 4763 fructuosa,
1595 4673 1721 4743 tamen
1746 4667 1860 4764 judaei

686 4810 759 4863 non
786 4791 1054 4866 constituerunt
1079 4811 1162 4866 eam
1177 4779 1214 4884 (³)
1234 4790 1344 4865 tinem
1362 4811 1440 4864 sue
1457 4788 1610 4864 actionis
1626 4794 1776 4884 propter
1790 4789 1860 4864 bo-

748 4971 777 5038 (¹)
792 4977 823 5026 Ε.
840 4977 932 5028 norm
948 4978 974 5026 ru
991 4977 1138 5029 fatentem.
1299 4975 1327 5037 (q
1343 4979 1366 5036 r,
1384 4976 1526 5039 passionem
1542 4971 1771 5040 gemmam,

750 5051 776 5113 l'l
791 5052 822 5102 ll·
838 5065 896 5102 eam
913 5053 946 5103 ud
962 5053 1047 5104 linem.
