4342 6692
782 915 921 972 CANTUS
946 916 1092 971 saxulis.
1452 904 1522 970 449

350 1057 448 1145 donli
462 1058 622 1152 innanzi,
641 1056 736 1134 victa
754 1064 854 1134 terra
871 1067 910 1135 et
926 1061 1032 1154 mari,
1055 1083 1159 1154 prese
1174 1063 1211 1134 lo
1227 1069 1338 1136 morte
1362 1061 1524 1136 suonam

350 1181 383 1250 ct
404 1182 500 1270 ntra,
525 1177 629 1273 idest,
655 1179 877 1275 obscuram;
904 1182 967 1257 sed
992 1187 1094 1257 certe
1118 1181 1311 1278 gloriosior
1331 1182 1399 1256 luit
1424 1203 1525 1258 mors

350 1295 551 1392 cleopatrae
577 1297 715 1403 vitiosae
742 1321 854 1394 quam
880 1301 1048 1376 Zenobiae
1068 1301 1253 1397 virtuose,
1275 1321 1360 1396 quae
1382 1302 1524 1397 captiva

349 1414 460 1512 ligata
486 1424 562 1492 tota
588 1419 726 1494 catenis
750 1419 874 1495 aureis
898 1420 1008 1497 ducta
1034 1427 1194 1496 estante
1212 1440 1365 1496 currum
1392 1422 1524 1496 trium-

349 1537 495 1632 phalem
521 1538 568 1612 ab
594 1537 792 1615 Aureliano
809 1539 1043 1636 imperatore,
1061 1543 1126 1615 dat
1143 1543 1298 1634 colubro,
1322 1542 1425 1636 idest
1443 1563 1523 1618 ser-

349 1664 470 1753 pente,
487 1658 624 1735 scilieet
640 1660 687 1734 ab
704 1660 838 1757 aspide,
860 1682 944 1755 quae
964 1661 1058 1757 sopit
1075 1682 1186 1756 quem
1206 1662 1352 1738 mordet
1369 1683 1437 1738 suo
1457 1683 1523 1737 ve-

350 1797 457 1852 neno,
484 1778 620 1854 Plinius
648 1787 770 1855 tamen
795 1779 901 1856 aliter
918 1781 1042 1856 scribit
1059 1781 1165 1856 istam
1187 1788 1356 1875 mortem,
1373 1782 1521 1875 scilicet,

349 1897 450 1992 quod
475 1905 622 1974 mortua
647 1905 703 1974 est
727 1920 871 1975 veneno
895 1922 970 1995 quo
987 1901 1209 1976 astutissime
1225 1907 1430 1977 tentaverat
1446 1900 1522 1976 An·
1574 1922 1577 1929 ·

349 2018 561 2093 tonium-
571 2023 644 2093 Coo
655 2023 772 2093 coetui.
787 2019 852 2094 llic
866 2020 995 2095 ultimo
1007 2020 1231 2096 iustinianus
1247 2021 1429 2096 concludit
1445 2021 1522 2094 vir·

349 2145 467 2214 tutem
481 2145 520 2214 et
531 2137 738 2215 felicitatem
751 2141 907 2237 Augusti
924 2142 987 2236 qui
1006 2149 1087 2236 post
1104 2142 1275 2236 predicta
1292 2141 1388 2217 bella
1404 2140 1521 2216 civilia

348 2259 433 2334 lecit
448 2260 564 2332 multa
579 2259 673 2334 bella
687 2260 828 2335 hostilia
842 2281 909 2356 per
922 2281 963 2336 se
979 2269 1017 2336 ot
1033 2263 1173 2358 legatos
1185 2282 1285 2354 suos,
1298 2267 1337 2336 et
1353 2260 1521 2334 omnium

348 2378 464 2454 victor
490 2399 618 2474 pacem
643 2379 741 2456 dedit
766 2380 915 2455 mundo.
937 2380 1030 2456 Dicit
1046 2401 1171 2478 ergoz-
1189 2386 1262 2454 Con
1285 2383 1408 2472 costo,
1425 2380 1522 2456 scili·

347 2504 417 2593 cet,
442 2499 587 2574 Caesare
617 2501 795 2595 Augusto,
821 2521 921 2574 corre
945 2503 1061 2576 immo
1077 2504 1117 2574 ut
1131 2503 1191 2574 lito
1207 2501 1332 2591 rutra
1351 2500 1453 2594 idest,
1474 2500 1521 2576 ad

348 2637 453 2694 mare
478 2618 633 2693 rubrum
652 2639 718 2715 per
736 2620 835 2714 quod
851 2619 1005 2695 veniunt
1022 2621 1262 2696 mercimonia
1283 2626 1321 2695 et
1340 2625 1520 2714 aromata,

348 2737 442 2814 sicut
470 2738 585 2836 piper,
612 2739 705 2816 ebur·
730 2741 768 2814 in
793 2740 1048 2816 Alexandriam
1076 2741 1245 2838 AEgypti3
1271 2747 1309 2815 et
1334 2740 1520 2834 quianon
1667 2818 1670 2821 ,

347 2859 426 2934 vult
451 2879 675 2936 enumerare
699 2860 788 2935 alias
813 2861 983 2936 victorias
1008 2861 1089 2936 eius
1112 2860 1296 2936 concludit
1314 2861 1519 2935 maximum

346 2979 486 3053 bonum
512 2979 603 3073 eius,
629 2979 770 3054 dicens:
796 3001 862 3054 coo
887 2983 1007 3072 nostri,
1034 2979 1168 3055 scilicet
1186 3001 1272 3054 cum
1293 2980 1423 3055 eodem
1442 2981 1520 3053 Au·

345 3104 465 3195 gusto,
486 3119 575 3192 pose
597 3103 626 3174 it
647 3103 777 3174 mondo
805 3103 843 3174 in
873 3107 972 3174 tantu
998 3121 1101 3194 pace,
1127 3101 1214 3195 quia
1244 3108 1287 3176 ut
1312 3101 1520 3177 benedicit

345 3219 486 3313 Florus,
513 3218 652 3314 ubique
675 3225 743 3294 aut
767 3240 837 3315 par
863 3227 929 3294 aut
949 3220 1067 3316 pactio
1089 3221 1175 3316 iuit3
1199 3220 1298 3296 unde
1314 3222 1440 3296 Parthi
1459 3241 1519 3296 re-

346 3338 527 3414 miserunt
557 3338 624 3413 sibi
648 3339 751 3436 signa
767 3335 804 3432 (¹)
826 3361 911 3434 quie
942 3341 1148 3416 habuerant
1175 3340 1222 3414 de
1247 3340 1379 3415 Crasso
1404 3361 1519 3415 avaro

346 3466 476 3534 necato
500 3465 537 3534 et
561 3457 718 3533 Antonio
740 3459 891 3556 prodigo
916 3460 1067 3556 fugato:
1093 3466 1131 3534 et
1155 3459 1231 3534 ludi
1257 3460 1442 3535 miserunt
1465 3461 1520 3536 le-

343 3585 448 3676 gatos
474 3599 561 3655 suos
591 3585 629 3654 et
658 3598 816 3654 munera
842 3599 997 3676 magna3
1026 3580 1124 3654 unde
1151 3579 1260 3654 dicit:
1286 3579 1325 3654 in
1354 3580 1520 3656 testimo-

345 3699 448 3774 nium
474 3705 586 3776 tantae
610 3699 719 3796 pacis,
745 3702 805 3774 clu
825 3703 866 3793 su
890 3708 1030 3774 emoto
1047 3721 1072 3774 a
1092 3703 1206 3773 (liutto
1226 3703 1254 3772 il
1271 3722 1335 3774 suo
1360 3699 1518 3790 delubro,

344 3818 447 3913 idest,
474 3820 652 3914 templum
663 3843 673 3914 3
700 3839 787 3893 nam
807 3819 996 3914 Augustus
1015 3819 1338 3916 septingentesimo
1356 3838 1455 3894 anno
1471 3819 1519 3893 ab

344 3941 439 4014 urbe
463 3939 607 4014 condita
633 3939 761 4014 clausit
782 3940 959 4033 templum
978 3939 1082 4033 lano,
1103 3939 1200 4033 quod
1223 3960 1415 4032 nunquam
1437 3938 1518 4012 lue·

345 4069 402 4138 rat
426 4060 594 4135 clausum
622 4059 688 4134 nisi
714 4060 779 4154 bis,
805 4059 941 4134 seilicet
966 4060 1036 4133 sul)
1055 4059 1177 4133 Numa
1203 4079 1303 4156 rege,
1321 4065 1359 4133 et
1383 4059 1419 4132 in
1446 4058 1517 4134 line

345 4180 452 4276 primi
477 4180 561 4256 belli
586 4180 718 4275 punici.
739 4181 782 4254 Et
806 4180 994 4277 Augustus
1011 4185 1165 4254 vocatus
1181 4186 1238 4254 est
1257 4179 1411 4254 dictator
1432 4199 1518 4274 per-

344 4308 477 4398 petuus
502 4308 540 4376 et
565 4307 668 4396 pater
693 4301 833 4397 patriae,
866 4308 904 4375 et
932 4306 1082 4376 senatus
1114 4300 1249 4375 addidit
1279 4299 1345 4374 sibi
1380 4320 1516 4375 nornen

343 4423 499 4520 Augusti
524 4422 685 4497 sanctius
710 4430 747 4498 et
773 4421 1016 4515 reverentius,
1044 4428 1086 4495 ut
1106 4422 1185 4517 jam
1208 4420 1335 4496 vivens
1352 4420 1389 4493 in
1409 4417 1517 4494 terris

344 4547 623 4618 consecraretur
640 4549 676 4617 et
689 4542 793 4636 qnasi
807 4542 906 4616 Deus
922 4543 1108 4616 coleretur
1124 4540 1163 4615 in
1182 4541 1331 4634 mundo,
1346 4540 1429 4614 licet
1440 4539 1517 4634 ipse

344 4682 535 4757 nunquam
561 4661 720 4737 voluerit
746 4661 868 4736 vocari
895 4661 1083 4735 Dominus.
1110 4659 1195 4734 ldeo
1219 4660 1314 4735 bene
1330 4659 1416 4733 dicit
1432 4659 1516 4733 Flo-

344 4805 428 4857 rus:
442 4781 702 4879 gratulandum
716 4788 783 4875 est,
796 4781 896 4876 qnod
909 4780 946 4856 in
959 4786 1059 4857 tanta
1073 4779 1351 4876 perturbatione
1368 4800 1514 4854 summa

406 5043 434 5108 (ί)
448 5043 479 5096 E.
495 5043 544 5095 sibi
558 5043 658 5107 singula
674 5056 732 5106 quoa
747 5043 893 5094 hahuerunt
908 5043 941 5094 de
955 5040 1047 5094 cnoro
1062 5056 1142 5094 avaro
1156 5047 1250 5094 necato
1265 5042 1340 5093 etde
1356 5041 1482 5094 Antonio.

476 5150 516 5196 lv.
1354 5150 1383 5192 20
