4342 6692
392 1267 535 1378 Incipit
563 1267 745 1377 repositio
775 1292 889 1378 cuper
920 1268 1069 1354 tortorem
1094 1270 1244 1378 purtem
1274 1268 1427 1374 Bouir‘s,

538 1538 543 1546 p
592 1463 675 1546 pum
705 1434 1049 1522 PARADJSUS
1075 1439 1225 1524 dr'or'iur.

468 2031 634 2101 CANTUS
656 2031 828 2114 PRIMUS,
852 2033 888 2098 iu
910 2051 970 2116 guo
988 2032 1121 2114 ponitur
1136 2031 1345 2114 prohemium.

392 2300 565 2464 Bouuu
590 2395 646 2463 cst
669 2387 834 2462 cribrare
850 2386 1015 2461 modium
1037 2385 1155 2461 sabuli
1172 2393 1213 2460 ut
1231 2387 1313 2482 quis
1330 2386 1491 2462 inveniat

317 2530 431 2584 uuam
468 2509 720 2606 margaritam,
754 2507 872 2603 iuquit
905 2507 1077 2584 Averrois
1109 2507 1147 2582 in
1188 2529 1256 2583 suo
1289 2508 1489 2604 Colligetb3

317 2630 416 2724 quod
441 2629 711 2726 elegantissime
735 2628 863 2704 iecisse
886 2628 1113 2726 dignoscitur
1138 2628 1408 2704 curiosissimus
1432 2629 1490 2704 iu·
1530 2697 1536 2708 .

318 2749 472 2845 dagator
496 2756 603 2844 poeta
625 2749 760 2824 Dantes
785 2748 822 2822 iu
846 2746 970 2823 divino
995 2755 1166 2844 poemate
1194 2769 1273 2824 suo.
1303 2748 1429 2823 Primo
1450 2740 1486 2840 (¹)

316 2867 491 2943 cribravit
517 2889 635 2942 uuum
662 2867 827 2943 modium
858 2867 988 2962 sabuli,
1021 2867 1083 2941 ubi
1118 2870 1238 2942 solum
1273 2867 1410 2943 invenit
1434 2868 1490 2942 di·

316 2987 548 3083 spositioucm
575 2987 753 3063 evadendi
777 2987 825 3061 ab
849 2987 924 3062 ima
949 2986 1045 3062 valle
1069 2987 1322 3082 tenebrarum,
1344 2988 1407 3062 ubi
1434 2995 1489 3064 ost

315 3113 485 3182 centrum
511 3106 678 3181 omnium
706 3106 953 3200 miseriarum,
975 3105 1070 3181 sicut
1095 3107 1212 3201 patuit
1237 3107 1330 3182 libro
1357 3109 1488 3204 primo,

316 3227 353 3301 iu
378 3248 454 3322 quo
479 3233 636 3302 venatus
660 3234 716 3303 est
740 3227 864 3302 omnia
889 3247 1027 3324 genera
1050 3227 1224 3302 vitiorum
1251 3235 1288 3302 et
1313 3229 1488 3324 supplicia

315 3347 545 3423 eorumdem.
559 3347 729 3423 Secundo
742 3347 916 3423 cribravit
926 3349 1040 3422 alium
1055 3347 1220 3423 modium
1235 3348 1363 3444 sabuli,
1375 3349 1437 3424 ubi
1449 3340 1486 3443 (¹)

315 3473 440 3542 tamen
465 3465 602 3563 reperit
627 3468 723 3542 viam
750 3467 956 3542 inveniendi
983 3468 1235 3565 margaritam,
1256 3467 1351 3542 sicut
1374 3489 1488 3564 appa·

317 3587 391 3662 ruit
415 3586 508 3662 libro
534 3587 708 3681 secundo,
727 3587 764 3660 in
783 3607 859 3681 quo
884 3586 1029 3662 minore
1045 3607 1132 3662 cum
1154 3588 1280 3662 labore
1298 3607 1363 3683 per
1381 3608 1489 3663 mon-

317 3714 391 3783 tem
420 3707 636 3782 altissimum
668 3706 836 3802 quaesiuit
866 3707 988 3782 omnia
1020 3729 1160 3804 genera
1186 3709 1378 3803 virtutum,
1404 3728 1488 3805 quae

317 3826 453 3902 iaciunt
470 3826 566 3902 viam
584 3826 631 3901 ad
648 3825 932 3921 beatitudinem
950 3849 1049 3903 nunc
1076 3829 1184 3904 tertio
1211 3829 1346 3926 reperit
1371 3829 1486 3925 ipsam

315 3947 554 4044 margaritam
581 3946 878 4041 pretiosissimam
905 3948 1100 4042 praemium
1118 3938 1155 4041 (³)
1186 3949 1354 4023 omnium
1384 3950 1488 4024 iabo-

316 4090 401 4142 rum
427 4089 595 4161 suorum,
612 4066 759 4160 scilicet,
776 4073 953 4142 aternam
975 4068 1144 4164 gloriam.
1162 4068 1247 4144 ldco
1263 4089 1486 4144 ascensurus

315 4191 464 4282 coetum,
489 4189 527 4262 iu
552 4209 628 4283 quo
653 4190 732 4262 baec
757 4187 1005 4263 desiderabilis
1032 4187 1150 4284 gloria
1176 4189 1362 4284 potissimo
1387 4190 1487 4288 viget

315 4315 353 4385 at
376 4309 485 4403 lucet,
511 4307 625 4403 ipsam
653 4308 755 4382 nobis
776 4308 850 4382 alto
867 4315 905 4382 ct
921 4308 1116 4405 magnifico
1134 4309 1315 4384 describit.
1334 4309 1487 4386 Videtur

315 4433 442 4502 autem
460 4427 642 4524 appetitus
659 4427 787 4524 gioria
804 4427 931 4502 insitus
954 4449 976 4503 a
1001 4435 1134 4503 natura
1156 4429 1340 4504 montibus
1355 4419 1392 4521 (⁴)
1419 4431 1487 4505 bo-

315 4546 456 4621 minum
483 4548 746 4622 virtuosorum.
772 4547 895 4623 Gloria
921 4546 1031 4640 cuim,
1051 4555 1093 4621 ut
1110 4548 1333 4643 sapientibus
1355 4549 1485 4644 piacet,

315 4673 371 4741 est
395 4667 499 4762 quasi
525 4668 694 4763 quaedam
713 4667 847 4742 umbra
865 4667 1020 4761 virtutis,
1039 4668 1136 4743 iilam
1159 4669 1368 4764 comitatur,
1386 4669 1484 4745 illam

53 4777 58 4785 ’
314 4788 492 4882 sequitur,
518 4788 618 4862 illam
644 4787 868 4882 quaudoque
896 4787 1008 4862 ctiam
1040 4787 1233 4882 antecedit,
1260 4788 1353 4864 sicut
1384 4790 1486 4866 vidc-

376 4974 405 5037 (¹)
421 4975 452 5026 B.
469 4975 557 5025 Primo
572 4975 650 5026 enim.
900 4972 931 5038 (³)
946 4975 977 5025 E.
993 4975 1037 5026 ubi
1055 4981 1155 5026 unium
1172 4979 1277 5040 reperit.

377 5049 404 5110 (⁸)
419 5054 444 5110 t,
460 5055 486 5101 ct
503 5052 648 5114 premium.
904 5051 933 5115 (⁸)
948 5055 972 5110 t,
989 5051 1119 5102 montibus
1135 5053 1260 5104 omnium.
