4342 6692
666 881 737 947 452
1057 890 1262 948 connuruu
1286 893 1454 948 nannum

664 1044 831 1132 testatur,
849 1036 1021 1112 omnibus
1048 1037 1159 1112 rebus
1184 1037 1295 1134 gestis
1313 1037 1361 1111 ab
1379 1055 1425 1112 eo
1450 1057 1611 1133 presens
1629 1039 1707 1135 luit,
1725 1041 1840 1117 Caro·

663 1161 721 1236 lus
746 1158 859 1256 Pipini
880 1159 972 1234 Nani
997 1159 1104 1254 lilius,
1125 1182 1199 1235 non
1217 1160 1335 1257 impar
1359 1159 1477 1257 gloria
1502 1162 1596 1255 patri
1616 1184 1687 1239 suo
1703 1164 1766 1239 sed
1783 1165 1841 1240 vi·

664 1279 854 1356 etoriosior
871 1286 908 1354 et
925 1281 1146 1375 praeclarior,
1161 1287 1313 1377 rogatus
1330 1287 1368 1356 et
1385 1281 1583 1376 requisitus
1595 1283 1643 1358 ab
1656 1284 1840 1359 Hadriano

662 1422 811 1475 summo
837 1400 1017 1496 pontifice,
1036 1407 1260 1498 congregata
1283 1401 1386 1499 regni
1404 1401 1461 1475 sui
1478 1401 1713 1479 multitudine
1738 1405 1840 1500 prin-

662 1521 785 1617 cipum
803 1527 841 1596 et
858 1520 1141 1596 fortissimorum
1162 1522 1395 1613 bellatorum,
1410 1521 1596 1618 ingressus
1612 1523 1753 1598 ltaliam
1773 1545 1839 1619 per

662 1649 827 1718 montem
852 1641 1034 1716 Senisium
1055 1641 1286 1716 Desiderium
1304 1662 1431 1738 regem
1449 1643 1761 1740 longobardorum
1780 1645 1838 1718 in-

662 1764 854 1840 lestantem
881 1761 1072 1838 ecclesiam
1099 1762 1219 1857 primo
1245 1762 1383 1836 victum
1410 1784 1546 1859 magna
1570 1765 1671 1840 caede
1695 1765 1836 1841 obsedit

662 1885 756 1959 intra
773 1883 951 1977 Ticinum,
978 1904 1063 1977 quae
1088 1882 1197 1958 hodie
1223 1889 1376 1958 vocatur
1394 1883 1525 1979 Papia;
1543 1891 1582 1959 et
1602 1885 1748 1960 tandem
1768 1884 1836 1960 de-

661 2003 757 2080 cimo
784 2023 910 2078 mense
934 2000 1132 2077 obsidionis
1157 2001 1384 2076 Desiderium
1417 2008 1566 2097 captum
1591 2023 1678 2076 eum
1716 2025 1835 2081 uxore

661 2132 697 2200 et
723 2123 802 2198 liliis
827 2143 954 2199 secum
980 2122 1084 2198 duxit
1111 2123 1148 2195 in
1173 2122 1377 2216 Franciam
1400 2123 1465 2216 qui
1490 2123 1688 2218 aliquando
1713 2125 1835 2200 luerat

660 2266 766 2320 socer
791 2244 888 2337 eius3
915 2249 952 2318 el
977 2242 1163 2318 constituit
1188 2242 1355 2338 Pipinum
1384 2263 1509 2340 regem
1542 2265 1654 2340 super
1679 2245 1831 2320 ltaliam.

660 2365 719 2440 Sic
744 2363 887 2438 linitum
913 2370 969 2438 est
993 2383 1151 2460 regnum
1177 2362 1490 2459 longobardorum
1511 2364 1612 2457 quod
1632 2364 1834 2440 duraverat

660 2487 757 2560 ultra
775 2485 952 2560 ducentos
969 2504 1084 2560 annos
1103 2483 1150 2557 ab
1166 2482 1326 2558 adventu
1346 2483 1487 2558 dlboini
1505 2484 1612 2580 regis,
1630 2485 1694 2580 qui
1711 2485 1833 2580 prium

662 2604 760 2680 venit
787 2607 969 2680 Veronam
996 2604 1042 2680 de
1067 2603 1232 2700 partibus
1248 2603 1526 2700 septemtrionis.
1545 2605 1698 2681 Carolus
1715 2607 1831 2682 victor

660 2727 811 2802 veniens
836 2726 994 2800 Romam
1019 2725 1222 2820 appellatus
1246 2731 1303 2800 est
1327 2725 1449 2800 Caesar
1465 2731 1502 2799 el
1522 2725 1710 2823 Augustus
1725 2748 1748 2801 a
1766 2747 1832 2821 po·

658 2847 757 2942 pulo,
772 2852 808 2920 et
822 2852 1020 2920 coronatus
1036 2851 1091 2919 est
1109 2844 1310 2940 imperator
1327 2864 1392 2939 per
1409 2865 1563 2920 manum
1581 2845 1710 2921 Leonis
1727 2865 1832 2941 papae

661 2966 778 3059 tertii3
805 2971 842 3041 el
866 2965 989 3040 sedem
1016 2964 1251 3060 apostolicam
1278 2964 1459 3039 ordinavit
1483 2965 1614 3040 collata
1636 2964 1702 3039 sibi
1727 2972 1834 3061 pote-

658 3093 752 3161 state
777 3087 943 3162 omnium
969 3085 1206 3182 dignitatum:
1233 3091 1272 3159 et
1296 3090 1385 3160 lunc
1410 3105 1607 3160 romanum
1632 3085 1830 3182 imperium

658 3207 815 3282 divisum
840 3213 896 3282 est
915 3206 962 3280 ab
980 3205 1135 3300 imperio
1155 3204 1554 3300 constantinopolitano,
1568 3225 1641 3279 nec
1665 3227 1831 3301 unquam

658 3328 869 3422 reunitum;
896 3346 963 3403 nec
989 3346 1156 3420 unquam
1182 3324 1250 3399 luit
1274 3325 1368 3400 alius
1394 3325 1653 3420 imperatorin
1679 3325 1834 3421 imperio

657 3447 867 3523 occidentali
894 3452 974 3541 posl
999 3445 1173 3520 Carolum
1197 3451 1306 3519 tantae
1323 3444 1468 3520 virtutis
1485 3451 1523 3520 et
1540 3444 1727 3523 felicitatis.
1747 3445 1832 3522 ldeo

656 3567 751 3642 bene
776 3565 1001 3640 Justinianus
1020 3564 1097 3638 linit
1113 3565 1149 3638 in
1167 3584 1214 3639 eo
1231 3565 1480 3640 narrationem
1498 3587 1617 3661 suam,
1635 3585 1703 3641 nec
1719 3574 1828 3642 autor

656 3685 800 3763 curavit
823 3685 1046 3761 descendere
1071 3684 1118 3760 ad
1135 3684 1296 3760 Othones
1315 3693 1354 3761 et
1371 3686 1462 3761 alios
1481 3686 1721 3782 imperatores
1740 3707 1829 3784 ger-

656 3828 867 3901 manorum,
892 3807 954 3900 qui
980 3805 1177 3899 aliquando
1208 3813 1475 3881 succurrerunt
1506 3806 1670 3882 ecclesiae
1700 3813 1829 3882 contra

654 3949 785 4022 papam
817 3934 855 4002 et
885 3933 1013 4001 contra
1044 3927 1316 4022 imperatorem.
1346 3927 1451 4001 Nunc
1475 3927 1522 4002 ad
1547 3927 1718 4021 literam3
1744 3927 1830 4002 dicit

654 4049 888 4141 Justinianus,
915 4071 933 4120 c
957 4051 1100 4141 quando
1124 4051 1152 4120 ll
1174 4049 1274 4121 dente
1298 4047 1531 4139 lonpotmdo,
1558 4047 1660 4142 idest,
1690 4048 1828 4124 saevitia

653 4168 838 4263 Desiderii‚
864 4189 980 4242 morse
996 4173 1033 4242 la
1049 4175 1154 4242 santo
1170 4170 1298 4260 ctera,
1320 4169 1516 4243 lacerando
1528 4159 1623 4263 jura
1633 4169 1714 4244 eius
1734 4169 1829 4245 sicut

653 4288 790 4363 iecerat
815 4295 920 4383 pater
952 4309 1041 4362 suus
1074 4287 1284 4384 ridulphus,
1311 4288 1375 4383 qui
1408 4287 1526 4364 victus
1561 4294 1616 4363 est
1648 4309 1670 4362 a
1701 4288 1830 4384 Pipino

654 4415 786 4484 vocato
810 4429 833 4482 a
859 4429 952 4504 papa
978 4408 1163 4503 Zacharia,
1188 4412 1294 4483 curlo
1316 4430 1461 4501 mopso,
1480 4411 1660 4500 amardo,
1686 4413 1723 4483 to
1747 4431 1829 4484 roc-

652 4549 765 4620 corse,
787 4529 850 4621 qui
867 4535 903 4602 et
921 4535 1060 4602 terram
1078 4534 1241 4603 sanctam
1269 4529 1436 4604 liberavit
1465 4551 1488 4604 a
1520 4529 1698 4606 servitute
1722 4551 1828 4605 sara-

653 4667 845 4741 cenorum,
878 4646 972 4721 sieul
1007 4647 1150 4722 dicetur
1188 4647 1407 4742 intraretis
1436 4652 1504 4722 olle
1531 4670 1591 4722 suc
1619 4651 1682 4740 oli,
1712 4648 1825 4743 ipsius

653 4766 788 4861 aquilae
814 4767 1020 4862 imperialis.
1035 4809 1084 4822 -
1102 4771 1215 4842 omui.
1237 4767 1303 4844 llic
1323 4769 1452 4843 ultimo
1477 4768 1702 4844 Justinianus
1728 4789 1825 4865 prae·

654 4887 762 4960 missa
797 4887 905 4984 longa
936 4887 1160 4985 digressione
1194 4888 1394 4963 revertitur
1428 4889 1474 4964 ad
1509 4887 1708 4984 principale
1738 4911 1854 4986 pro·=
1997 4896 2001 4903 '

651 5006 823 5104 positum,
849 5014 887 5082 et
912 5007 1037 5104 arguit
1060 5008 1198 5084 italicos
1223 5009 1288 5103 qui
1316 5008 1450 5086 iniuste
1474 5016 1591 5107 agunt
1614 5016 1743 5086 contra
1758 5010 1823 5105 ju·
