4342 6692
635 921 774 977 carras
798 923 1013 977 rnrcnsnvas
1035 923 1198 978 rnnrms.
1430 908 1501 977 287

328 1070 431 1165 idest,
444 1075 644 1146 renovatus
662 1075 797 1162 mente,
817 1062 848 1142 st
864 1089 959 1142 conae
973 1072 1094 1161 piante
1115 1071 1260 1161 novelle,
1272 1071 1500 1142 vinncnnttate

327 1193 366 1265 di
380 1193 518 1265 novella
531 1191 681 1283 fronda,
695 1189 790 1263 sicut
808 1189 948 1262 dictum
966 1196 1021 1264 est
1039 1189 1216 1285 saprade
1239 1189 1361 1284 planta
1383 1189 1504 1263 scien·

329 1311 388 1384 ttae
412 1310 510 1406 bani,
536 1310 582 1385 ad
608 1330 722 1403 quam
745 1307 917 1405 alligatus
934 1308 1003 1382 tuit
1017 1303 1053 1401 (¹)
1072 1329 1220 1384 currus.
1238 1308 1283 1382 Et
1300 1314 1387 1383 nota
1403 1307 1503 1403 quod

328 1431 554 1526 comparatio
579 1435 634 1504 est
660 1429 927 1524 propriissime:
954 1429 1164 1503 sicutenim
1183 1429 1306 1523 planta
1327 1448 1411 1523 quae
1429 1435 1503 1503 ste-

329 1556 425 1625 terat
450 1549 554 1644 quasi
579 1548 682 1623 arida
708 1569 776 1644 per
801 1555 921 1622 totum
948 1554 1094 1643 tempus
1110 1548 1264 1644 hyemis,
1282 1549 1504 1623 adveniente

331 1690 419 1744 vere
437 1668 619 1744 reviviscit
645 1676 681 1744 et
707 1667 867 1742 efficitur
891 1673 968 1742 tota
993 1669 1139 1763 pulcra;
1158 1668 1210 1743 ita
1227 1667 1350 1743 anima
1371 1675 1502 1764 poetae,

331 1811 415 1884 quae
440 1789 561 1865 fuerat
581 1790 643 1864 diu
660 1789 797 1863 inutilis
821 1789 900 1864 sine
925 1790 1060 1883 fructu,
1078 1810 1178 1863 nunc
1198 1789 1391 1887 incipiente
1413 1811 1502 1866 vere

331 1909 496 1984 refloruit
512 1911 558 1985 ad
578 1931 710 1985 verum
729 1910 904 1984 fructum.
922 1909 1025 1984 Unde
1045 1909 1146 1983 dicit:
1164 1931 1271 2003 para,
1290 1910 1393 2006 idest,
1412 1931 1503 2007 pur-

330 2037 439 2128 gatus
464 2032 511 2106 ab
535 2031 636 2106 omni
662 2031 832 2125 rubigine
856 2031 1043 2125 vitiorum,
1061 2053 1080 2103 e
1100 2033 1253 2123 disposta
1271 2053 1294 2104 a
1311 2035 1420 2106 satim
1437 2035 1505 2105 ane

330 2155 437 2245 stelle,
459 2151 561 2246 idest,
579 2151 626 2225 ad
643 2150 768 2244 coelos,
787 2151 892 2244 quasi
909 2150 1022 2224 dicat:
1048 2157 1156 2245 aptas
1181 2152 1228 2225 ab
1253 2152 1398 2227 actione
1417 2171 1503 2246 per·

331 2269 425 2345 tecta
456 2271 637 2344 virtutum
673 2269 874 2344 ascendere
910 2269 959 2343 ad
994 2270 1194 2364 perfectam
1225 2271 1505 2366 contemplatio-

330 2410 416 2464 nem
443 2390 660 2484 coeiestium‚
687 2389 794 2463 cuins
818 2388 1011 2484 participes
1042 2411 1109 2465 nos
1136 2391 1242 2464 iaciat
1267 2391 1330 2483 qui
1357 2396 1503 2485 poetam

330 2509 450 2605 ipsum
477 2509 598 2584 adhuc
614 2509 651 2582 in
672 2529 785 2584 came
804 2509 990 2583 viventem
1007 2529 1074 2605 per
1095 2517 1170 2586 tam
1188 2510 1346 2585 arduam
1367 2510 1503 2586 scalam

331 2629 378 2704 ad
403 2650 444 2704 se
469 2649 601 2723 rapere
625 2628 796 2725 dignatus
821 2635 886 2702 est.
913 2628 1042 2704 Amen.

362 2887 366 2896 ,
432 2818 609 2886 Hactenus
631 2817 705 2906 ipse
729 2833 813 2886 snas
837 2817 910 2887 nidi
932 2819 1119 2889 tolerantia
1141 2838 1266 2909 panas

436 2937 606 3024 Crimina,
632 2941 665 3008 et
688 2938 833 3028 afflictas
857 2937 979 3008 medin
1002 2937 1211 3010 manitas
1235 2939 1349 3010 almas

435 3057 653 3127 Ganninnisse
677 3063 793 3128 tamen
817 3063 956 3149 pentem
980 3076 1066 3128 nant
1091 3057 1241 3130 roborat
1262 3060 1343 3131 ittae

438 3178 577 3247 Vanam·
599 3197 678 3268 spec
703 3177 826 3268 qnippe
850 3177 932 3247 toni
953 3179 1119 3268 paceque
1140 3180 1280 3270 sainna.

430 3301 494 3369 Est
515 3315 616 3367 mans
641 3299 701 3387 qni
724 3299 833 3368 catena
858 3304 977 3369 ventos
1001 3301 1188 3372 conamini
1210 3305 1243 3371 et
1265 3301 1392 3372 imbres

429 3421 509 3488 Ima
533 3422 647 3489 aneni
669 3437 803 3507 sepner,
826 3419 953 3508 primis
977 3419 1155 3490 rancidae
1179 3427 1305 3492 errant
1493 3501 1506 3528 s

429 3543 477 3610 n
490 3538 586 3628 jnpa
608 3547 825 3629 perceptam
849 3539 1036 3627 ainpnntur
1059 3540 1097 3610 in
1122 3541 1247 3612 ordine
1272 3561 1382 3632 pyros

431 3659 570 3746 Parpat
593 3659 735 3748 pairano
758 3677 852 3749 snos,
880 3677 1016 3728 camma
1039 3659 1103 3729 sed
1126 3661 1272 3731 animine
1296 3681 1440 3736 annam

430 3778 537 3848 Milite
560 3796 638 3848 cnnn
662 3796 769 3848 sacro
794 3778 962 3868 conspexi
985 3782 1019 3849 et
1041 3781 1187 3867 marnoa
1212 3782 1340 3872 tiana,-

433 3899 490 3968 Me
513 3915 606 3968 nnnc
631 3903 732 3968 aetra
756 3903 883 3970 nocant
904 3898 1001 3969 sedes
1024 3905 1059 3971 et
1080 3918 1194 3989 repna
1220 3899 1364 3974 dannan.

409 4075 613 4178 Explicitffl
640 4093 687 4158 nt
712 4084 916 4158 decembris
946 4093 1050 4203 ttae.

398 4313 426 4378 (¹)
441 4315 472 4365 lt.
489 4314 583 4366 suerat.
732 4331 741 4340 ·

334 4387 426 4517 ΜΡ)
441 4391 472 4442 n.
487 4392 599 4457 Explicit
615 4397 766 4444 nomentum
781 4393 898 4456 maginni
912 4393 1070 4444 Benevennti
1086 4393 1120 4443 de
1130 4392 1222 4444 Ymcir
1233 4407 1312 4458 nuper
1322 4395 1507 4460 Purgandum

392 4467 432 4518 tia.

744 4692 839 4747 nutis
863 4693 1093 4750 numentana.
