4342 6692
680 880 750 949 188
1040 891 1244 947 conunruu
1268 890 1487 945 euasuronu

677 1036 840 1113 iacienda
865 1036 1029 1111 carmina
1049 1036 1096 1110 de
1118 1035 1270 1111 materia
1290 1035 1422 1109 divina.
1441 1035 1485 1107 Et
1502 1034 1587 1128 quia
1607 1053 1741 1108 novem
1763 1039 1849 1107 sunt

677 1178 805 1251 musae,
824 1179 984 1251 quarum
1005 1157 1155 1231 nomina
1180 1162 1217 1231 et
1242 1156 1361 1248 officia
1382 1155 1488 1251 plene
1505 1154 1630 1249 scripsi
1649 1155 1767 1250 primo
1787 1174 1850 1229 ca·

678 1278 792 1372 pitulo
825 1278 934 1352 buius
969 1277 1188 1373 Purgatorii,
1226 1276 1307 1351 ideo
1342 1276 1556 1351 nominatim
1589 1275 1690 1371 ponit
1723 1295 1849 1368 unam,

678 1397 785 1471 cuius
806 1397 923 1471 virtus
942 1398 1103 1471 maxime
1120 1397 1204 1471 lacit
1220 1397 1266 1471 ad
1284 1401 1501 1491 praesentem
1525 1395 1728 1481 materiam.
1748 1394 1850 1469 Unde
1883 1478 1885 1481 ,

679 1515 782 1589 dicit:
808 1540 828 1590 a
856 1521 1003 1608 Urania,
1029 1538 1113 1611 quae
1142 1516 1253 1591 latine
1288 1521 1393 1591 sonat
1425 1515 1594 1610 ccelesiis,
1625 1518 1768 1589 m’aorti
1796 1518 1853 1588 eol

678 1657 743 1708 suo
767 1656 866 1727 coro,
892 1636 994 1731 idest,
1012 1657 1098 1710 cum
1120 1636 1303 1710 consortio
1328 1636 1587 1710 aliaromoeto
1605 1656 1787 1709 sororum.
1806 1635 1850 1707 El

680 1777 767 1831 ecce
792 1778 927 1851 quare:
957 1761 1045 1851 sorti
1068 1777 1147 1831 cose
1171 1780 1195 1829 α
1215 1778 1350 1849 pensor
1375 1764 1511 1831 mettere
1535 1762 1572 1830 in
1597 1759 1714 1849 versi;
1743 1754 1848 1849 quasi

679 1875 794 1951 dicat:
820 1877 967 1951 difficile
992 1887 1047 1951 est
1064 1870 1279 1970 scribered)
1302 1878 1411 1951 talem
1435 1876 1626 1951 materiam
1654 1876 1691 1949 in
1718 1882 1849 1968 metro,

680 1997 816 2091 inquo
843 1998 1047 2091 requiritur
1072 1999 1152 2092 plus
1177 1998 1266 2071 artis
1296 2005 1334 2072 et
1367 1996 1499 2071 laboris
1526 2018 1639 2091 quam
1665 1997 1702 2070 in
1729 2016 1848 2092 prosa,

680 2125 721 2191 ut
738 2119 876 2193 dictum
894 2125 948 2193 est
965 2119 1098 2192 lnierni
1116 2119 1275 2213 capitulo
1289 2118 1429 2191 llllllll.
1440 2123 1601 2192 -Poco
1621 2120 1650 2191 N
1655 2139 1725 2192 unc
1743 2125 1848 2212 poeta

679 2238 774 2312 iacta
800 2238 909 2313 nobili
931 2239 1162 2313 invocatione
1178 2238 1392 2335 aggreditur
1409 2238 1573 2313 valenter
1593 2238 1748 2312 nobilem
1769 2258 1850 2311 ma·

680 2359 823 2453 teriam,
849 2358 1059 2433 describens
1083 2358 1161 2453 ipsa
1185 2358 1403 2433 candelabra
1426 2379 1587 2452 quorum
1606 2359 1732 2433 lumen
1754 2377 1850 2453 prae-

682 2486 851 2554 cesserat.
887 2479 978 2553 Dicit
1007 2500 1118 2576 ergo:
1145 2484 1240 2552 Poro
1270 2475 1332 2575 piri
1363 2482 1462 2569 otte,
1489 2477 1593 2572 idest,
1625 2479 1735 2574 paulo
1768 2486 1848 2572 post

681 2601 769 2675 illud
792 2602 928 2693 lumen,
948 2591 1032 2673 salte
1054 2602 1166 2674 alberi
1181 2604 1301 2694 d'oro,
1321 2620 1447 2675 aurcae
1467 2609 1571 2673 erant
1589 2601 1740 2673 arbores
1763 2619 1850 2694 pro·

683 2730 763 2818 pter
777 2721 1035 2817 perlectionem
1054 2728 1093 2795 et
1108 2720 1336 2815 splendorem
1357 2720 1674 2817 fulgentissimum,
1693 2722 1849 2813 falsove,

681 2843 784 2937 idest,
802 2842 891 2916 salso
916 2841 1129 2916 ostendebat
1152 2841 1239 2913 mibi
1256 2840 1292 2914 in
1313 2840 1535 2935 apparentia,
1553 2838 1639 2933 quia
1659 2838 1694 2911 in
1714 2838 1766 2913 rei
1784 2859 1849 2913 ve-

681 2961 789 3036 ritate
815 2982 887 3035 non
913 2968 1019 3036 erant
1042 2962 1209 3055 arbores,
1226 2959 1289 3034 sed
1310 2959 1528 3033 candelabra
1549 2958 1770 3033 effundentia
1792 2960 1849 3031 lu-

681 3102 766 3157 men
794 3082 947 3176 implens
973 3088 1086 3155 lotam
1115 3080 1268 3175 sylvam,
1302 3081 1459 3170 illuop'o
1491 3086 1597 3151 malm
1629 3082 1686 3151 del
1713 3099 1848 3171 mezzo,

681 3201 783 3295 idest,
802 3222 980 3299 magnum
997 3202 1156 3296 spatium
1178 3200 1273 3274 aeris
1291 3198 1411 3293 medii,
1434 3202 1484 3271 clr'
1497 3220 1562 3273 ero
1582 3220 1695 3271 oncor
1712 3206 1770 3272 tra
1790 3201 1851 3273 noi

681 3324 813 3395 eloro.
841 3322 885 3395 Et
909 3320 992 3395 vide
1021 3320 1121 3413 quod
1137 3310 1172 3412 (²)
1190 3319 1225 3391 in
1252 3325 1466 3393 constructo
1497 3318 1608 3393 debes
1638 3319 1798 3414 incipere
1827 3340 1849 3393 a

680 3442 789 3537 longo
815 3448 946 3535 tractu,
977 3441 1063 3534 quia
1098 3441 1228 3537 longus
1261 3447 1398 3514 tractus
1429 3446 1466 3514 et
1497 3439 1665 3513 distantia
1697 3440 1848 3515 iaciebat

681 3560 900 3635 candelabra
925 3560 1040 3634 rideri
1065 3559 1228 3634 arbores.
1256 3558 1298 3632 lit
1324 3566 1409 3633 nota
1435 3558 1534 3651 quod
1560 3559 1627 3632 ista
1657 3566 1761 3633 erant
1791 3582 1850 3635 se-

682 3688 780 3776 ptem
806 3681 1036 3775 candelabra,
1063 3680 1100 3754 in
1126 3680 1259 3773 quibus
1285 3680 1502 3754 videbantur
1525 3685 1664 3774 septem
1691 3680 1850 3757 flammae

673 3802 873 3897 impositae,
891 3823 975 3895 quae
997 3801 1157 3897 figurant
1175 3808 1314 3895 septem
1332 3800 1426 3875 dona
1445 3800 1597 3896 Spiritus
1623 3802 1749 3895 sancti,
1767 3823 1852 3895 quae

682 3927 918 4017 opponuntur
943 3928 1082 4016 septem
1102 3921 1194 3993 vitiis
1208 3911 1245 4013 (³)
1264 3920 1538 4015 principalibus;
1555 3941 1716 4012 quorum
1735 3922 1850 3996 dono-

684 4063 768 4115 rum
783 4041 944 4137 primum
958 4047 1013 4115 est
1026 4040 1168 4135 pietatis
1185 4047 1312 4113 contra
1326 4040 1510 4133 invidiam,
1525 4040 1726 4113 secundum
1742 4041 1851 4115 timo·

684 4163 732 4236 ris
746 4169 873 4236 contra
891 4162 1113 4256 superbiam,
1129 4161 1278 4236 tertium
1297 4160 1457 4235 scientiae
1469 4167 1598 4235 contra
1616 4160 1722 4255 iram,
1737 4182 1851 4255 quar-

682 4290 762 4356 tum
789 4281 1005 4355 fortitudinis
1030 4287 1157 4355 contra
1174 4281 1361 4375 accidiam,
1379 4279 1549 4374 quintum
1567 4280 1703 4355 consilii
1722 4288 1850 4356 contra

682 4402 885 4494 avaritiam,
903 4407 1049 4476 sentum
1067 4399 1270 4474 intellectus
1292 4406 1420 4473 contra
1437 4400 1636 4494 luxuriam,
1654 4402 1849 4495 septimum

682 4522 866 4617 sapientie
891 4527 1019 4596 contra
1043 4521 1181 4618 golam.
1196 4525 1331 4595 -Mcn
1350 4520 1414 4594 llio
1440 4527 1546 4615 poeta
1572 4519 1727 4595 ostendit
1753 4522 1852 4615 quod

682 4644 775 4717 sicut
800 4641 966 4717 distantia
993 4641 1113 4716 luerat
1137 4641 1204 4715 sibi
1229 4662 1339 4715 causa
1358 4642 1507 4735 erroriS,
1531 4640 1580 4715 ita
1603 4642 1852 4736 propinquitas

683 4764 764 4839 iecit
790 4764 907 4858 ipsum
934 4762 1059 4836 videre
1085 4760 1289 4856 veritatem,
1311 4762 1457 4856 seilicet,
1475 4762 1693 4837 candelabra
1711 4768 1747 4837 et
1765 4784 1852 4837 can-

747 4950 774 5011 (¹)
791 4956 845 5009 1¹⁷,
861 4951 1016 5001 describere.
1203 4950 1230 5012 (¹)
1248 4955 1301 5011 lli,
1319 4952 1359 5000 bie
1376 4952 1445 5015 quod
1462 4952 1488 5001 in
1505 4950 1678 5000 construendo
1695 4951 1779 5001 debes.

748 5026 775 5090 ζ’)
792 5026 822 5077 E.
839 5028 906 5077 viliis
921 5028 1071 5090 capitalibus
1086 5026 1139 5078 sire
1157 5026 1346 5091 principalibus.
