4342 6692
694 899 763 967 10⁰
1051 906 1256 961 conunrurr
1279 892 1499 960 runcnro'nu

690 1058 893 1147 menstruo,
919 1054 1089 1125 comiaclo
1113 1053 1164 1124 od
1187 1071 1339 1144 operme
1362 1051 1585 1141 coaqolando
1604 1053 1747 1143 primm
1764 1048 1863 1124 unde

690 1160 827 1251 dictum
861 1180 939 1249 est:
977 1179 1061 1247 lies
1093 1176 1131 1246 io
1162 1175 1249 1246 lactc
1281 1174 1367 1262 dies,
1401 1178 1472 1244 tres
1507 1178 1590 1245 sunt
1621 1174 1659 1245 ia
1691 1176 1863 1264 connubio

691 1298 793 1387 terni,
806 1298 868 1367 Bis
879 1296 953 1367 sent
968 1299 1187 1385 caraem,tcr
1198 1295 1275 1365 seui
1285 1291 1442 1364 cumbra
1455 1293 1705 1382 'turmarum-e
1715 1295 1780 1385 ‘poi
1795 1287 1862 1365 oo-

691 1420 785 1508 oioa,
810 1415 911 1508 idest,
938 1413 1106 1506 vivificat,
1123 1404 1178 1486 cid
1196 1414 1256 1486 cbo
1277 1414 1323 1505 sd
1335 1418 1510 1503 conectere,
1530 1410 1634 1506 idest,
1654 1432 1860 1505 remanere,

686 1560 754 1636 per
782 1558 848 1611 suo
877 1542 1026 1625 matera,
1055 1532 1201 1626 scilicet,
1234 1531 1451 1627 sanguinem
1482 1540 1729 1627 menstruum,
1752 1532 1860 1629 'quod

690 1659 774 1735 lecit
799 1657 997 1733 consistere
1021 1653 1069 1728 ibi
1095 1673 1163 1749 pro
1188 1674 1255 1726 sua
1283 1652 1449 1747 materia,
1475 1652 1513 1725 in
1545 1672 1658 1746 quam
1684 1652 1859 1747 imprimit

689 1800 795 1855 suam
821 1764 999 1850 lbrmam:
1020 1780 1057 1848 et
1077 1772 1172 1847 bene
1196 1770 1302 1866 dicit3
1320 1792 1406 1845 narn
1423 1771 1672 1846 communiter
1688 1792 1761 1845 non
1779 1771 1859 1845 tluit

688 1899 836 1995 sanguis
862 1896 919 1970 bio
944 1916 966 1969 a
992 1892 1149 1967 muliere
1173 1900 1256 1987 post
1279 1891 1639 1988 impraegnationem
1666 1892 1766 1967 unde
1791 1894 1858 1967 ba-

686 2020 774 2095 bent
799 2015 896 2091 istud
920 2034 1120 2088 commune
1145 2012 1292 2109 signum
1324 2011 1589 2106 conceptionis:
1616 2019 1655 2087 et
1679 2033 1753 2086 non
1779 2011 1857 2086 vult

687 2139 786 2214 alind
815 2136 937 2212 dicere
966 2134 1034 2209 nisi
1068 2132 1167 2228 quod
1197 2137 1399 2228 generatur
1430 2130 1554 2205 anima
1584 2126 1788 2227 vegetatira
1818 2130 1855 2205 in

686 2262 779 2335 loetu
806 2256 924 2352 qualis
949 2254 1065 2329 estin
1091 2252 1296 2327 arboribus.
1310 2290 1359 2305 -
1372 2254 1511 2325 Animo.
1533 2252 1599 2326 llio
1624 2250 1759 2326 Statius
1775 2258 1858 2325 tan-

687 2382 740 2479 git
764 2376 1038 2477 generationem
1064 2372 1198 2449 animae
1223 2371 1404 2447 sensitivae
1433 2372 1470 2445 in
1504 2371 1607 2467 toeto,
1632 2378 1713 2467 post
1742 2392 1857 2467 gene·

686 2500 867 2577 rationem
893 2496 1025 2571 animae
1049 2492 1286 2591 vegemtivae,'
1304 2512 1465 2587 quarum
1496 2496 1658 2585 utraque
1685 2490 1856 2565 educitur

685 2624 733 2699 de
757 2620 916 2717 potentia
941 2614 1117 2709 materiae,
1135 2620 1173 2687 et
1197 2634 1272 2688 non
1296 2613 1406 2687 datur
1427 2612 1475 2685 ab
1492 2618 1610 2705 extra,
1630 2610 1724 2686 sicut
1737 2604 1775 2703 (¹)
1794 2630 1855 2684 ra·-

686 2740 827 2819 tionalis
861 2738 907 2811 de
943 2757 1016 2831 qua
1046 2733 1190 2809 dicetur
1221 2739 1358 2828 postea.
1389 2732 1433 2806 Et
1462 2730 1680 2807 continuone
1708 2732 1851 2826 partem

684 2860 789 2958 parti,
816 2857 918 2933 dicit:
945 2860 997 2927 Lo
1021 2857 1145 2927 virtute
1169 2855 1290 2943 aldum
1311 2872 1395 2947 quae
1420 2858 1548 2926 estex
1571 2857 1677 2946 parte
1701 2849 1853 2947 agentis,

680 2986 772 3076 sotto
797 2981 917 3051 aalma
942 2978 1027 3068 quoi
1058 2976 1178 3047 d'ono
1207 2976 1346 3065 planto,
1371 2972 1474 3068 idest
1500 2971 1619 3065 qualis
1649 2976 1703 3046 ost
1719 2970 1851 3046 'anima

683 3099 890 3197 vegetation
909 3095 1107 3170 arborurn:
1125 3092 1257 3189 plantae
1276 3092 1375 3166 enim
1401 3093 1537 3167 babent
1557 3098 1700 3187 partem
1716 3090 1849 3165 animas

682 3220 803 3317 potius
820 3237 931 3311 quam
950 3214 1124 3289 animam.
1147 3212 1250 3288 Unde
1266 3232 1397 3287 aarum
1415 3211 1538 3287 anima
1555 3218 1612 3287 est
1627 3212 1850 3306 imperfecta,

683 3341 769 3437 quia
795 3336 963 3413 educitur
988 3335 1035 3410 de
1066 3333 1221 3407 materia
1252 3354 1320 3428 per
1348 3333 1523 3408 virtutem
1551 3333 1796 3427 formantem3'
1814 3338 1852 3406 et

683 3467 737 3536 ast
763 3456 1010 3554 vegetativum
1037 3453 1074 3526 in
1099 3452 1282 3547 sensitiro,
1301 3452 1394 3528 sicut
1411 3452 1572 3548 potentia
1597 3452 1634 3525 in
1658 3473 1727 3527 suo
1746 3450 1848 3546 actu3

682 3585 718 3655 et
744 3576 914 3653 sensitiva
935 3574 972 3648 in
988 3573 1137 3647 bomine
1153 3571 1350 3647 coniuncta·
1367 3572 1508 3668 rationi,
1526 3578 1582 3647 est
1598 3574 1716 3646 multo
1734 3571 1851 3647 maio-

682 3698 731 3774 ris
757 3694 901 3772 virtutis
925 3714 1037 3789 quam
1068 3692 1106 3765 in
1138 3692 1217 3767 aliis
1245 3692 1472 3767 animalibus.
1504 3692 1732 3768 intellectum
1757 3712 1848 3766 vero

679 3819 812 3893 animae
838 3814 1022 3891 rationalis
1037 3812 1160 3887 educit
1176 3812 1382 3888 intellectus
1399 3812 1539 3908 primus
1555 3804 1593 3905 (¹)
1610 3813 1657 3888 de
1676 3813 1759 3887 luce
1780 3832 1847 3886 sua

679 3947 717 4014 et
741 3958 815 4011 non
839 3934 885 4010 de
910 3933 1034 4029 aliquo
1061 3933 1306 4007 materialium
1332 3933 1606 4029 principiorum.
1638 3933 1723 4009 ldeo
1751 3933 1847 4007 bene

677 4058 782 4133 dicit:
808 4058 845 4129 in
871 4062 967 4128 tuoto
992 4042 1190 4146 differente,'
1208 4052 1255 4127 ab
1285 4053 1409 4128 anima
1441 4054 1584 4148 planta,
1620 4055 1680 4126 cto
1713 4050 1843 4145 quum,

678 4178 823 4271 scilicet,
849 4175 972 4251 anima
998 4195 1081 4268 quae
1095 4178 1161 4248 est
1186 4173 1223 4246 in
1249 4173 1352 4267 loetu,
1378 4170 1458 4247 din
1478 4172 1728 4267 occidatis
1753 4170 1846 4265 lieri,

677 4297 764 4394 quia
788 4295 951 4370 nondum
978 4294 1090 4368 habet
1114 4292 1374 4389 perfectionem
1410 4313 1528 4387 suam,
1554 4315 1574 4365 e
1598 4296 1724 4384 curib,
1750 4291 1846 4367 scili-

676 4423 744 4511 cet,
771 4416 989 4513 vegetativa,
1015 4403 1119 4505 <inid
1146 4434 1171 4485 o
1202 4415 1296 4505 ηὐθ,
1320 4412 1423 4507 idest,
1449 4418 1505 4487 est
1528 4411 1607 4508 iam
1637 4412 1742 4507 iacta,
1778 4430 1844 4485 nec

675 4542 843 4632 expectat
872 4534 980 4609 aliam
1013 4532 1295 4629 perlectionem
1327 4540 1423 4605 tauto
1453 4552 1544 4605 ooro
1570 4534 1646 4625 poi,
1675 4532 1712 4605 in
1742 4530 1840 4605 illam

675 4656 882 4749 materiam,
899 4658 958 4728 cire
974 4644 1035 4745 φά
1059 4656 1091 4725 si
1115 4674 1237 4726 maone
1261 4673 1280 4724 e
1302 4660 1407 4744 seua,
1425 4652 1528 4749 idest,
1546 4652 1644 4747 quod
1661 4652 1701 4725 lit
1720 4651 1842 4727 anima

674 4776 855 4870 sensitiva,
882 4774 998 4869 qualis
1023 4778 1078 4848 est
1102 4772 1140 4846 in
1164 4772 1293 4846 brutis.
1325 4772 1430 4861 Quod
1462 4773 1624 4847 declarat
1649 4792 1715 4868 per
1739 4792 1843 4846 com-

735 5035 763 5099 υ)
780 5039 833 5095 ill,
850 5034 918 5084 siout
933 5034 999 5085 ratio
1015 5032 1149 5085 naturalis.
1337 5031 1366 5095 ζ’)
1381 5034 1413 5085 ll.
1429 5036 1551 5097 primm
