4342 6692
768 919 909 974 caurus
933 919 1078 974 varrus
1442 902 1515 974 tat

339 1063 588 1142 deutissimam
615 1063 820 1158 utilitatem,
847 1064 981 1140 scilicet
1009 1063 1301 1139 meliorationem
1322 1063 1379 1137 sui
1400 1069 1517 1138 status

339 1192 377 1262 et
402 1183 660 1260 exaltationem
686 1185 854 1278 honoris3
875 1185 922 1259 ita
949 1185 1048 1278 quod
1075 1185 1170 1260 bene
1197 1183 1351 1259 reddidit
1375 1184 1518 1259 duode-

339 1305 410 1380 cim
437 1326 503 1400 pro
528 1305 668 1379 decem.
695 1305 738 1378 Et
764 1305 801 1378 in
827 1305 898 1379 fine
924 1305 1151 1381 lastinianus
1187 1305 1301 1402 tangit
1327 1325 1515 1381 recessum

338 1425 478 1520 Romei,
495 1423 618 1500 dicens
636 1415 673 1497 in
692 1419 1052 1501 commendationem
1070 1427 1170 1502 eius:
1201 1433 1239 1501 et
1264 1424 1324 1499 iiie
1340 1423 1517 1521 Romens,

335 1548 481 1640 portast
506 1548 593 1636 indi,
629 1541 811 1620 sciliceta
837 1545 983 1641 comite,
1010 1547 1079 1620 hoc
1111 1547 1219 1640 iacto,
1254 1568 1388 1640 potero
1413 1569 1432 1620 e
1458 1569 1517 1620 oe-

340 1675 441 1757 tusto,
468 1665 569 1759 idest,
597 1685 708 1739 senen
735 1669 772 1740 et
796 1685 947 1761 pauper,
975 1667 1060 1760 quia
1088 1667 1175 1739 nihii
1195 1666 1440 1760 acquisiverat
1468 1685 1516 1740 ex

341 1786 449 1862 tantis
480 1785 679 1880 laboribus,
715 1783 782 1860 nisi
820 1786 991 1860 invidiam
1027 1792 1064 1862 et
1096 1785 1265 1884 gloriam,
1295 1787 1389 1860 sicut
1421 1786 1516 1861 bene

340 1907 430 1981 dinit
463 1905 581 2000 Scipio
613 1905 804 1980 Africanus
828 1906 865 1978 in
890 1906 996 1980 simiti
1027 1927 1114 1981 casu
1140 1925 1227 1980 cum
1255 1913 1441 2000 peteretur
1466 1906 1514 1979 ab

340 2045 386 2102 eo
413 2027 505 2100 ratio
530 2043 788 2122 expensarum.
809 2025 912 2101 Unde
937 2026 1038 2100 dicit:
1060 2050 1079 2100 c
1098 2030 1173 2099 sc't
1191 2029 1319 2099 nonan
1335 2029 1517 2118 reposcit

340 2167 427 2220 rator
451 2147 503 2220 cit'
516 2147 585 2237 coti
609 2147 701 2236 obde,
719 2139 822 2241 idest,
841 2163 953 2241 quam
980 2153 1150 2220 constans
1175 2150 1212 2220 et
1237 2145 1377 2240 patiens
1403 2145 1517 2220 tuerit

339 2268 377 2341 in
403 2271 503 2341 tanta
529 2267 742 2364 indignitate
768 2266 935 2362 iortunae,
958 2269 1188 2340 mendicando
1209 2285 1277 2338 rae
1302 2269 1386 2355 otto,
1412 2265 1515 2358 idest,

338 2387 507 2462 ducendo
533 2409 640 2461 suam
672 2388 783 2461 vitam
818 2408 883 2482 per
914 2386 1117 2462 mendicata
1149 2386 1324 2482 sutfragia
1358 2405 1517 2480 pauper-

340 2505 434 2602 cate,
460 2529 485 2580 o
505 2509 622 2602 frusto
647 2529 671 2581 o
692 2510 820 2603 frusto,
839 2508 940 2602 idest,
964 2527 1061 2582 nunc
1088 2527 1175 2581 cum
1202 2507 1283 2600 isto,
1309 2526 1407 2580 nunc
1427 2525 1516 2579 cum

92 2643 101 2652 ·
233 2663 236 2670 ·
341 2625 413 2722 iilo,
441 2648 487 2702 ne
511 2628 572 2701 diu
600 2628 754 2704 serviret
779 2629 884 2702 atteri
917 2627 1066 2702 domino
1092 2627 1248 2722 ingrato,
1274 2629 1384 2714 ossei,
1409 2625 1513 2716 idest,

342 2746 458 2840 multi,
490 2750 525 2820 to
556 2751 653 2838 todo,
685 2769 707 2822 a
738 2747 934 2822 virtutibus
968 2747 1178 2839 manifestis,
1213 2741 1384 2837 spirito
1417 2746 1516 2818 tode-

340 2867 454 2959 rcddc,
480 2867 509 2940 si
535 2867 669 2941 scirent
695 2889 779 2961 quae
805 2867 973 2962 ignorant
998 2867 1045 2940 de
1070 2886 1126 2939 eo.
1154 2866 1198 2939 Et
1224 2865 1275 2939 sic
1300 2870 1397 2958 nota,
1415 2863 1515 2957 quod

342 2981 427 3060 nihil
454 2985 585 3060 scitum
612 2985 677 3058 tuit
702 2985 749 3060 de
774 2986 913 3060 Romeo
935 2993 973 3060 et
993 2986 1073 3060 eius
1093 2985 1167 3059 vita
1185 2985 1244 3060 vet
1262 2985 1334 3059 tine
1355 2991 1435 3081 post
1454 3005 1515 3059 re·

342 3123 486 3179 cessum
513 3104 612 3198 eius;
639 3105 700 3180 sed
726 3127 748 3180 a
776 3105 899 3178 multis
916 3105 1076 3180 creditus
1097 3112 1152 3180 est
1177 3106 1233 3180 vir
1254 3106 1514 3199 sanctissimus,

342 3224 405 3319 qui
431 3225 508 3298 sine
532 3223 642 3299 dubio
668 3232 748 3300 erat
773 3225 1056 3320 sapientissimus
1079 3233 1117 3301 et
1135 3225 1439 3300 virtuosissimos:
1459 3232 1516 3298 ta·

343 3363 427 3419 men
453 3342 608 3440 videtur,
634 3346 733 3441 quod
767 3354 877 3420 autor
906 3345 1001 3420 bene
1033 3347 1177 3421 noverit
1208 3345 1396 3421 residuum
1432 3345 1517 3418 vitre

342 3462 445 3540 istius
480 3467 652 3562 hominis,
686 3467 749 3542 sed
783 3463 928 3560 reliquit
962 3467 1065 3542 nohis
1098 3466 1404 3564 investigandum.
1436 3465 1514 3540 Deo
1596 3489 1600 3498 ·

342 3587 489 3684 gratias.
1271 3615 1277 3626 ·
