4342 6692
677 896 748 963 1oo
1038 904 1245 962 comm
1268 902 1489 960 huboldum

674 1072 757 1129 esse
780 1050 869 1127 illud
893 1050 994 1145 quod
1013 1051 1147 1127 iestire
1159 1050 1249 1125 diluit
1267 1048 1419 1145 quidum
1434 1047 1472 1121 iu
1488 1046 1845 1123 commendationem

674 1174 772 1248 eius:
789 1172 935 1247 dicebat
949 1170 1049 1246 enim
1062 1170 1163 1265 quod
1178 1170 1326 1264 quaudo
1342 1170 1480 1243 uentos
1494 1166 1614 1263 primo
1630 1168 1787 1263 parabat
1805 1188 1846 1245 se

674 1294 722 1370 ad
743 1291 975 1367 condendum
993 1298 1077 1367 tam·
1089 1290 1210 1366 nobile
1228 1311 1373 1388 poema,
1387 1308 1517 1363 omues
1539 1288 1701 1385 rhythmi
1721 1290 1847 1365 muudi

674 1419 933 1511 presentarunt
948 1433 990 1488 se
1000 1412 1214 1509 eonspeotui
1227 1412 1307 1486 eius
1325 1417 1519 1505 tamquam
1536 1410 1769 1506 pulcerrime
1780 1410 1848 1485 do·

675 1533 830 1609 mioellae
853 1533 1064 1629 suppliciter
1087 1538 1260 1630 rogantes
1287 1530 1453 1628 singulm,
1478 1536 1522 1604 ut
1541 1529 1757 1627 dignaretur
1780 1532 1847 1607 ad»

674 1653 822 1728 mittere
846 1652 925 1728 illas
948 1652 1104 1727 libenter
1121 1652 1158 1726 iu
1175 1670 1288 1748 opere
1312 1658 1424 1727 iunio.
1442 1652 1493 1726 Ab
1506 1650 1566 1725 ilie
1582 1651 1693 1747 ooepit
1712 1672 1847 1727 vocare

674 1794 775 1849 nuuc
799 1774 917 1868 istam,
943 1793 1042 1848 nuuc
1065 1772 1178 1867 illam,
1199 1778 1238 1848 et
1262 1792 1568 1867 unamquemque
1587 1771 1625 1846 in
1642 1772 1770 1848 ordine
1787 1792 1845 1848 se

674 1893 838 1969 eundum
855 1892 1077 1990 exigentiam
1097 1893 1269 1969 materie·
1281 1894 1483 1987 collocare3
1501 1890 1662 1986 taudem,
1688 1892 1783 1968 libro
1799 1893 1846 1967 ud

675 2013 760 2089 ielir
778 2013 1089 2109 complementum
1104 2012 1294 2108 perducto,
1308 2012 1413 2086 nullu
1423 2018 1654 2087 remanserat
1666 2004 1704 2104 (¹)
1722 2018 1845 2087 ertrn:

675 2134 745 2207 sub
770 2135 839 2207 hoc
863 2132 993 2207 curiali
1009 2132 1106 2207 dictu
1123 2132 1252 2207 voleus
1268 2130 1474 2225 ostendere,
1492 2131 1595 2226 quod·
1611 2130 1758 2207 ridetur
1778 2130 1848 2205 imr-

674 2254 844 2350 possibile
857 2260 1083 2347 extorquere
1092 2244 1129 2346 (²)
1141 2254 1355 2349 rhythmum
1369 2251 1538 2327 Danti.-·-·
1548 2258 1608 2325 lle
1622 2244 1727 2325 liuno
1742 2260 1847 2347 poeta

674 2372 870 2449 oouflrmat
893 2373 1030 2449 dietum
1057 2395 1168 2448 suum
1187 2374 1364 2450 extollens
1382 2372 1636 2449 excellentiam
1662 2372 1766 2447 istius
1781 2373 1847 2449 de·

674 2494 797 2588 miuae,
827 2515 940 2588 quam
970 2493 1145 2569 assimilat
1174 2490 1266 2570 Dee·
1291 2493 1437 2569 habenti
1464 2492 1605 2567 multas·
1631 2499 1673 2568 et
1694 2512 1847 2590 maguus

676 2615 830 2689 virtutes
855 2614 892 2689 iu
918 2635 1031 2710 opere
1054 2636 1135 2689 suo.
1154 2615 1198 2688 lit
1213 2614 1259 2689 ad
1277 2613 1551 2710 intelligentium
1568 2610 1672 2687 istius
1697 2632 1847 2709 eompa-

677 2735 828 2810 rutioois
853 2734 955 2810 iortis
979 2742 1035 2810 est
1059 2735 1180 2830 primo
1201 2735 1400 2828 selendum,
1418 2733 1517 2828 quod
1534 2734 1655 2829 ceres,
1675 2742 1717 2807 ut
1733 2734 1844 2829 aliqui

675 2855 912 2951 scripserunt,
938 2856 1006 2930 luit
1030 2856 1276 2931 vetustissima
1293 2854 1494 2931 sioulorum
1513 2854 1652 2951 regine,
1674 2876 1759 2950 quae
1776 2855 1846 2929 mi·

675 2974 781 3049 rabili
813 2974 960 3072 ingenio
989 2976 1110 3071 prima
1144 2974 1365 3072 excogitavit
1395 2974 1580 3049 eulturam
1611 2980 1722 3049 terrm
1758 2995 1845 3049 cum

674 3095 792 3170 bobus
816 3095 962 3170 domitis
987 3104 1025 3172 et
1048 3102 1191 3191 aratro;
1218 3115 1304 3191 que
1328 3094 1376 3170 ob
1401 3101 1478 3169 tam
1502 3094 1689 3191 singulare
1706 3116 1845 3170 munus

675 3216 812 3290 credita
837 3220 892 3290 est
916 3215 1145 3310 immortalis,
1177 3222 1216 3290 et
1243 3214 1373 3289 divinis
1403 3215 1605 3291 honoribus
1635 3214 1845 3293 sublimatur

675 3334 761 3409 llaec
784 3339 911 3408 autem
935 3335 1048 3411 Ceres
1061 3335 1195 3409 dieitur
1212 3334 1384 3410 babuisse
1401 3333 1547 3409 unicam
1566 3332 1676 3407 liliam
1694 3334 1847 3409 Proser·

675 3454 812 3550 pinam,
838 3474 951 3549 quam
976 3476 1000 3531 a
1025 3454 1181 3531 Plutone
1202 3462 1348 3552 ruptam
1364 3462 1485 3531 mater
1508 3454 1571 3529 diu
1596 3454 1765 3549 quesivit
1782 3474 1846 3529 eor·

675 3574 793 3649 oensis
820 3574 981 3669 lacibus3
1011 3581 1049 3651 et
1082 3581 1164 3671 post
1193 3575 1322 3672 longos
1352 3575 1498 3651 labores
1526 3575 1629 3649 illum
1660 3580 1845 3671 repertam

676 3696 910 3789 recuperavit
933 3716 1020 3770 cum
1046 3702 1153 3791 poeto
1182 3696 1281 3791 quod
1312 3716 1377 3773 sex
1408 3694 1597 3771 mensibus
1627 3703 1722 3772 esset
1747 3695 1846 3791 apud

675 3836 840 3911 superos,
866 3821 904 3892 et
927 3816 1076 3891 totidem
1103 3815 1202 3911 apud
1226 3814 1378 3891 inlares:
1407 3814 1546 3891 invenit
1574 3822 1701 3891 autem
1728 3816 1842 3912 ipsam

674 3934 713 4009 in
734 3934 853 4011 Sicilia
873 3936 980 4030 Juxta
1004 3943 1168 4011 montem
1188 3936 1346 4010 AEtuam.
1366 3938 1467 4011 Hane
1492 3956 1572 4011 rem
1590 3936 1740 4013 Ovidius
1761 3956 1846 4013 ror-

675 4055 809 4130 borum
843 4056 1017 4154 prodigus
1047 4058 1207 4132 multum
1243 4058 1316 4133 late
1349 4055 1520 4133 describit
1554 4058 1592 4131 iu
1625 4058 1774 4153 Maiori3
1809 4066 1846 4137 ot

674 4176 896 4251 Claudianus
920 4176 1082 4273 placidus
1107 4184 1214 4273 poeta
1239 4177 1286 4253 de
1310 4179 1380 4254 boo
1400 4177 1488 4252 iacit
1505 4184 1703 4253 innotatum
1723 4177 1845 4253 iusuo

675 4296 815 4392 Minori,
842 4316 953 4390 quern
986 4318 1060 4371 nou
1094 4298 1290 4393 compleuit
1303 4288 1354 4391 (³).
1386 4297 1505 4373 liuius
1534 4297 1688 4372 iiotiouis
1711 4298 1844 4394 duplex

676 4416 850 4513 allegoria
876 4414 1079 4492 iuvenitur:
1107 4438 1192 4509 una,
1219 4439 1332 4513 quam
1359 4418 1538 4493 subtiliter
1564 4418 1757 4516 investigat
1773 4420 1847 4494 idu-

646 4531 652 4581 ι’
676 4535 834 4610 orobius.
860 4536 993 4611 Scribit
1016 4538 1114 4613 euim
1141 4538 1315 4614 Cererem
1333 4558 1406 4613 nou
1428 4558 1509 4613 esse
1525 4537 1623 4612 aliud
1642 4545 1848 4633 quemme

677 4676 779 4750 ram3
804 4656 902 4732 unde
927 4657 979 4732 sio
1003 4658 1099 4734 dicta
1124 4665 1179 4734 est
1203 4658 1306 4754 quusi
1332 4678 1460 4733 meaos
1486 4680 1569 4733 res:
1599 4678 1667 4753 per
1695 4660 1848 4734 Proser-

647 4824 650 4846 ,
677 4774 800 4869 pinam
829 4796 920 4851 uero
951 4778 1071 4853 voluit·
1101 4778 1294 4876 significari
1326 4778 1465 4875 mnam,
1501 4798 1586 4873 quae
1619 4778 1753 4853 dicitur
1783 4778 1847 4874 sie,

740 5030 768 5093 (⁸)
784 5032 816 5081 lt.
832 5033 963 5085 romuli.
1089 5033 1116 5099 (¹)
1132 5038 1185 5097 lli,
1202 5048 1276 5100 poree
1292 5041 1454 5103 extorquere.
1580 5036 1608 5102 (⁸)
1624 5040 1678 5098 lli,
1696 5036 1813 5101 persenit.
