4342 6692
632 890 770 946 caurus
795 893 987 948 ucssruus
1012 891 1207 948 sncunoos.
1457 884 1501 950 41

332 1036 405 1110 vita
421 1043 559 1111 attente
576 1036 795 1110 auscultavit
811 1044 849 1112 et
866 1037 1065 1112 ruminavit
1081 1037 1176 1112 dicta
1191 1037 1327 1135 Virgilii
1340 1045 1377 1114 et
1389 1039 1502 1134 Statii,

331 1164 369 1231 et
393 1159 511 1232 multa
535 1157 657 1232 didicit
688 1165 837 1253 poetare
865 1160 913 1235 ab
944 1167 1107 1254 utroque
1135 1181 1285 1255 eorum3
1317 1162 1400 1236 ideo
1429 1183 1503 1237 nou
1577 1249 1581 1256 ,

329 1271 495 1374 ingratus
521 1278 638 1351 reddit
663 1278 715 1353 eis
739 1279 903 1354 debiturn
931 1281 1121 1354 honorem.
1136 1285 1260 1354 -Ma
1281 1288 1379 1354 cosm
1397 1280 1503 1356 Nunc

330 1405 437 1493 poeta
453 1398 623 1474 describit
640 1399 851 1496 generalem
870 1419 1016 1494 poenam
1035 1421 1110 1494 qua
1127 1398 1185 1474 bic
1205 1412 1412 1497 purgantur
1427 1424 1499 1498 gu-

330 1518 405 1592 losi.
432 1517 485 1592 lu
511 1518 616 1592 cuius
642 1539 760 1614 poenae
775 1514 811 1611 (¹)
839 1519 1114 1615 intelligentiam
1140 1527 1196 1594 est
1228 1520 1287 1594 bic
1316 1521 1502 1616 perspica-

330 1639 419 1714 citer
444 1639 672 1732 intuendum,
691 1639 790 1734 quod
811 1647 920 1714 autor
946 1647 1071 1714 noster
1096 1639 1181 1714 iacit
1201 1640 1385 1716 fictionem
1412 1662 1499 1716 cum

331 1779 463 1854 magna
492 1765 573 1834 arte
602 1759 729 1834 utilem
760 1766 797 1834 et
826 1760 1090 1834 delectabilem.
1121 1759 1240 1856 Fingit
1269 1761 1368 1834 enim
1400 1760 1499 1856 quod

330 1879 464 1974 reperit
488 1879 525 1953 in
554 1879 673 1954 medio
699 1880 768 1954 viae
793 1901 905 1954 unam
937 1881 1110 1956 arborem
1143 1881 1326 1956 excelsam
1360 1882 1501 1957 baben·
1558 1897 1564 1908 ·

329 2004 403 2074 tem
430 2021 539 2095 poma
571 2001 709 2095 pulcra,
745 2001 884 2094 suavia,
911 1993 1105 2095 odorifera,
1131 2001 1237 2075 cuius
1269 2001 1387 2076 forma
1418 2008 1500 2078 erat

328 2120 511 2194 contraria
536 2121 668 2194 nostris
693 2121 897 2195 arboribus.
913 2121 1038 2216 -Stipes
1059 2121 1158 2196 enim
1183 2121 1262 2196 eius
1288 2128 1370 2196 erat
1393 2141 1500 2217 gros-

329 2261 391 2314 sus
416 2238 574 2334 desuper
599 2240 663 2313 ubi
688 2241 780 2315 solet
797 2261 877 2315 esse
894 2261 1000 2336 aper,
1018 2247 1055 2314 et
1072 2260 1138 2336 per
1156 2260 1385 2334 consequens
1406 2240 1500 2315 rami

329 2361 530 2456 grossiores
555 2368 661 2436 erant
686 2361 855 2456 superins
883 2360 944 2434 ubi
970 2361 1086 2436 solent
1112 2381 1192 2436 esse
1217 2361 1436 2455 subtiliores,
1463 2367 1501 2436 et

330 2487 435 2554 erant
461 2480 829 2575 revoluti'deorsum,
855 2482 904 2555 ita
932 2488 973 2554 ut
1001 2493 1112 2556 nemo
1143 2481 1341 2555 ascendere
1367 2487 1509 2575 posset:

329 2603 373 2676 Et
397 2624 420 2678 a
444 2605 562 2678 latere
589 2603 719 2676 montis
738 2603 872 2677 fluebat
889 2624 985 2696 aqua
1003 2603 1104 2697 levis,
1122 2603 1275 2697 sincera,
1294 2602 1498 2697 perspicua,

329 2745 413 2818 quae
438 2724 593 2798 iaciebat
617 2723 842 2798 contrarium
870 2731 1081 2798 nostrarum
1099 2744 1302 2817 aquarum;
1323 2723 1409 2817 quia
1432 2723 1496 2796 ubi

327 2851 460 2920 nostrae
476 2865 584 2938 aquae
601 2843 772 2918 balneant
786 2852 922 2918 terram
940 2843 987 2918 ad
1004 2843 1499 2939 pedesarboris,1llaascen·

326 2965 435 3040 debat
458 2985 526 3060 per
551 2964 634 3038 lolia
660 2964 778 3058 pomi;
805 2964 922 3061 gulosi
948 2971 1073 3039 autern
1092 2970 1189 3037 stant
1213 2963 1283 3036 sub
1308 2963 1442 3037 arbore
1460 2969 1498 3038 et

327 3085 560 3180 respicientes
593 3085 767 3159 contiuuo
800 3084 961 3159 fructum
994 3083 1140 3158 dulcem
1175 3081 1425 3158 delectabilem
1460 3088 1498 3156 et

326 3225 475 3298 aquam,
501 3205 712 3279 adiciuntur
737 3223 884 3298 semper
904 3204 1002 3278 lame
1027 3207 1064 3278 et
1087 3203 1155 3276 siti.
1173 3203 1279 3276 Nunc
1298 3201 1344 3275 ad
1362 3221 1496 3296 propo-

325 3325 460 3399 situm:
480 3325 611 3400 bicest
627 3315 989 3399 convenientissimus
1002 3323 1141 3398 ¹modus
1159 3322 1340 3418 purgandi
1364 3321 1496 3396 vitium

324 3445 536 3542 gulositatis²
562 3453 604 3519 ut
629 3445 764 3518 scilicet
788 3444 940 3540 gulosus
962 3443 1087 3519 videns
1113 3449 1151 3517 et
1175 3442 1335 3517 sentiens
1360 3442 1496 3518 cibaria

325 3566 519 3660 splendida,
545 3566 697 3640 delicata
723 3573 760 3640 et
786 3565 911 3640 suavia
930 3565 1015 3639 vina
1038 3584 1111 3639 non
1134 3569 1260 3660 tangat
1276 3564 1339 3638 sed
1356 3564 1493 3638 afficiat

325 3689 450 3785 gulam
477 3693 514 3762 et
538 3694 688 3782 gustum
716 3687 813 3760 lame
833 3692 871 3759 et
887 3685 955 3778 siti,
978 3690 1016 3759 et
1032 3684 1212 3760 abstineat
1228 3705 1251 3757 a
1268 3681 1356 3758 cibis
1374 3690 1411 3757 et
1428 3704 1494 3777 po-

327 3808 422 3880 tibus
447 3806 625 3901 pretiosis
646 3813 682 3880 et
700 3812 827 3879 utatur
844 3804 975 3878 vilibus
992 3811 1029 3880 et
1045 3803 1199 3900 grossis3
1226 3802 1325 3897 quod
1345 3803 1495 3898 egregie

326 3926 507 4024 liguratur
534 3926 570 4000 in
600 3927 668 4000 bac
699 3926 843 4000 arbore.
875 3926 966 3999 Nam
997 3945 1107 4020 poma
1137 3946 1221 4018 quae
1251 3929 1338 3998 sunt
1367 3923 1495 4018 pulcra

326 4047 418 4120 visui
443 4053 480 4121 et
510 4047 629 4122 dulcia
659 4047 795 4143 gustui,
821 4045 981 4142 figurant
1011 4045 1137 4118 omnia
1166 4064 1305 4141 genera
1337 4043 1495 4118 cibario·

326 4188 409 4240 rum
425 4159 462 4259 (²)
497 4174 534 4242 et
564 4166 837 4262 appetibilium:
863 4185 960 4258 aqua
995 4164 1117 4238 suavis
1150 4171 1189 4238 et
1223 4163 1323 4237 clara
1358 4163 1494 4258 figurat

324 4307 435 4362 omne
459 4307 576 4384 genus
602 4288 840 4382 poculorum:
868 4284 965 4379 quod
991 4284 1105 4358 arbor
1134 4291 1190 4359 est
1219 4303 1349 4358 eversa
1378 4283 1427 4356 ita
1452 4290 1496 4356 ut

324 4410 448 4482 nullus
464 4407 664 4483 ascendere
681 4408 813 4500 valent,
831 4405 966 4502 figurat
981 4405 1261 4500 prohibitionem
1281 4423 1365 4497 quae
1382 4409 1496 4500 auget

324 4529 676 4624 concupiscentiam
698 4528 747 4604 ita
765 4527 864 4621 quod
882 4533 1229 4620 quantumcumque
1245 4526 1357 4598 bomo
1374 4522 1496 4598 videat

325 4655 362 4724 et
387 4651 518 4724 sentiat
548 4649 614 4725 ista
650 4648 881 4722 incitamenta
915 4646 1024 4742 gulae,
1049 4645 1228 4719 abstineat
1258 4643 1306 4717 ab
1335 4643 1400 4738 eis,
1427 4663 1496 4718 nec
1590 4717 1594 4722 ,

321 4774 449 4842 currat
473 4767 580 4842 avide
604 4767 651 4842 ad
675 4788 733 4860 ea,
758 4767 851 4840 sicut
877 4765 983 4841 multi
1013 4755 1184 4856 viliter(³)
1217 4763 1364 4838 iaciunt.
1400 4763 1495 4838 Gula

384 4957 412 5096 ἓξ
428 4957 459 5084 ἓ
476 4927 609 5084 salonius
625 4957 722 5009 mirrea
738 4969 829 5020 pone.
978 4953 1005 5016 ς’)
1021 4953 1051 5003 s.
1068 4952 1187 5004 erasnm
1203 4951 1390 5016 appmunum.

477 5035 523 5085 viri
536 5035 593 5084 iter.
1094 5069 1099 5076 .
