4342 6692
699 876 770 943 220
1058 888 1264 946 conunrurr
1287 892 1508 947 runcrronu

698 1034 758 1124 tui,
783 1033 885 1127 idest,
904 1034 1020 1131 magis
1046 1054 1158 1128 quam
1178 1056 1254 1129 vos,
1272 1038 1331 1110 clu
1351 1038 1389 1110 dt
1404 1026 1441 1109 td
1453 1040 1596 1130 piaque,
1615 1038 1711 1113 ultra
1725 1040 1866 1135 rivum3

697 1160 735 1227 et
759 1174 846 1227 ecce
871 1175 1034 1251 causam,
1054 1151 1183 1248 percle*
1197 1160 1299 1249 colpa
1323 1180 1342 1231 e
1367 1159 1472 1231 docto
1495 1160 1551 1230 sio
1576 1162 1695 1233 duno
1720 1163 1867 1253 minuo,

698 1273 801 1369 idest,
831 1282 873 1348 ut
905 1276 1010 1350 dulor
1038 1282 1208 1370 aquetur
1238 1277 1367 1373 culpe,
1393 1276 1480 1371 quia
1514 1284 1615 1353 tanta
1648 1278 1757 1355 debet
1788 1300 1868 1355 esse

698 1412 818 1489 poena,
844 1402 981 1488 quauta
1006 1395 1073 1469 luit
1099 1396 1215 1491 culpa.
1230 1401 1382 1469 -Non
1409 1396 1475 1470 Hic
1499 1396 1656 1493 Beatrir,
1675 1405 1717 1472 ut
1739 1398 1868 1473 durius

697 1520 832 1609 arguat
857 1520 1013 1609 poetam,
1039 1515 1159 1609 primo
1192 1516 1275 1591 lacit
1307 1537 1479 1613 magnam
1509 1518 1864 1593 commendationem

698 1632 745 1710 de
761 1655 807 1709 eo
827 1636 1020 1711 osteudens
1036 1637 1172 1711 bonam
1190 1636 1427 1731 aptitudinem
1447 1637 1527 1712 eius
1544 1644 1580 1712 et
1597 1637 1863 1733 dispositionem

699 1774 771 1829 non
796 1757 914 1829 solum
940 1778 963 1831 a
988 1758 1094 1851 coelo,
1122 1756 1184 1831 sed
1210 1757 1321 1832 etiam
1338 1778 1361 1833 a
1378 1758 1464 1833 lieo.
1482 1757 1617 1833 Ordina
1634 1759 1685 1834 sic
1701 1759 1865 1835 literam:

698 1873 783 1949 dicit
807 1876 953 1951 Beatrirr
980 1874 1203 1970 respondens
1228 1878 1366 1973 angelis
1390 1877 1428 1951 in
1453 1878 1704 1953 contusionem
1728 1886 1864 1975 poetae:

703 1999 829 2087 Quali,
846 1997 991 2091 scilicet,
1009 1999 1211 2091 {tentasse
1233 2000 1285 2071 tal
1307 2001 1400 2071 nella
1422 2020 1490 2071 suu
1515 2000 1586 2071 vitu
1609 2020 1740 2091 emon,
1762 1999 1864 2093 idest,

699 2116 734 2189 iu
760 2118 938 2211 puerilia:
968 2118 1081 2211 aliqui
1118 2125 1243 2193 tamen
1281 2118 1407 2193 dicunt
1444 2119 1481 2193 in
1519 2140 1587 2193 suo
1625 2126 1781 2195 tractatu
1820 2120 1866 2195 de

698 2235 771 2310 vita
798 2257 903 2331 nova,
929 2258 1041 2331 quem
1068 2238 1151 2314 lecit
1182 2238 1217 2311 in
1237 2238 1451 2334 juventute3
1477 2239 1540 2313 sed
1566 2246 1666 2314 certe
1691 2239 1786 2313 istud
1812 2246 1867 2313 est

700 2355 894 2431 ridiculum
933 2358 1070 2453 dicere,
1109 2358 1196 2452 quia
1238 2366 1349 2433 autor
1390 2358 1630 2433 erubescebat
1663 2359 1709 2435 de
1746 2380 1792 2435 eo
1830 2360 1867 2433 in

699 2482 843 2552 matura
869 2484 988 2572 aetate,
1014 2482 1267 2571 udmutmente,
1292 2478 1394 2573 idest,
1419 2478 1703 2574 aptitudinaliter
1732 2486 1769 2555 et
1800 2501 1867 2577 po-

698 2598 904 2693 tentialiter,
930 2601 982 2672 cl'
993 2602 1079 2690 opat
1102 2600 1194 2673 abito
1211 2603 1341 2691 destro,
1359 2599 1461 2693 idest,
1479 2599 1627 2675 scientia
1646 2602 1704 2675 vel
1730 2601 1865 2695 virtus3

608 2731 612 2739 ‘
699 2739 784 2793 nam
802 2718 952 2793 scientia
965 2726 1021 2793 est
1033 2719 1178 2794 habitus
1191 2718 1432 2795 conclusionis
1445 2720 1714 2815 demonstratae,
1726 2726 1767 2795 ut
1779 2719 1866 2796 dicit

566 2854 569 2860 ’
697 2840 930 2934 philosophus
959 2839 1079 2935 primo
1115 2838 1381 2934 posteriorum3
1416 2846 1453 2913 et
1485 2839 1602 2914 virtus
1632 2845 1688 2915 est
1719 2840 1864 2915 habitus

697 2959 882 3053 electivus,
909 2966 951 3032 ut
974 2959 1059 3033 dicit
1084 2959 1203 3055 primo
1225 2958 1443 3053 ethicorum,
1473 2959 1619 3033 amende
1641 2964 1729 3054 sotto
1754 2963 1792 3031 in
1816 2961 1865 3033 lui

696 3080 839 3154 meatu
850 3100 978 3172 provo,
999 3080 1085 3174 quia
1103 3080 1287 3153 habuisset
1303 3080 1441 3155 bonum
1460 3079 1645 3175 ellectum,
1663 3080 1692 3155 si
1709 3079 1865 3155 dedisset

695 3222 736 3277 se
765 3202 833 3294 illi;
863 3222 935 3274 oon
961 3222 1033 3294 pur
1060 3223 1126 3293 per
1155 3222 1246 3275 ocra
1274 3204 1360 3275 delle
1388 3208 1487 3275 ruotc
1518 3222 1656 3293 empne,
1689 3200 1790 3295 idest,
1817 3220 1864 3275 ex

695 3321 967 3397 constellatione
992 3328 1029 3395 et
1045 3320 1232 3396 influentia
1250 3320 1442 3415 emiorum,
1460 3320 1523 3414 qui
1541 3326 1627 3395 sunt
1646 3340 1763 3415 sperae
1784 3339 1864 3394 ma·

697 3441 817 3534 rimae,
834 3443 893 3514 cle
909 3442 1063 3513 drizzan
1078 3443 1219 3513 ciascun
1234 3462 1326 3515 seme
1342 3443 1392 3515 dd
1410 3444 1514 3514 adun
1527 3444 1611 3533 fine,
1632 3439 1733 3535 idest,
1754 3458 1865 3513 omne

697 3560 796 3655 quod
820 3560 1034 3655 producitur
1057 3560 1105 3634 ad
1134 3560 1273 3635 bonum
1306 3560 1428 3654 finem,
1455 3560 1550 3634 sicut
1581 3560 1713 3634 dicitur
1745 3558 1864 3655 primo

696 3680 868 3773 Paradisi‚
887 3683 1037 3754 secondo
1057 3683 1117 3754 ote
1135 3684 1165 3754 le
1179 3684 1272 3755 stelle
1287 3704 1353 3755 son
1370 3702 1573 3774 compunta,
1591 3681 1693 3775 idest,
1711 3679 1866 3754 coniun-

697 3807 776 3895 ctae,
790 3800 860 3874 lroc
877 3806 943 3895 est,
957 3800 1160 3875 secundum
1175 3800 1468 3876 coniunctionem
1487 3802 1731 3896 planetarum,
1745 3806 1781 3875 et
1800 3798 1864 3873 tri·

697 3919 892 4015 plicitatem
918 3942 1062 4014 eorum,
1089 3922 1176 4016 quia
1201 3922 1309 3996 aliam
1343 3922 1592 4017 operationem
1624 3920 1707 3996 lacit
1736 3920 1863 3995 Satur-

697 4063 767 4117 nus
792 4042 1009 4117 coniuuctus
1033 4063 1120 4117 cum
1146 4043 1247 4137 Jove,
1273 4042 1383 4117 aliam
1413 4062 1499 4117 cum
1531 4044 1656 4135 llarte,
1682 4048 1719 4116 et
1744 4040 1794 4115 ita
1818 4040 1865 4115 de

695 4164 794 4257 aliis;
819 4169 857 4238 et
881 4163 992 4237 etiam
1018 4162 1114 4237 idem
1140 4164 1284 4258 planeta
1310 4163 1395 4237 iacit
1419 4164 1527 4238 aliam
1546 4160 1864 4257 operationem‚.in

696 4307 766 4361 suo
789 4283 982 4378 domicilio,
1009 4284 1119 4359 aliam
1145 4284 1182 4357 in
1208 4284 1312 4381 siguo
1336 4305 1409 4359 nou
1425 4304 1504 4359 suo.
1524 4284 1567 4357 Et
1584 4283 1683 4377 quod
1699 4284 1781 4377 plus
1797 4288 1864 4376 esi,

696 4426 756 4479 ma
777 4427 843 4497 per
868 4407 1061 4496 tarpiezzo
1085 4406 1124 4478 dt
1147 4408 1272 4497 pruzia
1295 4407 1422 4500 divina
1441 4406 1500 4479 clla
1525 4408 1643 4479 laneo
1667 4396 1698 4477 si
1722 4406 1785 4477 alti
1801 4424 1865 4477 vu·

693 4530 788 4619 pori,
816 4525 919 4620 idest,
945 4526 1155 4620 profundos,
1181 4547 1206 4598 o
1240 4527 1297 4599 lor
1322 4528 1442 4619 picco,
1470 4526 1573 4619 idest,
1603 4524 1779 4620 pluviam,
1803 4526 1864 4597 cle

696 4652 814 4719 nosue
833 4649 928 4739 cete,
948 4646 1050 4741 idest,
1072 4644 1337 4741 speculationes
1353 4644 1627 4739 intellectuales,
1652 4636 1777 4717 deon
1793 4664 1864 4718 con

697 4769 818 4859 υἰσίηε,
847 4766 948 4859 idest,
971 4786 1045 4841 non
1070 4767 1254 4863 attingunt
1278 4764 1324 4841 ad
1349 4762 1632 4861 profunditatem
1656 4763 1864 4839 divinarum

697 4887 912 4984 gratiarum.
931 4886 974 4960 ln
999 4888 1181 4963 concludit
1202 4908 1249 4963 ex
1266 4888 1336 4963 hoc
1353 4887 1452 4980 quud
1472 4886 1590 4983 gratia
1610 4884 1717 4961 cessit
1733 4883 1798 4958 sibi
1817 4883 1864 4959 ad

697 5006 874 5081 damnum
901 5006 987 5100 quia
1011 5007 1151 5083 abusus
1167 5014 1233 5102 est,
1251 5027 1318 5103 per
1333 5028 1448 5082 unam
1465 5004 1777 5102 comparationem
1796 5024 1863 5079 no-
