4342 6692
657 909 727 977 48⁰
1048 921 1254 978 commun
1277 921 1446 975 emaum

654 1066 747 1142 vatis
779 1066 980 1158 amoribus,
1015 1065 1126 1162 coepit
1163 1065 1309 1162 publice
1347 1066 1470 1141 iacere
1503 1073 1701 1161 questum,
1736 1068 1832 1143 sient

655 1192 782 1283 postea
807 1186 890 1262 lecit
915 1185 1105 1261 Messalina
1131 1185 1344 1281 imperatrix
1370 1204 1538 1280 romana,
1563 1185 1611 1261 de
1639 1207 1715 1281 qua
1745 1188 1832 1262 dicit

656 1305 860 1382 luvenalis:
886 1314 919 1381 et
942 1309 1074 1380 lassato
1101 1309 1259 1398 momnis
1281 1307 1439 1382 umidum
1463 1309 1593 1380 sudata
1617 1310 1767 1382 recessit.
1789 1309 1833 1382 nt

655 1429 780 1504 Venus
812 1427 1002 1523 lupanaria
1037 1426 1156 1522 prima
1186 1426 1344 1522 invenit3
1360 1405 1462 1523 'quae
1492 1427 1618 1503 omnia
1647 1428 1833 1503 credibilia

656 1548 742 1624 lacit
767 1547 883 1643 turpis
907 1546 1138 1622 consuetudo
1163 1547 1387 1643 cypriorum,
1413 1547 1477 1642 qui
1504 1555 1584 1643 post
1615 1550 1732 1623 multa
1763 1567 1833 1622 sae-

656 1669 741 1745 eula
767 1668 960 1744 mittebant
986 1667 1145 1765 virgines
1169 1689 1256 1743 suas
1280 1668 1327 1743 ad
1352 1668 1458 1744 litora
1485 1670 1597 1744 maris
1622 1675 1665 1744 nt
1685 1670 1832 1744 solven-

656 1797 712 1865 tes
736 1789 915 1885 primitias
940 1789 1115 1865 castitatis
1130 1787 1264 1865 Veneri
1288 1789 1525 1884 acquirerent
1540 1790 1644 1866 dotes
1668 1811 1714 1865 er
1739 1811 1831 1865 con·

656 1909 784 1985 cubitu
809 1911 1104 2008 peregrinorum,
1123 1916 1166 1984 ut
1181 1910 1267 1985 dicit
1283 1910 1457 1985 lustinus.
1474 1911 1568 1987 Dicit
1583 1912 1693 1986 etiam
1711 1912 1830 1987 simile

654 2031 851 2126 aliquando
876 2031 1048 2106 accidisse
1072 2030 1111 2106 iu
1135 2031 1236 2107 ltalia
1261 2031 1360 2128 apud
1384 2033 1520 2106 Locros
1549 2032 1734 2108 civitatem
1760 2033 1831 2108 Ca·

654 2151 790 2226 labriae.
817 2152 872 2227 dd
898 2153 1042 2228 literam
1069 2173 1161 2249 ergo
1190 2151 1275 2227 dicit
1300 2159 1419 2248 poeta,
1446 2153 1510 2246 qui
1535 2152 1598 2227 diu
1630 2152 1699 2226 init
1724 2151 1832 2226 nimis

653 2280 868 2347 amoratus:
895 2279 945 2346 Lo
963 2277 1105 2365 mondo,
1126 2273 1219 2348 idest
1235 2273 1402 2348 homines
1424 2261 1601 2347 mundani
1617 2273 1716 2368 olim,
1733 2275 1832 2347 solea

654 2397 796 2468 medere
820 2397 856 2468 ia
880 2415 945 2468 sco
959 2398 1107 2489 periclo,
1129 2415 1195 2490 pro
1212 2393 1389 2490 periculo,
1407 2393 1552 2488 scilicet,
1571 2393 1607 2467 in
1628 2392 1827 2489 perniciem

656 2514 879 2610 animarum,
906 2516 966 2587 cte
991 2518 1026 2588 ta
1051 2515 1140 2588 bella
1167 2516 1348 2606 θὲρνὶρηα,
1366 2514 1459 2588 idest
1476 2514 1610 2609 Venus,
1632 2514 1693 2589 cui
1716 2513 1828 2587 Glau-

653 2634 785 2709 dianus
817 2635 853 2708 in
885 2633 1014 2710 maiori
1044 2633 1215 2709 describit
1239 2632 1505 2730 pulcerrimum
1539 2634 1832 2729 viridarium3il

652 2760 737 2849 folle
765 2775 900 2851 amore,
929 2755 1024 2830 bene
1053 2755 1162 2850 dicit3
1189 2775 1276 2829 nam
1301 2754 1437 2850 duplex
1463 2760 1519 2828 est
1549 2775 1667 2848 amor,
1693 2753 1828 2828 scilicet

655 2896 763 2950 amor
788 2875 968 2969 amicitiae,
995 2875 1058 2971 qui
1084 2880 1140 2950 est
1163 2893 1271 2949 amor
1287 2873 1432 2948 virtutis
1452 2881 1601 2969 propter
1617 2874 1826 2968 honestum,

654 3002 691 3072 et
708 3015 815 3070 amor
832 2996 1135 3091 concupiscentiae
1159 2995 1327 3090 lascivus,
1345 2995 1409 3090 qui
1428 3001 1483 3070 est
1499 3002 1649 3089 propter
1668 2994 1829 3070 delecta·

652 3115 742 3211 bile3
769 3121 806 3190 et
831 3114 877 3192 de
901 3115 964 3190 tali
989 3115 1154 3211 loquitur
1178 3121 1289 3191 autor
1314 3115 1383 3208 bic,
1409 3114 1498 3209 quia
1522 3121 1577 3190 est
1602 3115 1828 3211 perniciosus

653 3241 762 3311 autor
783 3237 987 3310 multorum
1013 3243 1050 3311 et
1077 3255 1299 3332 magnorum
1313 3229 1349 3327 (⁴)
1369 3236 1570 3330 malorum3
1587 3234 1635 3310 de
1652 3256 1727 3331 quo
1744 3235 1827 3308 Vir·

651 3355 760 3453 gilius
785 3362 892 3452 poeta
918 3355 1112 3432 amoros'ns
1137 3355 1238 3450 dicit;
1263 3354 1364 3450 quod
1388 3355 1547 3430 erudelis
1572 3376 1680 3430 amor
1703 3354 1827 3430 docuit
1886 3453 1893 3464 Ι

653 3481 811 3550 matrem
840 3479 1027 3552 maculare
1052 3498 1186 3552 manus
1211 3476 1391 3573 sanguine
1417 3475 1598 3570 liliorum3
1627 3481 1823 3571 reppulisse,

652 3596 755 3690 idest,
785 3596 965 3692 inllueret,
999 3601 1093 3672 volta
1123 3601 1182 3672 uel
1212 3604 1311 3671 terzo
1341 3601 1495 3691 epistota,
1526 3598 1628 3692 idest,
1654 3598 1690 3672 in
1715 3597 1825 3672 tertio

652 3716 747 3792 eoelo
772 3715 850 3792 sive
875 3716 989 3813 orbe;
1007 3723 1044 3794 et
1065 3717 1214 3813 ponitur
1229 3738 1314 3813 pars
1332 3724 1504 3812 prototo.
1522 3716 1710 3813 Epicyclus
1725 3715 1824 3791 enirn

652 3843 808 3911 vocatur
824 3835 872 3912 ab
889 3837 1080 3934 astrologis
1097 3837 1269 3932 circulus,
1283 3859 1396 3932 quem
1414 3839 1561 3933 planeta
1578 3836 1663 3912 iacit
1678 3836 1827 3932 quando

652 3961 708 4032 est
741 3957 989 4054 retrogradus.
1024 3958 1069 4030 Et
1103 3964 1187 4033 nota
1214 3958 1313 4052 quod
1347 3957 1470 4033 caeteri
1502 3958 1657 4053 planetae
1690 3957 1826 4032 babent

652 4098 763 4153 snum
790 4077 993 4175 epicyelum
1019 4084 1154 4174 praeter
1179 4079 1306 4173 solem,
1329 4079 1392 4174 qui
1417 4078 1501 4154 ideo
1526 4086 1628 4153 caret
1653 4077 1825 4174 epioyelo,

652 4197 740 4293 quia
765 4217 851 4272 eum
878 4202 973 4272 esset
998 4198 1238 4296 retrogradus
1262 4198 1456 4294 impediret
1478 4197 1768 4296 generationem,
1789 4203 1827 4272 et

651 4317 749 4392 male
772 4315 979 4412 disponeret
1004 4318 1109 4392 nobis
1132 4319 1221 4415 dies,
1248 4339 1393 4394 menses
1419 4325 1456 4394 et
1484 4339 1610 4393 annos.
1641 4318 1686 4392 Et
1704 4317 1827 4392 subdit

650 4437 838 4533 quomodo
864 4457 911 4512 ex
936 4437 1006 4512 boc
1031 4437 1319 4536 singularissimas
1343 4441 1619 4515 honoraverunt
1638 4459 1721 4514 eam
1747 4436 1827 4513 dei-

649 4565 763 4634 tatem
789 4558 899 4634 etiam
926 4557 963 4633 in
989 4579 1145 4654 persona
1172 4559 1301 4634 matris
1319 4566 1357 4636 et
1378 4559 1452 4654 lilii,
1469 4559 1616 4636 dicens:
1646 4555 1828 4652 pacato

648 4683 743 4773 penti
767 4682 913 4772 anum,
939 4679 1042 4776 idest,
1067 4681 1209 4776 antiqui
1233 4679 1398 4779 gentiles,
1420 4686 1457 4757 et
1484 4682 1604 4776 primo
1630 4688 1668 4756 et
1691 4679 1827 4776 princi-

652 4797 779 4896 paliter
805 4799 978 4896 cypriani,
996 4801 1059 4895 qni
1080 4801 1192 4877 etiam
1212 4801 1389 4877 bodierua
1414 4801 1474 4876 die
1498 4802 1584 4878 satis
1609 4800 1735 4876 colrrnt
1751 4799 1822 4875 Vo-

714 5060 741 5123 (¹)
757 5061 789 5111 Ε.
805 5017 942 5112 malornm
