4342 6692
686 883 757 952 430
1078 897 1283 954 counnrurr
1307 897 1473 952 rnnmrsr

683 1043 929 1140 precipitatus
949 1051 1005 1119 est
1022 1042 1110 1138 quia
1126 1040 1322 1118 videbatur
1337 1041 1514 1116 affectare
1533 1059 1710 1136 regnum:
1731 1040 1862 1118 deinde

683 1162 784 1238 Titus
808 1165 961 1242 bianlius
988 1162 1099 1260 impie
1123 1169 1302 1237 tractatus
1326 1183 1350 1236 a
1375 1168 1492 1257 patre,
1508 1160 1573 1255 qui
1599 1181 1686 1236 eum
1714 1163 1859 1238 tenebat

682 1283 719 1358 in
746 1305 834 1359 rure
859 1285 905 1360 ad
931 1305 1046 1382 opera
1074 1283 1235 1376 seruilia,
1260 1281 1429 1358 liberavit
1452 1288 1595 1377 patrem
1626 1283 1676 1357 ab
1706 1304 1858 1361 accusa·

682 1403 781 1479 tione
808 1405 955 1480 tribuni.
974 1405 1073 1481 ldem
1095 1404 1234 1502 gallum
1255 1423 1374 1477 unum
1398 1421 1573 1476 senonem
1595 1411 1857 1495 provocantem

683 1522 768 1598 vicit
793 1526 830 1600 in
855 1526 1031 1625 singulari
1057 1524 1274 1620 certamine,
1298 1545 1321 1598 a
1347 1543 1424 1618 quo
1448 1521 1570 1598 occiso
1591 1528 1766 1617 torquem
1790 1546 1858 1600 au-

683 1665 785 1720 ream
803 1640 839 1739 (¹)
858 1647 1023 1741 extorsit,
1044 1652 1081 1722 et
1102 1645 1275 1741 imposuit
1291 1644 1385 1719 codo
1405 1663 1486 1737 suo,
1507 1645 1774 1738 propterquod
1793 1667 1857 1722 oo·

682 1765 920 1862 gnominatus
945 1773 1000 1843 cst
1024 1767 1245 1861 Torquatus,
1271 1771 1309 1840 et
1332 1783 1463 1839 omnes
1492 1762 1540 1838 de
1572 1763 1684 1858 stirpe
1708 1787 1786 1840 sua.
1811 1766 1857 1841 iit

681 1887 779 1962 idem
806 1890 868 1983 qui
890 1888 1011 1964 iuerat
1027 1887 1110 1984 pius
1127 1907 1218 1983 erga
1235 1892 1378 1982 patrem
1399 1883 1507 1958 nimis
1527 1883 1666 1980 rigidus
1686 1885 1752 1960 luit
1767 1907 1856 1962 con-

682 2014 740 2084 tra
767 2009 900 2104 lilium3
927 2031 1012 2085 nam
1038 2009 1076 2082 in
1101 2007 1197 2083 bello
1222 2007 1335 2082 latino
1360 2007 1566 2103 periculoso
1596 2005 1709 2080 lilium
1736 2007 1856 2082 securi

680 2129 871 2224 percussit,
884 2130 946 2224 qui
967 2129 1120 2203 latinum
1139 2134 1401 2223 provocantem
1416 2126 1534 2201 victor
1553 2126 1749 2220 occiderat,
1768 2127 1853 2222 quia

682 2255 812 2324 contra
842 2248 1002 2324 edictum
1033 2248 1228 2322 consulum
1258 2253 1499 2344 pugnaverat.
1536 2245 1581 2320 Et
1613 2246 1650 2320 in
1682 2266 1729 2321 eo
1761 2247 1857 2322 bello

680 2367 777 2443 alter
802 2370 930 2444 consul
955 2369 1088 2444 Decius
1114 2389 1201 2442 mor
1226 2388 1294 2464 pro
1310 2387 1380 2440 suo
1397 2366 1562 2442 exercitu
1586 2387 1628 2442 se
1643 2367 1800 2462 devovit,
1818 2380 1857 2446 et

684 2487 830 2564 irruens
856 2489 1006 2564 inermis
1026 2509 1115 2564 cum
1132 2508 1230 2582 equo
1247 2493 1377 2562 contra
1394 2487 1517 2561 hostes
1534 2486 1676 2562 occisus
1692 2494 1758 2562 est.
1776 2489 1857 2562 Non

681 2608 820 2682 mirum
848 2629 938 2706 ergo
964 2608 994 2682 si
1021 2607 1165 2682 romani
1187 2607 1378 2682 redierunt
1394 2627 1481 2680 cum
1499 2606 1652 2682 victoria
1669 2614 1708 2682 et
1724 2608 1856 2683 trium-

681 2729 764 2825 pbo.
774 2729 829 2802 bd
841 2727 1086 2827 cognitionem
1101 2726 1236 2816 Quintii
1252 2733 1309 2804 est
1324 2727 1513 2803 sciendum
1534 2727 1644 2822 quod,
1657 2728 1753 2803 sicut
1769 2729 1857 2804 scri·

681 2849 735 2923 bit
759 2849 881 2924 Livius
907 2848 999 2924 libro
1025 2849 1082 2942 lli,
1107 2847 1276 2936 Quintius
1301 2847 1535 2922 Cincinnatus
1556 2847 1750 2945 singularis
1774 2869 1856 2944 spes

682 2969 825 3066 imperii
851 2969 973 3066 populi
1000 2969 1157 3062 romani,
1182 2988 1323 3064 pauper
1349 2969 1464 3043 lactus
1481 2988 1528 3042 er
1552 2969 1856 3045 condemnatione

682 3089 816 3164 iniusta
832 3111 944 3186 quam
964 3090 1125 3165 solverat
1141 3109 1208 3184 pro
1226 3089 1391 3165 Censone
1416 3088 1489 3164 lilio
1515 3108 1584 3163 suo
1604 3090 1746 3184 iuvene
1770 3110 1856 3186 pro-

682 3210 843 3304 bissimo,
870 3209 1058 3286 habitabat
1097 3209 1194 3284 ultra
1226 3208 1386 3283 Tiberim
1420 3230 1554 3284 vacans
1583 3210 1687 3304 operi
1721 3211 1857 3286 rustico

682 3330 830 3425 quando
857 3329 1053 3424 requisitus
1078 3336 1135 3405 est
1161 3329 1260 3424 quod
1286 3328 1404 3404 iactus
1428 3329 1583 3405 dictatur
1612 3329 1755 3406 veniret
1783 3331 1857 3405 llo·

684 3471 797 3544 mam,
815 3449 901 3543 quia
923 3449 1095 3523 Minutius
1119 3449 1247 3524 consui
1273 3469 1360 3524 cum
1378 3456 1455 3524 toto
1472 3450 1636 3525 exercitu
1663 3450 1701 3524 in
1725 3471 1855 3546 rampo

684 3576 765 3645 erat
778 3569 948 3644 obsessus
964 3569 1013 3644 ab
1025 3568 1155 3665 AEquis
1168 3569 1332 3644 hostibus
1345 3590 1603 3646 romanorum:
1618 3571 1680 3666 qui
1694 3571 1853 3665 veniens,

683 3689 779 3765 lacto
803 3697 982 3786 apparatu
1007 3710 1087 3784 suo,
1113 3689 1235 3764 statim
1261 3690 1403 3766 obsedit
1428 3692 1549 3766 bostss
1569 3693 1632 3787 qui
1659 3713 1852 3768 romanum

684 3811 891 3888 exercitum
908 3816 947 3884 et
962 3810 1152 3884 consulem
1170 3810 1389 3885 clauserant
1411 3813 1455 3885 ut
1477 3812 1640 3887 breviter
1657 3812 1764 3907 AEqui
1782 3813 1854 3886 im-

681 3931 834 4028 pugnati
859 3930 907 4004 ab
933 3950 1006 4004 una
1037 3936 1142 4024 parte
1166 3951 1188 4004 a
1214 3930 1404 4026 dictatore,
1435 3932 1484 4006 ab
1515 3931 1629 4008 altera
1657 3954 1678 4007 a
1704 3935 1856 4010 consule

682 4050 901 4128 dediderunt
912 4070 963 4144 se,
977 4071 1071 4144 quos
1088 4050 1125 4124 in
1142 4051 1289 4148 signum
1307 4051 1493 4126 servitutis
1510 4053 1580 4128 sub
1592 4053 1728 4151 jugum
1746 4055 1854 4149 misit,

682 4177 719 4247 et
754 4176 868 4245 totam
898 4168 1061 4264 praedam
1095 4171 1217 4246 solum
1250 4170 1348 4246 dedit
1382 4172 1458 4246 suis
1496 4173 1668 4250 militibus
1704 4176 1855 4252 consule

682 4298 836 4383 cassato,
854 4297 891 4364 et
916 4309 1003 4364 cum
1029 4289 1217 4386 triumpbo
1242 4292 1326 4367 laete
1351 4292 1457 4367 rediit
1481 4298 1519 4368 et
1542 4295 1708 4390 spoliavit
1733 4315 1775 4371 se
1799 4295 1854 4370 di·

682 4419 828 4488 ctatura
852 4416 955 4486 sexta
981 4408 1124 4486 decima
1148 4409 1220 4506 die,
1245 4434 1360 4508 quam
1388 4420 1515 4490 tamen
1545 4414 1583 4489 in
1613 4434 1680 4491 sex
1708 4435 1856 4492 menses

681 4537 886 4627 acceperat,
912 4529 962 4605 ita
989 4538 1029 4605 ut
1054 4530 1102 4606 ad
1125 4530 1316 4607 dimissum
1342 4554 1435 4630 opus
1462 4535 1641 4612 rusticum
1662 4536 1783 4612 redire
1802 4536 1857 4612 vi·

681 4652 844 4728 deretur.
863 4650 917 4725 Ad
934 4652 1179 4749 cognitionem
1197 4654 1395 4730 Deciorum
1415 4661 1472 4731 est
1491 4657 1640 4732 brevius
1664 4656 1853 4734 sciendum

682 4773 783 4869 quod
807 4771 1011 4848 secundum
1036 4771 1181 4848 Livium
1206 4780 1245 4850 et
1267 4775 1359 4851 alios
1384 4776 1585 4871 bistorinos,
1605 4776 1680 4852 duo
1704 4777 1855 4854 luerunt

746 5029 822 5096 (¹213.
838 5030 905 5082 anri.
