4342 6692
665 892 803 949 GANTUS
829 895 1019 950 vluusmus
1043 896 1205 951 TERTIUS.
1459 885 1504 950 57

331 1061 397 1138 per
422 1061 468 1115 ea
492 1060 577 1134 quae
589 1039 668 1135 iam
687 1039 849 1134 exposita
866 1049 952 1114 sunt
968 1061 1081 1137 supra
1099 1041 1145 1116 de
1169 1039 1324 1116 mirabili
1341 1039 1503 1138 potentia

332 1180 528 1257 pomorum
554 1165 591 1234 et
616 1147 734 1252 aquae.
762 1159 853 1235 Dicit
879 1181 988 1257 ergo:
1010 1167 1055 1234 Et
1073 1164 1130 1235 etii
1148 1182 1173 1234 a
1193 1183 1260 1253 me,
1278 1161 1416 1257 supple,
1434 1160 1505 1235 Fo-

333 1281 449 1356 nesius
473 1279 584 1354 dixit:
617 1273 715 1354 veru
739 1283 825 1354 cade
850 1281 929 1355 dcli
942 1289 1059 1355 eterno
1084 1285 1265 1375 cmmigiio,
1290 1283 1391 1377 idest,
1417 1301 1506 1376 pm-
1609 1346 1612 1350 .

333 1401 433 1478 venit
458 1421 505 1475 ex
534 1401 636 1496 justo
665 1399 804 1495 judicio
837 1401 912 1498 Dei,
949 1403 995 1477 ad
1016 1404 1245 1500 purgandam
1272 1405 1398 1501 gulam
1424 1402 1505 1498 pin-

332 1543 444 1620 guem
471 1527 508 1596 et
535 1525 696 1613 unctam,
722 1525 800 1594 neit
814 1542 909 1616 aquo
933 1544 952 1597 e
976 1527 1069 1598 netto
1086 1527 1224 1618 monta,
1249 1525 1352 1618 idest,
1369 1522 1505 1597 arbore
1595 1525 1600 1540 “

333 1640 685 1737 pontremulum
711 1643 860 1734 odtctro,
885 1664 970 1737 quae
999 1644 1180 1740 descripta
1206 1649 1261 1719 est
1285 1656 1409 1738 supra,¹
1438 1663 1505 1714 on·

332 1763 409 1836 d’io
433 1753 463 1834 si
488 1763 746 1852 m'ussottiglio,
763 1760 866 1857 idest,
885 1783 1083 1838 excacnor:
1103 1771 1140 1839 et
1157 1763 1291 1858 subdit,
1312 1762 1412 1858 quod
1430 1783 1504 1838 non

334 1880 452 1956 solum
478 1880 555 1976 ipse
571 1880 635 1955 sed
652 1881 775 1956 caeteri
793 1881 912 1957 taliter
929 1882 1147 1978 puniuntur,
1164 1883 1306 1958 dicens:
1328 1890 1414 1957 tutto
1431 1890 1504 1956 esta

332 2009 443 2096 gente,
469 2000 571 2095 idest,
597 2000 664 2075 ista
690 2000 885 2077 multitudo
912 2021 1045 2099 magna
1072 2025 1183 2098 quam
1202 2002 1321 2077 cernis
1340 2002 1398 2077 hic
1423 2021 1504 2076 me-

333 2145 418 2199 cum
446 2121 602 2197 transire
627 2121 696 2196 sub
721 2121 867 2217 arbore,
888 2124 948 2197 cte
967 2126 1172 2216 piongendo
1192 2131 1308 2217 canta,
1329 2123 1500 2198 dicendo:

332 2247 487 2318 Domine·
504 2243 599 2315 tatio
624 2261 702 2314 nica
726 2246 873 2336 aperies,
903 2248 944 2315 ut
970 2242 1108 2317 dictum
1135 2249 1189 2318 est
1215 2247 1395 2339 supra,si
1426 2234 1500 2339 risd

333 2370 437 2437 santo
461 2365 581 2454 quiin
603 2366 698 2458 fame
723 2383 742 2435 e
765 2365 802 2435 in
826 2371 907 2452 sete,
932 2362 993 2436 nbi
1014 2363 1135 2457 primo
1161 2363 1281 2439 luerat
1305 2363 1501 2459 peccatrix,

332 2505 397 2577 per
421 2485 577 2574 seguiter
602 2485 639 2556 Io
662 2484 747 2574 goia
771 2485 860 2556 oltre
877 2486 1023 2575 misero,
1042 2483 1145 2578 idest,
1166 2485 1361 2580 plusquam
1387 2503 1504 2578 expe·

335 2603 387 2677 dit
416 2603 462 2677 ad
493 2601 817 2677 substentationem
846 2602 941 2697 vitae,
967 2602 1171 2677 secundum
1198 2603 1503 2699 complexionem,

333 2729 493 2817 aetatem,
519 2723 654 2817 locum,
682 2729 838 2818 tempus,
865 2723 1042 2817 laborem,
1066 2724 1255 2820 regionem
1271 2719 1327 2819 (¹),
1354 2744 1438 2797 nam
1465 2723 1504 2796 in

333 2843 402 2918 boc
427 2848 572 2937 oportet
597 2843 700 2936 sequi
726 2842 889 2917 medium
912 2841 1066 2938 virtutis,
1088 2843 1261 2939 quoniam
1290 2843 1379 2918 illud
1404 2839 1502 2938 quod

333 2969 388 3037 est
413 2961 606 3037 minimum
637 2963 710 3057 uni,
736 2964 841 3038 alteri
868 2970 924 3037 est
949 2963 1116 3058 nimium,
1143 2963 1237 3039 sicut
1266 2964 1502 3060 philosophus
1603 3018 1607 3022 Δ

331 3081 478 3156 adducit
503 3085 714 3178 exemplum
735 3083 781 3158 de
800 3083 927 3158 Milone
952 3083 1111 3179 gigante,
1129 3082 1192 3178 qui
1210 3103 1335 3179 pugno
1361 3090 1501 3157 macta·

332 3201 395 3278 bat
420 3210 581 3298 taurum,
607 3211 644 3279 et
676 3204 777 3276 illum
804 3193 950 3278 coctum
985 3203 1202 3278 comedebat
1225 3224 1292 3278 nec
1316 3203 1500 3301 gravaba-

280 3365 284 3372 -
333 3328 415 3417 tun,
442 3329 479 3396 et
504 3329 628 3397 tamen
653 3343 716 3418 pes
742 3321 836 3396 illius
862 3323 957 3397 tauri
984 3323 1069 3398 satis
1096 3323 1223 3398 luisset
1249 3324 1346 3398 mibi.
1368 3325 1412 3398 Et
1437 3325 1502 3400 de·

332 3443 447 3518 clarat
471 3463 620 3518 causam
640 3443 749 3518 buius
766 3443 872 3518 lamis
890 3449 926 3518 et
943 3443 1030 3536 sitis,
1049 3443 1192 3519 dicens:
1212 3448 1249 3516 t’
1262 3447 1353 3518 odor
1370 3447 1503 3518 ct’esce

331 3565 389 3636 dcl
405 3585 514 3656 pomo
539 3585 559 3636 e
582 3567 672 3638 dello
696 3585 866 3656 sprozzo,
891 3563 983 3638 idest
998 3555 1048 3657 (²),
1069 3575 1180 3659 aqua,
1206 3567 1267 3636 cte
1289 3567 1322 3637 si
1345 3567 1502 3638 distende

331 3703 373 3756 su
393 3703 461 3774 per
484 3703 550 3756 suo
571 3685 739 3773 verdmo,
760 3683 905 3776 scilicet,
924 3683 961 3756 in
982 3703 1106 3758 ramos
1126 3683 1280 3778 arbone,
1305 3687 1340 3757 η’
1354 3686 1503 3759 accende

332 3822 433 3893 coro,
459 3801 561 3897 idest,
586 3802 778 3900 ingenerat
802 3802 905 3877 nobis
930 3803 1144 3898 appetitum,
1161 3806 1199 3876 di
1214 3805 1294 3876 bere
1309 3825 1328 3876 c
1344 3806 1383 3877 di
1398 3823 1502 3878 mun·

331 3927 442 4014 giure.
456 3964 506 3978 -
518 3929 551 3997 Ε
573 3945 655 3996 aon.
674 3923 739 3998 Hie
756 3923 925 3998 Foresius
942 3923 1125 4020 assignata
1142 3944 1254 3998 causa
1275 3945 1394 4019 poenae
1411 3926 1501 4000 isto-

333 4065 429 4138 rum,
444 4044 604 4138 assignat
620 4064 770 4118 causam
791 4043 999 4118 intensionis
1016 4063 1135 4138 poenae
1152 4063 1296 4137 eorum,
1311 4044 1396 4138 quia
1411 4065 1500 4119 con-

332 4163 435 4238 tinuo
461 4164 598 4238 vadunt
615 4168 653 4238 et
669 4162 826 4238 redeunt
840 4163 887 4237 ad
911 4164 1034 4237 locum
1054 4163 1197 4238 arboris
1214 4170 1251 4238 et
1269 4184 1387 4258 aquae.
1409 4165 1503 4240 Dicit

332 4304 441 4382 ergo:
461 4290 622 4377 Equesto
639 4305 788 4378 spazzo,
810 4283 910 4377 idest,
928 4283 996 4358 ista
1013 4283 1262 4359 deambulatio
1280 4307 1390 4381 quam
1410 4306 1500 4361 con-

331 4403 434 4478 tinuo
451 4404 616 4498 iacimus,
632 4407 799 4498 girando,
823 4403 919 4478 circa
940 4409 1116 4499 montem,
1136 4406 1169 4478 st
1189 4407 1378 4498 mnfresca,
1396 4404 1499 4501 idest,

331 4532 485 4599 renovat
510 4531 548 4600 et
573 4531 730 4621 reparat,
748 4532 871 4598 ametro
884 4544 992 4617 pena,
1009 4523 1157 4618 scilicet,
1175 4525 1310 4599 samem
1332 4535 1370 4601 et
1391 4524 1500 4620 sitim,

329 4666 402 4718 noo
421 4667 495 4738 por
519 4664 593 4719 ooo
618 4648 723 4737 volta,
757 4645 862 4737 quasi
887 4643 1000 4719 dicat:
1028 4643 1103 4718 imo
1121 4645 1340 4740 saepessime.
1358 4646 1402 4722 Et
1419 4645 1499 4719 talis

331 4770 432 4840 recte
457 4763 565 4839 debet
589 4784 669 4839 esse
693 4785 803 4859 poena
828 4763 958 4859 gulosi,
984 4770 1026 4838 ut
1050 4763 1145 4839 sicut
1169 4785 1266 4861 saepe
1287 4765 1428 4840 solebat
1447 4765 1502 4841 ire

393 5025 420 5089 (¹)
436 5025 467 5078 E.
483 5031 509 5077 et
525 5025 671 5090 romonem
688 5040 747 5076 mm
764 5025 790 5077 in
806 5026 846 5076 bis
862 5029 973 5089 oportet.
1098 5021 1125 5086 (b
1142 5023 1173 5074 E.
1187 5023 1261 5084 idest,
1278 5021 1310 5072 de
1326 5035 1400 5086 aqna.
