4342 6692
765 906 904 962 caurus
928 906 1073 978 rnruus.
1434 894 1504 960 29⁵1

334 1053 467 1127 lorum.
481 1050 675 1126 Paradisus
687 1056 813 1126 autem
828 1051 1029 1127 essentialis
1045 1057 1101 1126 est
1117 1050 1193 1146 ipse
1210 1051 1312 1125 locus
1326 1051 1388 1125 ubi
1406 1052 1504 1126 Deus

244 1155 248 1160 ’
333 1171 488 1248 ostendit
512 1193 553 1247 se
569 1171 890 1268 contemplandum
913 1171 1155 1269 intelligentiis
1177 1169 1352 1266 separatis
1372 1176 1408 1246 et
1425 1171 1506 1245 ani-

333 1291 465 1366 mabus
490 1292 616 1386 beatis,
643 1292 705 1387 qui
742 1293 844 1366 locus
878 1293 1017 1367 coelum
1043 1311 1262 1387 empyreum
1289 1289 1503 1385 appellatur.

413 1412 581 1485 Oduono
605 1413 741 1504 Apollo.
768 1411 853 1486 llaec
878 1416 934 1486 est
958 1410 1118 1486 secunda
1145 1431 1229 1506 pars
1253 1409 1436 1506 generalis
1468 1409 1506 1484 in

334 1551 409 1625 qua
435 1538 543 1626 poeta
568 1531 703 1605 [lantes
734 1531 818 1604 lacit
847 1552 953 1606 suam
985 1529 1266 1625 invocationem,
1296 1535 1333 1605 et
1362 1530 1506 1604 invocat

334 1651 381 1726 de
407 1672 512 1727 more
544 1651 687 1748 poetico
720 1651 922 1746 Apollinem
954 1651 1065 1726 deum
1082 1645 1120 1744 (¹)
1155 1633 1365 1747 poetarum,
1393 1650 1503 1726 deum

334 1771 532 1867 sapientie,
551 1791 662 1866 quem
684 1771 779 1846 bene
799 1778 907 1846 vocat
926 1772 1077 1846 bouum.
1097 1772 1225 1868 Apollo
1243 1772 1340 1847 enim
1359 1777 1414 1846 est
1430 1771 1506 1867 ipse

334 1892 401 1987 sol,
426 1892 473 1967 de
498 1912 573 1986 quo
598 1892 695 1967 bene
718 1892 858 1966 Tullius
883 1891 920 1965 in
945 1891 1039 1968 libro
1055 1891 1102 1968 de
1123 1892 1310 1987 republica
1335 1891 1434 1984 dicit3
1452 1892 1506 1965 sol

335 2011 423 2106 dux,
449 2012 617 2106 princeps
642 2017 680 2086 et
705 2011 916 2086 moderator
933 2011 1115 2085 luminum
1135 2011 1376 2106 reliquorum,
1402 2032 1506 2086 meus

334 2131 462 2204 mundi
488 2138 526 2206 et
551 2131 767 2226 temperatio
793 2137 879 2206 tota.
906 2131 1008 2206 Unde
1031 2131 1213 2226 Orpheus,
1247 2137 1288 2204 ut
1316 2131 1400 2205 dicit
1431 2133 1507 2204 lla-

333 2251 495 2346 cronius,
513 2259 621 2326 vocat
641 2252 761 2348 ipsum
788 2251 874 2326 boni
891 2251 1028 2326 consilii
1046 2251 1178 2344 lleum,
1196 2251 1283 2344 quia
1299 2251 1347 2325 ab
1364 2272 1409 2326 eo
1426 2273 1506 2326 ma-

333 2376 399 2445 nat
425 2371 642 2467 principium
669 2371 905 2468 intelligendi3
931 2370 1037 2444 cuius
1066 2369 1304 2465 multiplicem
1332 2369 1504 2445 virtutem

336 2491 476 2567 extollit
513 2472 650 2564 Plinius
687 2492 807 2585 primo
844 2490 1021 2566 naturalis
1058 2490 1230 2586 historiae,
1269 2490 1414 2566 dicens:
1454 2492 1507 2566 sol

333 2612 479 2687 medius
502 2612 725 2707 amplissima
751 2611 1002 2709 magnitudine
1026 2618 1064 2686 et
1087 2617 1266 2707 potestate
1292 2633 1364 2687 non
1386 2612 1504 2688 solum

230 2713 236 2724 ⁴
336 2739 539 2827 terrarum,
564 2733 628 2808 sed
659 2732 822 2827 ipsarum
848 2733 1036 2808 stellarum
1067 2737 1105 2808 ct
1134 2733 1216 2806 coeli
1243 2738 1382 2827 rector3
1409 2734 1507 2808 hunc

337 2853 442 2928 decet
457 2843 493 2945 θ)
531 2853 684 2928 credere
716 2873 798 2928 esse
830 2852 996 2926 animum
1030 2858 1068 2926 et
1098 2860 1261 2926 mentem
1295 2851 1434 2946 mundi,
1469 2859 1506 2927 et

334 2973 533 3068 principale
551 2973 717 3070 regimen
734 2979 772 3048 et
787 2972 898 3048 deum
916 2979 1077 3065 naturae3
1095 2971 1153 3046 hic
1167 2971 1287 3046 lucem
1307 2973 1419 3048 rebus
1437 2971 1505 3046 mi*

334 3093 475 3187 nistrat‚
494 3101 532 3168 et
548 3093 670 3168 aulert
686 3092 868 3187 tenebrae
887 3092 945 3167 lric
963 3091 1104 3185 reliqua
1121 3090 1240 3165 sidera
1257 3091 1426 3185 occultat,
1449 3091 1506 3166 lric

335 3214 434 3289 vices
459 3219 669 3309 temporum
695 3222 734 3288 et
757 3233 896 3287 aunum
923 3231 1069 3307 semper
1095 3216 1348 3286 renascentem
1369 3231 1413 3286 ex
1434 3231 1504 3286 usu

335 3341 479 3409 naturae
503 3341 704 3430 temperat3
730 3333 788 3408 hic
813 3333 895 3408 coeli
922 3331 1100 3406 tristitiam
1125 3338 1303 3425 removet,
1324 3337 1361 3406 et
1381 3332 1504 3406 nubila

333 3453 486 3528 humani
511 3454 623 3529 animi
648 3454 758 3529 etiam
792 3458 955 3547 seronat3
989 3452 1047 3526 hic
1072 3473 1183 3526 suum
1209 3452 1335 3527 lumen
1365 3453 1506 3530 caeterls

332 3572 513 3648 sideribus
532 3572 654 3667 donat,
672 3574 885 3669 praeclarus,
902 3572 1059 3648 eximius
1080 3571 1206 3646 omnia
1223 3571 1349 3646 videus
1365 3577 1433 3668 etc.
1452 3571 1505 3646 Ad

333 3691 477 3767 literam
495 3713 605 3789 ergo;
623 3699 730 3789 poeta
744 3683 782 3784 (³)
799 3692 889 3787 petit
904 3692 1061 3788 gratiam
1083 3697 1121 3766 et
1141 3691 1306 3766 savorem
1323 3691 1505 3787 Apollinis,

333 3812 480 3896 dicens:
507 3811 564 3886 lac
588 3832 652 3887 me
676 3812 725 3886 ita
752 3813 947 3907 valentem,
975 3818 1016 3886 ut
1039 3812 1148 3910 digne
1172 3813 1307 3907 possim
1329 3832 1503 3888 coronam

334 3933 501 4006 lauream
515 3931 731 4026 promereri.
750 3931 931 4006 Construe
946 3931 998 4006 sic
1015 3932 1178 4007 literam:
1198 3933 1354 4006 Obuono
1367 3936 1505 4026 Apollo,

333 4053 459 4148 Apollo
471 4053 604 4128 dicitur
617 4053 721 4148 quasi
735 4053 813 4128 sine
825 4053 1035 4148 pollutione,
1050 4053 1128 4127 sine
1146 4054 1305 4146 macula3
1320 4052 1503 4126 nonenim

334 4174 446 4247 habet
457 4173 495 4246 ln
507 4194 548 4248 se
563 4175 732 4249 umbram
748 4173 842 4248 sicut
853 4194 960 4248 soror
972 4193 1041 4247 sua
1053 4174 1156 4247 luna:
1167 4173 1227 4248 rel
1239 4171 1371 4246 dicitur
1380 4172 1505 4268 Apollo

335 4293 439 4386 quasi
470 4295 719 4369 exterminans
749 4314 860 4369 omne
888 4293 1041 4387 malum,
1072 4313 1184 4367 omne
1205 4291 1437 4388 vsuperlluum
1468 4301 1507 4369 et

333 4412 519 4507 nocivum,
537 4417 663 4508 somnae·
677 4407 707 4487 sl
728 4417 818 4508 sotto
840 4434 940 4506 anso,
958 4412 1061 4507 idest,
1087 4412 1144 4488 lac
1171 4433 1231 4487 me
1256 4412 1305 4486 ita
1331 4433 1504 4508 capacem

334 4553 441 4608 more
465 4529 802 4609 vasis'continenlis
826 4534 1008 4629 liquorem
1034 4532 1214 4628 optimum
1242 4532 1405 4627 balsami,
1432 4533 1505 4607 riui

333 4655 392 4728 rel
409 4654 493 4748 olei,
510 4657 569 4728 del
589 4662 648 4728 tuo
665 4658 800 4749 aratore,
821 4654 924 4747 idest,
946 4654 1090 4729 virtutis
1113 4662 1151 4729 et
1171 4652 1367 4749 sapientiae,
1384 4655 1506 4728 attul-

334 4777 416 4848 timo
441 4777 581 4866 lavoro,
606 4773 709 4869 idest,
735 4775 821 4850 huic
845 4774 954 4850 tertio
979 4773 1080 4870 operi
1107 4773 1289 4849 laborioso
1324 4779 1361 4848 et
1391 4772 1506 4847 artili-

395 4968 424 5031 (¹)
441 4969 472 5018 lt.
488 4969 566 5019 deum
582 4969 713 5031 sapientie
729 4973 756 5018 el
772 4973 917 5032 poetarum,
934 4981 1022 5032 quem.
1216 4967 1243 5028 Γ)
1259 4973 1283 5027 t,
1300 4967 1384 5018 docel.

397 5043 424 5109 (Ἴ
440 5049 464 5104 t,
480 5045 512 5095 E.
526 5059 542 5096 e
558 5043 585 5095 S.
603 5051 677 5108 poeta
692 5045 719 5094 in
735 5043 830 5096 ellectu
846 5045 919 5108 petil.
