4342 6692
662 913 731 980 196
1019 923 1223 980 COMENTUH
1247 924 1471 980 ruuotmutt

658 1069 846 1166 quomodo
881 1068 1052 1143 convenit
1080 1089 1165 1142 curn
1192 1068 1382 1144 Ezechiele
1406 1077 1655 1165 preterquam
1681 1070 1719 1143 in
1744 1074 1832 1163 uno,

657 1190 799 1265 dicens:
826 1211 846 1262 e
870 1190 933 1263 toti
957 1210 1046 1262 aaa
1070 1192 1177 1282 putot,
1205 1188 1296 1264 idest
1320 1190 1545 1285 apparebant
1571 1191 1608 1264 in
1626 1190 1695 1265 ista
1718 1190 1833 1287 sylva,

658 1313 743 1404 paui
762 1312 788 1383 li
810 1310 1069 1383 novennalis
1086 1330 1148 1382 stre
1163 1316 1271 1403 curu,
1291 1309 1395 1404 idest,
1415 1310 1453 1384 in
1469 1332 1538 1385 suo
1556 1311 1668 1386 libro:
1688 1317 1726 1385 et
1745 1328 1833 1384 ecoe

658 1430 845 1527 quomodo
869 1429 1094 1505 disconvenit
1118 1429 1166 1504 ah
1191 1429 1393 1526 Ezechiele‚
1415 1434 1515 1505 saluo
1537 1434 1622 1504 olt'o
1647 1434 1678 1505 le
1702 1450 1828 1523 penne,

657 1553 761 1645 idest,
774 1556 954 1644 quantum
971 1549 1018 1624 ad
1034 1550 1122 1643 alas,
1136 1549 1237 1643 quod
1248 1542 1285 1641 (⁴)
1300 1550 1372 1625 sint
1388 1570 1472 1644 sex;
1494 1554 1669 1625 θὶουαηηί
1684 1545 1705 1625 ὀ
1720 1570 1827 1641 mccc,

656 1675 761 1770 idest,
786 1671 955 1748 convenit
984 1690 1132 1745 mecum
1158 1670 1196 1744 in
1220 1670 1432 1768 Apocalypsi
1459 1673 1518 1746 llll
1543 1672 1713 1767 capitulo,
1739 1694 1759 1746 e
1781 1672 1831 1745 do

658 1798 707 1869 lui
733 1798 766 1867 si
793 1796 960 1885 disparte,
994 1789 1097 1884 idest,
1125 1790 1308 1866 discordat
1337 1791 1385 1866 ab
1414 1791 1617 1886 Ezechiele,
1643 1792 1707 1885 qui
1731 1791 1831 1886 ponit

657 1919 800 1988 tantum
827 1917 989 2005 quatuor
1013 1910 1091 1985 alas
1115 1908 1162 1985 ad
1188 1910 1417 1987 innuendum
1444 1912 1542 2005 quod
1568 1932 1635 2007 per
1668 1917 1830 2006 quatuor

657 2034 785 2110 mundi
810 2038 932 2130 partes
957 2031 1196 2125 volaverunt3
1223 2038 1329 2105 erant
1344 2023 1383 2125 (²)
1415 2032 1525 2107 etiarn
1560 2032 1670 2107 iacies
1694 2051 1828 2106 eorum

656 2154 860 2231 coniunctae
885 2170 952 2246 per
968 2149 1147 2225 unitatem
1168 2150 1330 2225 caritatis
1347 2157 1384 2226 et
1401 2152 1635 2227 concordiam
1654 2149 1827 2226 veritatis.

682 2292 686 2300 ·
731 2280 781 2347 Lo
806 2274 940 2366 spozio.
966 2271 1038 2345 lsta
1063 2277 1119 2344 est
1143 2279 1275 2366 quarta
1301 2279 1340 2347 et
1363 2272 1492 2347 ultima
1518 2293 1603 2368 pars
1634 2270 1828 2368 generalis,

657 2397 695 2471 iu
720 2415 794 2489 qua
820 2398 927 2487 poeta
952 2389 1122 2465 describit
1147 2411 1302 2465 currum
1329 2393 1589 2488 triumphalem
1621 2415 1708 2469 cum
1732 2393 1829 2467 duce

657 2515 906 2610 triumphante
930 2510 1033 2585 istius
1057 2511 1243 2587 militantis
1273 2514 1445 2589 ecclesie.
1479 2515 1524 2589 Et
1552 2514 1599 2589 ad
1625 2514 1829 2611 intelligen-

657 2636 745 2712 tiam
772 2635 882 2709 huius
907 2634 1023 2707 literae
1048 2633 1132 2707 volo
1160 2639 1196 2709 te
1221 2634 1339 2728 primo
1365 2642 1506 2730 notare,
1524 2636 1622 2731 quod
1649 2641 1755 2731 poeta
1772 2636 1829 2709 ni·

655 2758 727 2831 mis
751 2757 957 2852 elegantem
983 2759 1021 2827 et
1045 2753 1279 2850 peregrinam
1301 2752 1485 2831 fictionem
1512 2756 1571 2831 hic
1596 2756 1704 2831 iacit:
1730 2755 1828 2853 ligu-

656 2884 714 2953 rat
739 2875 836 2951 enirn
863 2874 931 2948 suh
957 2873 1077 2968 specie
1102 2892 1238 2947 currus
1263 2874 1430 2949 habentis
1458 2875 1550 2951 duas
1581 2883 1680 2951 rotas
1705 2876 1825 2973 ipsum

655 3017 789 3092 corpus
813 2993 987 3087 ecclesiae,
1005 3014 1089 3088 quae
1116 2994 1273 3068 vertitur
1298 3014 1411 3092 super
1435 2994 1580 3070 duabus
1605 2996 1705 3091 rotis,
1730 2994 1825 3070 scili-

655 3118 739 3193 licet
760 3114 875 3192 veteri
895 3121 933 3189 et
949 3134 1046 3188 novo
1065 3119 1304 3209 testament03
1323 3120 1360 3189 et
1377 3115 1447 3189 suh
1464 3115 1584 3211 specie
1600 3114 1731 3211 gryphi
1748 3121 1826 3190 tra-

654 3237 772 3313 hentis
798 3256 953 3310 currum
979 3235 1116 3330 figurat
1136 3234 1255 3329 ipsum
1274 3235 1459 3311 Christum
1477 3242 1515 3311 et
1532 3237 1635 3313 hene.
1654 3236 1824 3333 Gryphus

654 3358 752 3433 enim
779 3356 910 3451 partim
942 3361 997 3429 est
1031 3355 1109 3429 iera
1135 3355 1274 3429 hahens
1299 3375 1434 3451 corpus
1462 3357 1662 3451 leoninum,
1688 3357 1821 3451 partim

653 3479 732 3553 avis
756 3476 895 3551 hahens
919 3475 997 3549 alas
1021 3480 1059 3549 et
1084 3474 1214 3550 taciem
1240 3476 1394 3571 aquilae3
1416 3476 1465 3552 ita
1484 3477 1649 3553 Christus
1669 3478 1767 3553 Deus
1786 3482 1823 3551 et

654 3599 784 3673 homo:
810 3603 847 3671 et
871 3595 965 3669 sicut
988 3596 1153 3691 gryphus
1178 3596 1295 3670 currit
1320 3616 1386 3691 per
1411 3602 1550 3672 terram
1577 3603 1615 3673 et
1639 3599 1739 3673 volat
1757 3618 1823 3692 per
1856 3630 1859 3635 ·

653 3737 779 3792 aerem
806 3714 908 3788 tortis
927 3720 965 3788 et
981 3714 1163 3809 terribilis,
1182 3721 1223 3788 ut
1238 3716 1298 3790 leo
1317 3715 1457 3811 nobilis,
1475 3724 1512 3792 et
1529 3719 1625 3793 altus
1643 3724 1684 3791 ut
1700 3717 1823 3813 aquila

654 3836 798 3932 rapiens
822 3843 860 3910 et
885 3840 1119 3930 prosternens
1145 3836 1288 3910 hostem
1307 3836 1402 3911 sicut
1418 3839 1596 3935 gryphus
1609 3858 1767 3935 equum3
1785 3845 1823 3913 et

652 3959 747 4033 sicut
772 3957 840 4030 hoc
866 3955 1002 4029 animal
1028 3976 1101 4029 non
1127 3962 1182 4030 est
1207 3962 1336 4030 notum
1367 3976 1433 4052 per
1465 3958 1717 4053 experimenta
1742 3956 1822 4053 phi·

651 4078 889 4173 losuphorum
916 4077 975 4152 vel
1001 4076 1161 4151 rationes
1186 4078 1384 4173 naturales,
1405 4077 1469 4153 sed
1493 4079 1613 4153 solurn
1639 4100 1706 4174 per
1731 4079 1820 4155 sori·

651 4206 790 4295 pturas,
812 4197 861 4270 ita
888 4204 987 4271 recte
1012 4195 1194 4271 Christus:
1213 4203 1250 4271 et
1267 4196 1361 4271 sicut
1384 4198 1549 4294 gryphus
1574 4198 1610 4272 in
1637 4198 1821 4274 montibus

651 4318 731 4392 altis
757 4317 906 4392 remotis
931 4317 979 4391 ab
1004 4315 1213 4391 hominihus
1238 4323 1275 4391 et
1304 4316 1353 4391 ab
1383 4316 1604 4393 habitatione
1629 4318 1820 4393 hominum

650 4438 808 4513 custodit
827 4459 968 4517 aurum
996 4443 1033 4511 et
1058 4457 1236 4533 gemmas,
1263 4436 1505 4511 ita-Christus
1534 4438 1571 4511 in
1600 4438 1669 4514 isto
1695 4446 1821 4515 monte

650 4557 824 4632 altissimo
851 4562 993 4632 remoto
1018 4557 1067 4632 ab
1091 4556 1313 4634 habitatione
1345 4556 1537 4632 hominum
1568 4558 1723 4633 custodit
1752 4559 1820 4634 ista

650 4677 808 4774 pretiosa
828 4676 973 4772 iocalia.
998 4676 1052 4751 Ad
1077 4677 1222 4753 literam
1249 4697 1338 4775 ergo
1363 4677 1449 4755 dicit
1472 4684 1597 4773 poeta:
1626 4684 1674 4753 Lo
1696 4682 1820 4773 spurio

650 4801 774 4871 dentre
807 4819 831 4870 o
864 4801 920 4871 tor
954 4804 1106 4890 qundo,
1143 4796 1290 4892 scilicet,
1323 4798 1505 4894 animalia,
1538 4799 1624 4894 quia
1657 4805 1819 4893 quatuor

712 5057 739 5121 (¹)
755 5058 786 5109 E
802 5057 902 5109 seilicet
916 5058 987 5123 qnod
1002 5060 1061 5111 sint.
1280 5056 1308 5123 (¹)
1324 5060 1354 5113 E.
1371 5066 1445 5113 erunt
1460 5060 1530 5112 enlm
1545 5060 1632 5113 tucia.
