4342 6692
672 878 739 944 140
1031 888 1235 944 cousuruu
1259 888 1480 943 runcaronn

670 1033 817 1129 quando
843 1033 960 1128 primo
981 1034 1143 1108 ascendit
1162 1032 1424 1129 hemisperium
1443 1039 1610 1107 nostrum
1630 1033 1667 1107 iu
1684 1034 1838 1129 oriente,

669 1156 762 1230 libra
786 1153 971 1230 descendit
995 1154 1033 1228 in
1057 1154 1257 1249 occidente,
1274 1154 1362 1247 quia
1381 1161 1436 1228 est
1460 1152 1606 1249 signum
1633 1154 1699 1228 sibi
1724 1176 1838 1251 oppo-

669 1275 791 1351 situm.
814 1275 919 1352 Nunc
944 1275 1072 1349 ordina
1097 1274 1149 1350 sic
1166 1275 1309 1349 literam
1328 1280 1366 1348 et
1383 1292 1537 1368 expone,
1559 1292 1644 1368 quae
1666 1294 1690 1348 a
1715 1274 1841 1347 multis

670 1395 767 1471 male
790 1396 1033 1470 construitur:
1061 1398 1095 1468 ll
1123 1397 1178 1467 sol
1206 1398 1238 1467 si
1267 1401 1382 1486 sinuo,
1415 1393 1517 1487 idest,
1547 1394 1667 1495 stabat
1700 1393 1778 1487 sibi,
1810 1386 1841 1466 si

672 1538 780 1607 come,
805 1517 944 1612 supple,
969 1522 1050 1609 stat,
1085 1516 1227 1607 quondo
1252 1516 1366 1605 vibra,
1399 1513 1502 1608 idest,
1534 1513 1662 1608 quatit,
1696 1515 1840 1607 iprimi

671 1639 791 1728 roppi,
817 1637 854 1710 iu
879 1636 956 1731 ipso
982 1642 1067 1710 ortu
1094 1656 1173 1729 suo,
1185 1624 1231 1707 'id
1247 1636 1336 1707 dove
1353 1636 1457 1708 ilsno
1471 1637 1595 1726 scitor,
1613 1631 1715 1728 idest,
1733 1633 1838 1707 Cini-

639 1763 749 1831 istus
774 1776 885 1831 verus
910 1758 974 1851 sol,
1001 1756 1064 1851 qui
1090 1756 1174 1831 iecit
1198 1756 1318 1850 ipsum
1335 1756 1452 1829 solem
1472 1754 1693 1849 sensibilem,
1715 1776 1840 1848 sparse

670 1879 863 1969 osannae,
890 1877 975 1970 quia
1002 1897 1129 1971 passus
1155 1881 1211 1950 eet
1227 1875 1264 1948 in
1284 1874 1500 1949 Jerusalem.
1523 1874 1593 1948 Per
1613 1875 1683 1949 boc
1699 1874 1761 1949 dat
1784 1875 1841 1948 in-

671 1997 782 2093 telligi
807 1996 1069 2092 hemisperium
1097 2003 1286 2090 nostrum;
1307 1996 1465 2069 cudendo
1483 1996 1598 2085 itero,
1616 1996 1680 2089 qui
1698 2002 1754 2069 est
1771 1997 1840 2071 ilu-

670 2116 751 2191 vius
777 2118 883 2191 realis
908 2117 1100 2212 Hispaniae,
1117 2137 1183 2211 per
1208 2136 1320 2209 quem
1346 2115 1409 2189 dat
1434 2114 1582 2210 intelligi
1609 2121 1751 2209 partem
1778 2136 1841 2191 oc·

670 2235 898 2330 cidentalem,
930 2244 1018 2309 sollo
1055 2238 1165 2309 l’olto
1202 2237 1308 2326 libro,
1346 2234 1448 2327 idest,
1483 2234 1552 2307 sub
1589 2235 1692 2329 signo
1726 2235 1839 2329 librae,

671 2378 784 2451 quam
811 2362 917 2431 vocat
941 2356 1050 2430 aliam
1077 2357 1164 2451 quia
1189 2356 1284 2431 aries
1310 2361 1364 2430 est
1381 2355 1475 2429 sicut
1495 2374 1569 2427 una
1590 2354 1694 2449 libra,
1712 2356 1749 2428 in
1767 2376 1840 2448 qua

672 2476 713 2550 lit
737 2476 1018 2572 aequinoctium3
1045 2501 1063 2551 e
1089 2480 1226 2569 tonde,
1258 2475 1405 2569 scilicet,
1435 2475 1552 2569 aquis,
1582 2478 1713 2566 morse,
1739 2475 1841 2570 idest,

674 2597 818 2672 entibus
843 2597 1053 2691 combustis,
1080 2602 1119 2671 di
1141 2618 1247 2689 novo,
1272 2596 1319 2671 de
1343 2614 1465 2689 mane,
1485 2598 1523 2668 in
1546 2598 1679 2686 Gange,
1697 2596 1761 2689 qui
1787 2602 1844 2669 est

675 2718 808 2792 lluvius
833 2718 941 2791 lndiae
968 2708 1163 2811 maximus,
1189 2736 1393 2813 perquem
1425 2716 1487 2791 dat
1520 2715 1669 2812 intelligi
1697 2721 1839 2811 partem

672 2836 899 2914 orientalem.
926 2838 1010 2912 ldeo
1036 2838 1139 2911 dicit:
1166 2840 1256 2911 unde
1272 2839 1298 2909 'i
1319 2839 1461 2929 proruo,
1490 2835 1592 2929 idest,
1618 2836 1695 2909 dies
1720 2836 1839 2930 tertia,

671 2978 732 3030 sen
756 2958 851 3049 pino,
881 2956 981 3049 idest,
1008 2957 1212 3031 declinabat
1235 2955 1281 3031 ad
1306 2976 1492 3050 occasum,
1518 2974 1613 3028 come
1642 2958 1781 3047 lanpel
1803 2958 1840 3028 di

671 3082 739 3149 Dio
756 3080 847 3167 licto,
865 3076 911 3151 de
929 3078 1056 3151 ultima
1075 3077 1293 3172 purgatione
1311 3096 1405 3169 mea,
1431 3079 1464 3149 ci
1488 3096 1650 3169 apporse.
1667 3116 1717 3129 —
1729 3081 1835 3149 Fuor.

670 3197 735 3271 Hic
759 3203 866 3291 poeta
890 3196 1045 3270 ostendit
1062 3196 1248 3291 quomodo
1265 3195 1419 3291 angelus
1436 3196 1733 3291 pronunciaverit
1749 3216 1836 3270 eum

670 3316 880 3391 absolutum
909 3336 931 3389 a
966 3316 1112 3390 vinculo
1142 3315 1307 3407 libidinis,
1334 3335 1418 3409 quae
1450 3315 1513 3389 diu
1549 3321 1719 3390 tenuerat
1751 3336 1837 3389 eum

670 3436 921 3529 constrictum,
946 3435 1090 3509 dicens:
1109 3440 1206 3508 Fuor
1223 3438 1314 3509 dello
1336 3437 1483 3528 flammo
1507 3434 1701 3525 simonide
1725 3454 1840 3530 ange-

670 3557 739 3649 luS,
764 3560 802 3630 tn
826 3578 866 3629 sn
892 3559 929 3629 la
957 3558 1051 3646 mon,
1086 3555 1181 3629 illius
1212 3554 1367 3629 cornicis
1399 3556 1637 3651 discoopertae
1666 3553 1714 3630 ab
1744 3555 1839 3651 igne,

670 3676 734 3750 ubi
759 3676 974 3751 consederat
999 3681 1083 3749 ante
1109 3695 1183 3768 eos,
1209 3678 1543 3748 oeconomicam
1567 3676 1695 3747 mondo
1720 3676 1836 3748 corde.

671 3798 715 3869 lit
739 3796 798 3870 hic
823 3803 909 3870 nota
935 3796 1033 3889 qnod
1059 3797 1139 3869 haec
1157 3816 1229 3869 vox
1247 3795 1587 3870 convenientissime
1607 3795 1691 3870 iacit
1711 3802 1839 3871 contra

671 3915 938 3989 immunditiam
957 3916 1134 4010 luxuriae3
1150 3937 1233 3989 nam
1249 3936 1334 3989 cum
1351 3915 1520 4010 pudicitia
1538 3915 1583 3988 sit
1600 3915 1717 3989 virtus
1735 3936 1839 3990 men·

671 4034 728 4129 tin,
749 4040 915 4110 remanet
935 4035 1045 4109 etiam
1072 4036 1109 4109 in
1135 4055 1290 4130 corpore
1315 4034 1468 4129 violat03
1491 4034 1572 4109 ideo
1597 4035 1692 4109 bone
1715 4034 1840 4130 arguit

670 4154 896 4251 Augustinus
916 4156 1124 4230 Lucretiam
1148 4175 1233 4249 qum
1255 4155 1351 4230 inse
1372 4156 1513 4250 punivit
1533 4162 1727 4250 peccatum
1749 4155 1839 4230 alie-

671 4296 778 4370 num;
798 4275 895 4349 unde
912 4275 1013 4350 dicit:
1032 4268 1286 4368 duo'luerunt
1300 4276 1363 4350 sed
1376 4276 1598 4351 adulterium
1614 4297 1709 4350 unus
1722 4274 1839 4349 admi-

670 4394 716 4469 sit
724 4389 772 4487 (¹).
788 4394 884 4490 Ergo
902 4416 999 4470 nunc
1016 4395 1147 4469 beatus
1161 4402 1306 4490 poterat
1320 4396 1390 4469 dici
1407 4402 1513 4491 poeta
1527 4397 1590 4489 qui
1605 4402 1685 4471 erat
1700 4395 1839 4469 mundo

670 4516 790 4589 corde.
814 4514 857 4586 Et
876 4514 961 4588 dicit
986 4514 1085 4608 quod
1111 4516 1264 4611 angelus
1289 4516 1470 4610 cantabat,
1491 4520 1528 4590 tn
1553 4538 1635 4590 voce
1660 4518 1757 4589 assai
1778 4509 1841 4607 pitl

669 4638 749 4708 vion
774 4636 833 4706 ote
856 4637 893 4706 la
918 4641 1062 4728 nostro,·
1089 4634 1175 4729 quia
1201 4655 1274 4708 non
1296 4635 1487 4710 videbatur
1508 4638 1669 4711 bumana
1693 4636 1758 4711 sed
1783 4635 1839 4708 di·

670 4754 764 4829 vina.
786 4754 828 4826 Et
845 4754 965 4827 subdit
990 4754 1239 4829 invitationem
1262 4753 1381 4850 angeli
1404 4755 1450 4829 ad
1467 4756 1674 4849 transitum,
1695 4755 1837 4830 dicens:

735 5010 761 5072 (¹)
778 5013 832 5070 iil,
849 5010 940 5061 amisit.
