4342 6692
704 900 775 970 280
996 952 999 959 ,
1040 913 1247 970 counnrurr
1271 915 1490 971 runcrronn

704 1079 791 1131 rum
816 1058 1034 1153 impressam
1061 1059 1148 1153 sibi;
1175 1066 1211 1134 et
1237 1059 1289 1134 sic
1313 1059 1414 1135 vides
1439 1059 1537 1155 quod
1567 1057 1791 1153 comparatio
1821 1061 1875 1130 est

703 1180 851 1276 optima.
862 1184 993 1254 -Μα,
1011 1182 1117 1254 Nunc
1134 1186 1241 1275 poeta
1259 1189 1385 1256 movet
1402 1180 1640 1276 quaestionem
1662 1179 1760 1255 circa
1781 1197 1876 1273 prae·

704 1299 811 1395 dicta,
836 1308 874 1376 et
898 1299 987 1396 petit
1013 1320 1100 1374 cum
1126 1299 1367 1376 admiratione
1392 1302 1492 1376 unde
1516 1301 1561 1376 sit
1587 1300 1684 1396 quod
1712 1319 1785 1372 non
1810 1317 1876 1392 po-

704 1427 774 1495 test
798 1419 1001 1517 intelligere
1025 1421 1139 1495 verba
1165 1421 1257 1515 eius,
1282 1421 1424 1497 dicens:
1448 1425 1511 1495 Mo
1536 1428 1656 1494 vostro
1673 1421 1806 1514 porola
1820 1419 1875 1491 di-

704 1544 810 1632 sr'ato,
827 1541 930 1636 idest,
952 1561 1075 1615 sermo
1100 1547 1223 1616 vester
1247 1537 1365 1617 dictus
1386 1542 1456 1615 sub
1474 1542 1659 1638 parabola,
1681 1561 1792 1635 quem
1814 1536 1875 1611 diu

706 1660 908 1736 desideravi
933 1662 1062 1736 audire
1087 1667 1126 1736 et
1151 1661 1365 1758 intelligere,
1383 1660 1514 1755 perchd
1531 1669 1628 1736 tanto
1654 1665 1749 1754 uota,
1774 1659 1874 1751 idest,

706 1781 938 1875 transcendit,
963 1802 1074 1874 sopra
1106 1783 1179 1854 mia
1207 1785 1344 1877 cedato,
1373 1783 1475 1877 idest,
1502 1781 1746 1880 cognitionem
1772 1779 1877 1854 intel·

705 1901 924 1997 lectualem,
938 1903 998 1974 che
1020 1897 1082 1994 piri
1107 1905 1143 1974 lo
1163 1905 1287 1996 perde,
1305 1903 1382 1998 ipsa
1399 1903 1556 2001 cognitio
1577 1923 1662 1979 mea
1685 1901 1873 1976 *verbum

706 2027 884 2113 vestrum,
902 2030 1032 2114 quanto
1051 2018 1116 2116 piri
1140 2025 1169 2095 s
1182 2026 1302 2098 aiulo?
1322 2024 1424 2119 idest,
1451 2023 1568 2119 magis
1593 2023 1720 2098 nititur
1746 2019 1875 2096 inlelli-

705 2143 827 2240 gere*
843 2136 879 2235 (¹)
897 2143 1017 2238 ipsum
1035 2144 1219 2218 verbum?
1236 2144 1280 2219 Et
1301 2145 1395 2220 hene
1416 2144 1513 2240 dicit,
1531 2144 1618 2240 qula
1636 2129 1773 2239 quanto
1791 2142 1871 2236 quis

706 2263 824 2360 magis
849 2270 1005 2338 conatur
1030 2284 1256 2360 cognoscere
1274 2263 1395 2340 divina
1421 2264 1567 2359 eloquia
1592 2285 1658 2360 per
1683 2261 1873 2354 naturalia,

708 2382 952 2477 tauto‘magis
977 2382 1213 2457 confunditur
1238 2384 1453 2480 ignorantia.
1471 2386 1516 2458 Et
1537 2384 1658 2458 subdit
1674 2381 1876 2478 responsio-

707 2522 793 2576 nem
819 2500 993 2575 Beatricis
1018 2500 1064 2574 ad
1090 2502 1197 2576 istam
1223 2504 1433 2598 petitionem
1461 2525 1580 2600 suam,
1605 2505 1748 2579 diceus:
1774 2505 1875 2592 disse,

709 2621 769 2694 illa
794 2620 954 2715 Beatrir,
980 2621 1050 2694 hoc
1074 2621 1156 2696 ideo
1177 2623 1307 2698 accidit
1333 2625 1407 2718 tibi,
1422 2621 1551 2718 perche
1577 2625 1738 2698 conosclri
1766 2622 1877 2713 puella

708 2743 842 2832 scroto,
861 2740 964 2835 idest,
988 2748 1183 2836 poetarum
1201 2749 1239 2816 et
1255 2744 1567 2839 philosophorum,
1581 2745 1676 2816 Μαι·
1695 2743 1875 2834 sepuiloto,

709 2858 914 2936 recedendo
938 2881 962 2934 a
987 2881 1059 2955 me,
1086 2867 1129 2934 ut
1154 2862 1248 2937 bene
1273 2844 1450 2958 sequatur
1475 2863 1549 2958 tibi,
1568 2885 1586 2937 e
1602 2866 1704 2954 coppi
1719 2882 1786 2936 sua
1802 2864 1877 2935 dot-

709 2985 818 3076 trioa,
846 2981 949 3075 idest,
975 2981 1164 3056 scientiam
1190 2983 1370 3078 poeticam
1397 2991 1433 3058 et
1458 2983 1754 3080 philosophicam,
1785 3002 1877 3055 corne

706 3104 925 3195 po'sepuitar
937 3105 974 3175 lu
987 3104 1059 3175 mio
1067 3107 1214 3194 perclo,
1225 3104 1327 3199 idest,
1338 3125 1465 3178 meum
1480 3104 1580 3199 loqui
1593 3105 1769 3198 divinum,
1780 3101 1877 3197 quod
1904 3111 1906 3116 ’

606 3251 613 3257 ·
708 3222 829 3299 differt
845 3223 893 3297 ab
912 3223 1078 3298 humano
1095 3231 1277 3318 quantum
1295 3226 1430 3300 coelum
1449 3231 1606 3318 aterra3
1632 3224 1730 3299 unde
1751 3222 1877 3316 dicite

709 3347 812 3437 coppi
827 3349 949 3417 vostra
975 3346 1046 3435 oia,
1061 3343 1163 3439 idest,
1182 3365 1395 3440 processum
1422 3345 1581 3421 scientiae
1607 3344 1793 3436 naturalis,
1819 3363 1876 3415 co·

708 3470 806 3535 tanto
822 3465 948 3554 castor,
966 3461 1069 3555 idest,
1086 3462 1316 3538 differentem
1331 3485 1421 3559 esse,
1439 3467 1539 3538 dalla
1551 3467 1684 3554 diaioo,
1704 3464 1876 3556 quontoil

709 3573 843 3656 ctel'clre
852 3579 913 3674 piri
925 3585 997 3656 alto
1006 3585 1148 3676 sordue,
1162 3582 1265 3678 idest,
1282 3585 1444 3679 primum
1457 3585 1592 3658 mobile
1604 3586 1703 3679 quod
1717 3581 1874 3658 velocius

712 3710 884 3778 movetur
909 3703 947 3775 in
971 3724 1040 3777 sua
1064 3703 1305 3799 revolutione,
1330 3708 1363 3779 si
1386 3707 1552 3780 discmdo
1575 3707 1624 3778 du
1646 3713 1756 3797 mro,
1775 3703 1875 3797 idest,

711 3822 881 3900 differtin
894 3823 1083 3919 qualitate,
1097 3825 1301 3919 quantitate
1314 3832 1351 3900 et
1365 3833 1531 3900 motu.-
1541 3829 1682 3901 Oodio.
1696 3826 1875 3920 iliopoeta

712 3944 813 4039 ponit
838 3944 1111 4038 responsionem
1138 3965 1244 4020 suam
1267 3938 1303 4019 in
1321 3967 1396 4040 qua
1413 3967 1480 4042 pro
1496 3947 1805 4022 sui-excusatione
1821 3943 1876 4020 vi·

712 4062 820 4140 detur
846 4083 997 4159 negare,
1014 4065 1113 4159 quod
1135 4071 1258 4140 tamen
1280 4067 1357 4161 jam
1384 4065 1570 4140 consessus
1594 4073 1650 4141 est
1670 4063 1878 4161 suprasol-

711 4183 806 4278 licet,
832 4184 931 4278 quod
957 4205 1150 4278 nunquam
1176 4184 1337 4260 deseruit
1367 4184 1571 4260 Beatricem
1596 4189 1746 4280 propter
1769 4183 1875 4277 alias;

713 4304 812 4379 unde
835 4303 943 4379 dicit:
975 4306 1111 4378 Oud’io
1135 4308 1265 4398 rtspoai
1288 4308 1343 4397 lei,
1369 4305 1516 4398 scilicet,
1535 4305 1707 4380 Beatrici:
1733 4326 1804 4379 non
1831 4306 1877 4378 mi

710 4426 859 4498 ricorde
884 4426 935 4496 ch'
948 4427 983 4497 io
1007 4427 1193 4498 soomossr‘
1217 4445 1271 4498 mc
1291 4427 1462 4516 mammos·
1484 4427 1534 4498 du
1558 4426 1625 4518 ool,
1643 4423 1747 4517 quasi
1774 4423 1877 4517 dicat,

712 4545 788 4619 imo
806 4525 954 4639 semper
970 4545 1082 4619 habui
1101 4545 1321 4642 theologiam
1335 4565 1403 4640 pro
1415 4544 1582 4620 nobiliori
1600 4543 1747 4620 scientia
1761 4543 1879 4618 omni·

712 4664 782 4739 bus
807 4663 896 4758 aliis,
920 4659 967 4739 nd
988 4667 1102 4738 honae
1127 4668 1319 4738 coscicrtzia
1343 4667 1404 4739 cte
1428 4667 1606 4757 rinmrda,
1622 4665 1768 4759 scilicet,
1796 4683 1878 4738 me:

714 4790 769 4858 est
793 4784 892 4858 enim
923 4785 1142 4860 conscientia
1168 4785 1228 4860 len
1254 4785 1459 4860 intellectus
1485 4786 1599 4860 nostri
1630 4792 1667 4860 et
1692 4783 1881 4860 dictamen

778 5043 806 5109 (¹)
821 5046 858 5096 rs
873 5047 963 5110 paon
978 5047 1019 5098 nn
1035 5047 1044 5098 r
1060 5049 1110 5100 aue
1127 5048 1260 5100 murreus
1270 5021 1455 5112 mnonppno
1472 5047 1513 5098 aar
1528 5047 1615 5098 coner
1630 5045 1779 5098 samaraeo
1795 5060 1811 5097 ο
1828 5053 1882 5103 nr.
