4342 6692
611 937 750 995 murata
773 937 988 993 auresaures
1007 935 1173 993 marus.
1407 923 1478 994 2711

303 1087 401 1163 enim
427 1093 513 1162 sunt
527 1087 608 1162 dee
625 1085 795 1179 fontium,
812 1083 918 1180 quasi
942 1081 1058 1158 dicat:
1075 1082 1148 1157 cito
1165 1089 1338 1158 nascetur
1360 1084 1478 1160 dictus

302 1208 503 1302 imperator
527 1222 717 1301 romanus,
741 1208 805 1279 abe
827 1208 1039 1278 soloeromw
1056 1209 1174 1296 questo
1193 1207 1344 1277 euimmo
1363 1207 1480 1299 sorte:

303 1328 460 1425 aenigma
485 1329 635 1424 quidem
661 1332 716 1401 est
739 1326 860 1400 oratio
884 1330 951 1399 aut
975 1319 1214 1420 impossibilis,
1237 1331 1302 1398 aut
1325 1321 1480 1401 difflerlis

260 1489 264 1497 ·
303 1448 349 1523 ad
367 1469 485 1522 unum
502 1449 665 1542 aliquem
683 1453 829 1522 certum
845 1445 1085 1541 intellectum,
1104 1450 1147 1518 ut
1164 1443 1250 1520 dicit
1270 1445 1481 1522 Aristoteles

273 1642 275 1645 ,
304 1570 343 1643 in
369 1567 441 1644 line
465 1589 544 1644 suae
568 1568 738 1664 poetriae3
764 1567 847 1641 ideo
871 1564 967 1641 bene
991 1571 1100 1661 poeta
1124 1567 1280 1662 appellat
1305 1567 1400 1641 istud
1425 1567 1481 1642 di-

305 1696 409 1764 ctum
434 1688 591 1764 difficile.
616 1688 661 1762 lit
684 1687 771 1763 dicit
795 1686 966 1762 dverrois
992 1683 1162 1779 ibiquod
1186 1686 1282 1760 istud
1307 1688 1482 1782 frequen·

307 1817 365 1884 ter
390 1810 577 1885 invenitur
600 1807 698 1904 apud
714 1815 842 1904 poetas
859 1807 1027 1882 arabum.
1046 1807 1091 1880 Et
1107 1806 1208 1881 dicit:
1229 1829 1344 1881 cauzo
1360 1812 1482 1883 doauo

308 1933 346 2003 di
367 1951 495 2022 pecore
517 1951 538 2002 e
561 1925 600 2003 di
623 1929 738 2020 biuda,
764 1929 928 2023 loquitur
946 1928 1068 2002 adbuc
1084 1927 1326 2025 aenigmatice,
1349 1936 1386 2003 et
1403 1931 1483 2004 vult

308 2049 432 2124 dicere
458 2049 557 2143 quod
581 2047 655 2124 cito
679 2047 971 2125 manifestabitur
996 2047 1135 2123 dictum
1156 2068 1266 2122 suum
1285 2070 1351 2143 per
1368 2069 1483 2146 erpa·

308 2171 479 2245 rientiam
505 2169 601 2265 lacti,
627 2170 678 2244 ita
704 2169 802 2264 quod
833 2190 908 2243 non
941 2167 1110 2263 expediet
1124 2159 1161 2260 (¹)
1191 2167 1380 2263 inquirere
1409 2168 1482 2244 iata

310 2291 347 2365 in
371 2289 466 2365 extis
490 2289 718 2385 animalium,
744 2289 839 2362 sicut
852 2280 891 2381 (²)
915 2289 1069 2384 gentiles
1101 2288 1189 2362 olim
1214 2288 1394 2364 iaciebant
1419 2283 1482 2384 qui

310 2411 550 2485 immolabant
576 2407 744 2484 victimas
768 2408 894 2484 ovium
909 2399 948 2499 (Β)
973 2414 1010 2482 et
1036 2408 1221 2503 ponebant
1237 2407 1363 2505 fruges
1389 2411 1484 2484 inter

312 2551 453 2606 cornua
478 2528 588 2624 tauri,
610 2550 722 2624 quem
748 2529 959 2604 mactabant
989 2529 1026 2602 in
1059 2525 1237 2604 sacrificio
1269 2529 1363 2604 sicut
1393 2529 1485 2604 scri-

314 2651 367 2724 bit
391 2652 562 2725 Lucanus
585 2649 632 2724 de
655 2651 797 2724 Arunte
821 2669 959 2746 magno
975 2669 1131 2746 augure.
1150 2647 1236 2721 Vult
1254 2669 1344 2746 ergo
1362 2649 1485 2726 dicere

314 2771 413 2866 quod
445 2790 519 2844 non
551 2770 622 2844 erit
649 2789 743 2865 opus
770 2769 931 2866 augurio
963 2769 1022 2843 vel
1054 2766 1231 2842 sacrificio
1261 2769 1307 2844 ad
1337 2769 1487 2844 investi·

313 2892 477 2989 gaudum
497 2890 597 2985 quod
613 2889 823 2985 praedicitur
844 2890 914 2983 bic,
932 2889 1019 2983 quia
1035 2888 1108 2963 cito
1133 2909 1200 2985 per
1216 2910 1256 2964 se
1276 2889 1422 2984 patebit.
1437 2924 1487 2946 *-

320 3017 380 3085 lu.
411 3011 476 3085 Hic
506 3017 615 3105 poeta
643 3008 747 3105 ponit
776 3015 1002 3104 preceptum
1033 3009 1207 3086 Beatricis
1240 3009 1287 3084 ad
1320 3031 1360 3084 se
1390 3009 1488 3084 circa

315 3130 488 3227 praedicta
513 3128 689 3204 tradenda
714 3129 907 3203 memorie
931 3129 979 3203 ad
1004 3128 1196 3203 utilitatem
1218 3124 1419 3204 viventium
1435 3117 1488 3223 (⁴),

315 3251 457 3326 dicens:
485 3255 534 3323 lb
553 3257 652 3340 uoto,
672 3249 759 3344 quia
775 3250 934 3324 notanda
952 3255 1049 3344 sunt,
1069 3271 1089 3321 e
1107 3269 1231 3340 sepau,
1249 3249 1350 3344 idest,
1368 3249 1488 3346 signes

316 3372 375 3447 vel
399 3371 533 3445 doceas
557 3377 673 3462 queste
691 3373 833 3463 parole,
853 3369 1074 3465 prophetica,
1094 3373 1129 3441 o'
1142 3373 1230 3464 oioi;
1248 3377 1284 3444 et
1302 3369 1489 3466 restringit

316 3491 455 3566 dietum
480 3512 591 3565 suurn
605 3490 751 3566 dicens:
770 3493 828 3564 dcl
843 3494 940 3564 moer
955 3487 1038 3565 ci'e*
1050 3512 1099 3564 uu
1116 3495 1347 3565 concreatio
1365 3497 1489 3584 morta

315 3631 400 3705 quae
426 3616 482 3685 est
501 3610 673 3685 urorum
699 3609 898 3705 corruptio,
925 3609 1029 3704 quasi
1059 3610 1167 3706 dicat,
1193 3612 1223 3685 si
1244 3616 1411 3684 nostrum
1434 3612 1491 3687 ui-

317 3751 407 3806 vere
438 3736 558 3825 potest
590 3729 661 3803 dici
696 3730 842 3824 vivere3
873 3735 912 3804 et
943 3731 1048 3806 dicit:
1082 3725 1112 3804 si
1141 3753 1237 3806 come
1267 3735 1317 3806 du
1345 3755 1399 3806 me
1427 3753 1493 3806 sou

313 3859 430 3945 porte,
449 3850 585 3926 scilicet
610 3847 685 3946 tibi,
704 3849 807 3944 quasi
833 3847 931 3924 dicat
951 3852 1078 3926 tacite:
1104 3851 1202 3925 reier
1220 3853 1428 3927 hominibus
1445 3853 1493 3927 de

320 3972 460 4047 mundo
477 3978 543 4047 tuo
566 3969 682 4046 verba
708 3991 790 4046 mea
817 3970 855 4044 in
881 3991 926 4046 ea
951 3971 1070 4045 lorma
1097 3993 1171 4066 qua
1197 3971 1291 4047 dicta
1317 3980 1402 4047 sunt
1427 3993 1493 4070 per

321 4113 394 4187 me,
408 4091 513 4186 qnasi
529 4091 643 4167 dicatz
661 4091 711 4166 ita
729 4091 887 4166 obscure
904 4091 998 4166 sicut
1018 4091 1177 4166 obscure
1193 4091 1284 4187 dixi3
1302 4113 1371 4167 nec
1389 4115 1495 4188 quae-

322 4233 385 4286 ras
406 4211 692 4287 declarationem
722 4230 744 4286 a
776 4231 836 4286 me
866 4232 978 4306 quam
1012 4211 1135 4286 iacere
1168 4213 1263 4286 nolo.
1299 4211 1343 4286 lit
1374 4213 1496 4288 subdit
1561 4211 1563 4216 ’

322 4331 421 4428 quod
454 4352 528 4406 non
562 4332 817 4427 praetermittat
851 4351 897 4406 ex
930 4331 1114 4407 oblivione
1148 4329 1326 4408 offensam
1362 4333 1495 4409 iactam

239 4521 245 4527 .
322 4452 486 4547 planctae,
512 4451 658 4526 dicens:
684 4457 718 4524 et
749 4455 835 4544 appi
866 4473 891 4524 o
924 4460 1046 4544 meua,
1073 4452 1277 4548 specialiter
1303 4455 1399 4528 inter
1423 4453 1494 4530 alia

322 4571 525 4666 scribenda,
551 4569 694 4663 mondo
718 4579 755 4646 tu
771 4575 803 4644 lc
817 4573 937 4663 cuim,
955 4571 1023 4646 ista
1044 4573 1158 4647 verba
1175 4573 1347 4668 obscura,
1369 4577 1408 4649 di
1423 4594 1497 4647 nou

322 4695 432 4784 octor,
457 4691 560 4786 idest,
586 4699 722 4787 tacere,
746 4695 834 4784 qual
855 4695 916 4765 boi
938 4694 1029 4766 outo
1053 4697 1090 4766 lo
1108 4697 1248 4786 pinum
1266 4693 1368 4791 idest,
1385 4696 1497 4770 arbo-

325 4833 405 4887 rem
431 4810 601 4905 scientie,
627 4809 712 4887 ct'd
734 4834 779 4885 or
803 4815 871 4886 duc
895 4814 983 4887 volte
1004 4813 1169 4887 mndata
1190 4817 1295 4906 pulvi,
1313 4816 1432 4910 primo
1448 4817 1496 4891 ab

386 4999 414 5062 (¹)
432 5004 486 5060 117,
502 4999 612 5062 exwdit.
892 4999 920 5063 Γ)
935 5000 967 5050 E.
983 5001 1051 5052 sieut
1066 5005 1093 5050 et
1109 5001 1225 5066 gentiles.

387 5074 415 5139 (⁸)
432 5075 462 5126 Eo
479 5087 579 5126 olimm·
892 5075 920 5140 (³)
936 5077 967 5126 E.
980 5077 1122 5140 iuuenum·
