4342 6692
696 880 766 946 190
1055 890 1260 946 COMENTUM
1284 892 1507 946 runcanouu

695 1056 821 1109 mezzo
850 1043 942 1109 noue
970 1057 991 1108 c
1022 1038 1079 1107 net
1108 1055 1173 1107 suo
1204 1054 1326 1109 mezzo
1363 1056 1465 1126 mese,
1500 1034 1605 1130 quasi
1638 1034 1744 1127 dicat,
1779 1054 1865 1111 curn

693 1162 749 1229 est
774 1157 932 1230 rotunda
957 1163 995 1231 et
1020 1156 1126 1250 plena
1151 1162 1189 1231 et
1212 1156 1321 1230 lucet.
1340 1156 1385 1229 llt
1405 1160 1490 1231 nota
1516 1156 1616 1251 quod
1641 1156 1866 1251 comparatio

695 1283 750 1351 est
774 1274 940 1373 ¹enemim
967 1275 1053 1370 quia
1083 1275 1178 1349 sicut
1208 1276 1296 1349 luna
1330 1275 1456 1371 recipit
1484 1278 1613 1351 lumen
1642 1296 1665 1351 a
1700 1276 1786 1369 sole,
1814 1276 1865 1351 ita

696 1398 763 1471 ista
790 1398 984 1471 luminaria
1009 1398 1057 1471 ab
1082 1405 1221 1472 aeterno
1247 1397 1343 1491 sole;
1361 1402 1398 1473 et
1424 1397 1517 1471 sicut
1536 1397 1624 1471 luna
1646 1398 1743 1471 lucet
1768 1397 1866 1471 clane

696 1518 734 1591 in
751 1538 894 1612 sereno,
913 1518 962 1592 ita
983 1517 1050 1591 ista
1075 1516 1271 1591 luminaria
1290 1517 1324 1591 in
1340 1509 1377 1608 (¹)
1396 1516 1455 1591 illo
1472 1536 1560 1593 aere
1580 1538 1675 1612 puro
1691 1522 1729 1591 et
1745 1516 1865 1591 claro:

696 1638 783 1713 luna
808 1639 918 1713 etiam
945 1637 1108 1710 maxime
1133 1638 1232 1710 lucet
1252 1636 1288 1709 in
1312 1636 1520 1730 plenilunio,
1538 1643 1575 1711 et
1596 1636 1644 1711 ila
1671 1635 1867 1710 luminaria

695 1758 762 1833 ista
789 1758 952 1832 manime
977 1758 1101 1831 lucent
1117 1756 1240 1851 positis
1261 1756 1299 1831 in
1316 1757 1384 1831 isto
1401 1757 1547 1832 excelso
1564 1763 1701 1832 monte.
1718 1758 1763 1833 Et
1778 1757 1867 1831 sub·

694 1877 746 1951 dit
763 1876 949 1972 quomodo
966 1896 1043 1972 prae
1060 1882 1211 1969 stupore
1232 1876 1411 1951 convertit
1428 1898 1468 1951 se
1486 1877 1532 1951 ad
1551 1876 1756 1974 Virgilium,
1773 1877 1867 1951 sicut

695 2003 777 2071 erat
800 1997 927 2071 solitus
951 1996 1075 2071 lacere
1100 2017 1211 2090 super
1236 1996 1470 2091 admirandis,
1496 1996 1639 2072 dicens:
1672 2000 1707 2071 io
1736 2000 1785 2071 mi
1813 1999 1868 2069 ri-

695 2120 784 2189 ootsi
798 2120 1079 2191 d’ummiraziou
1091 2119 1208 2207 piene,
1222 2136 1267 2189 ex
1287 2116 1449 2191 novitate
1467 2116 1532 2209 rei,
1546 2119 1585 2189 at
1599 2119 1690 2189 bueo
1712 2118 1867 2209 leode,

695 2246 738 2311 ut
761 2238 966 2312 declararet
1001 2237 1087 2309 milri
1115 2237 1202 2329 quid
1234 2236 1301 2309 sibi
1332 2237 1466 2311 vellent
1497 2237 1565 2309 ista
1588 2237 1714 2331 jocula
1739 2257 1866 2329 aurea,

696 2358 759 2433 sed
784 2357 932 2432 irustra.
959 2357 1061 2431 Unde
1086 2356 1191 2431 dicit:
1209 2365 1242 2430 ct
1257 2378 1332 2430 csso
1350 2359 1399 2429 mi
1418 2360 1552 2449 m'sposc
1568 2378 1634 2429 con
1655 2360 1743 2430 ciem
1759 2378 1868 2431 carce

696 2481 735 2551 dt
757 2486 898 2570 stupore
922 2498 993 2549 non
1019 2498 1134 2567 meno,
1160 2496 1272 2571 quam
1295 2496 1384 2572 ego3
1406 2477 1510 2570 quasi
1536 2476 1643 2569 dicat,
1670 2477 1768 2571 quod
1786 2476 1868 2551 Vir·

696 2597 805 2693 gilius
829 2596 974 2671 strinxit
993 2617 1044 2689 se,
1063 2604 1101 2669 et
1125 2596 1225 2669 visus
1249 2602 1305 2671 est
1329 2596 1452 2671 dicere
1478 2603 1571 2671 nutu
1598 2597 1719 2672 iaciei:
1747 2598 1868 2673 minus

696 2717 860 2812 intelligo
885 2717 981 2790 istud
1009 2717 1144 2791 iactum
1172 2738 1284 2809 quam
1312 2723 1369 2811 tu;
1395 2725 1432 2791 et
1457 2718 1563 2811 bene,
1589 2718 1674 2811 quia
1693 2718 1868 2812 sapientia

696 2837 825 2910 mundi
851 2857 897 2911 ex
924 2838 1025 2931 puris
1043 2837 1271 2911 naturalibus
1290 2858 1362 2911 non
1380 2838 1496 2931 potuit
1517 2838 1643 2913 videre
1663 2838 1730 2913 ista
1747 2838 1867 2913 divin

696 2958 851 3051 occulta,
877 2959 990 3033 etsie
1018 2958 1162 3032 additus
1195 2964 1250 3032 est
1279 2964 1408 3052 stupor
1440 2960 1599 3054 stupori3
1627 2959 1724 3035 unde
1752 2960 1867 3033 addit:

695 3081 772 3153 uadi
794 3082 916 3152 render·
938 3082 1107 3171 turpetto
1132 3082 1273 3153 attolle
1297 3100 1386 3169 cose,
1413 3080 1558 3173 scilicet,
1577 3080 1623 3154 ad
1649 3080 1869 3155 candelabra

697 3218 782 3291 quae
807 3198 855 3273 ab
879 3200 954 3272 alto
979 3201 1073 3272 eoelo
1100 3204 1369 3292 presentantur
1399 3198 1435 3273 in
1466 3200 1533 3273 isto
1559 3200 1633 3273 alto
1664 3208 1806 3295 monte3
1831 3207 1871 3275 et

697 3318 800 3393 dicit:
826 3322 887 3391 circ
909 3322 941 3392 si
965 3340 1113 3391 moneare
1136 3323 1297 3391 incontra
1328 3340 1352 3391 u
1384 3323 1445 3392 noi
1474 3313 1504 3393 si
1536 3324 1643 3413 turdi,
1680 3321 1766 3414 quia
1794 3341 1867 3395 non

698 3438 766 3511 nisi
792 3438 895 3513 tarde
921 3438 1073 3513 veniunt
1091 3438 1136 3513 ad
1157 3439 1289 3532 visum,
1312 3439 1403 3514 idest
1428 3439 1674 3535 cognitionem
1702 3440 1867 3534 hominis,

696 3561 758 3631 clrc
779 3562 891 3651 [oron
916 3561 1007 3630 vine
1031 3561 1080 3631 da
1104 3561 1236 3631 novelle
1260 3580 1370 3651 spese.
1762 3624 1767 3633 .

772 3684 825 3751 Lu
849 3682 981 3753 donno
1008 3680 1079 3753 lsta
1105 3686 1161 3753 est
1182 3680 1287 3754 tertia
1306 3700 1390 3774 pars
1407 3680 1599 3775 generalis,
1617 3680 1655 3755 in
1673 3702 1746 3777 qua
1763 3688 1870 3777 poeta

698 3797 869 3873 describit
892 3800 1106 3895 generalem
1133 3800 1335 3875 exercitum
1370 3800 1544 3895 ecclesiae,
1569 3802 1633 3895 qui
1658 3823 1744 3877 cum
1772 3803 1871 3897 prin-

699 3917 839 4011 cipibus
858 3919 935 3992 suis
951 3919 1177 4013 sequebatur
1204 3919 1261 3993 illa
1284 3920 1479 3995 luminaria
1500 3927 1538 3995 et
1557 3920 1710 4019 insignia
1732 3942 1871 4017 praeoe-

698 4038 831 4114 deutia.
859 4040 902 4113 ltt
927 4040 1046 4134 primo
1077 4039 1233 4115 ostendit
1265 4041 1423 4134 qualiter
1448 4041 1507 4117 illa
1533 4042 1693 4136 domina,
1722 4063 1769 4117 ne
1794 4042 1869 4138 ipse

699 4160 885 4235 amitteret
911 4168 1056 4257 tempus
1082 4162 1179 4235 cirea
1212 4182 1343 4255 unum,
1369 4162 1576 4237 invitaverit
1602 4183 1689 4237 eum
1720 4163 1767 4237 ad
1799 4163 1870 4239 alia

700 4279 864 4355 videnda.
900 4280 993 4355 llicit
1026 4301 1136 4377 ergo:
1172 4286 1225 4355 Lo
1258 4285 1392 4373 domic,
1422 4282 1568 4377 scilicet,
1603 4282 1790 4377 diethildis,
1824 4287 1873 4357 nrt

699 4392 842 4491 soridd:
864 4398 993 4493 perede*
1012 4421 1084 4492 pur
1108 4404 1204 4492 ordi,
1235 4402 1337 4495 idest,
1367 4401 1539 4477 ardenter
1569 4402 1818 4499 inflammaris,
1842 4397 1874 4477 sl

699 4522 908 4612 cettaffetto
944 4523 1030 4594 delle
1068 4524 1143 4595 cive
1176 4524 1256 4611 tuci,
1289 4521 1395 4616 idest,
1432 4523 1675 4597 relucentium
1713 4524 1873 4599 lumina·

701 4639 797 4712 rium
814 4631 864 4733 (²),
887 4662 909 4711 e
932 4633 987 4713 rid
1011 4643 1071 4713 clte
1096 4644 1173 4714 eico
1199 4644 1332 4715 diretro
1357 4663 1382 4715 c
1405 4645 1463 4717 tor
1487 4664 1560 4715 oon
1584 4645 1742 4735 mardi?
1768 4643 1872 4738 quasi

701 4759 815 4835 dicat:
841 4766 879 4835 et
905 4782 977 4834 non
1003 4760 1212 4837 consideras
1237 4761 1389 4837 ellectus
1409 4762 1555 4837 illarum
1573 4764 1713 4858 lucum,
1739 4764 1873 4839 scilicet
1964 4744 1970 4756 ’

765 5018 793 5082 (¹)
810 5024 864 5078 11⁷,
881 5021 907 5069 in
923 5021 973 5071 isto
988 5036 1048 5073 aere
1064 5037 1140 5086 puro.
1327 5023 1355 5089 (¹)
1371 5025 1402 5077 lt
1418 5025 1556 5077 luminum.
