4342 6692
691 897 764 965 326
1083 909 1291 964 ceurennum
1314 909 1480 962 rnnnnrsr

691 1049 828 1130 natura
863 1052 1014 1148 provida
1047 1053 1190 1130 ceteris
1223 1053 1470 1128 animantibus
1502 1054 1603 1130 dedit·
1631 1062 1754 1131 cutem
1793 1055 1863 1129 tlu·'

692 1195 785 1268 ram,
804 1193 948 1270 ungues
967 1177 1005 1248 et
1020 1193 1183 1268 eornun3
1202 1172 1339 1248 homini
1359 1173 1456 1248 dedit
1473 1193 1590 1248 unum
1610 1183 1863 1270 reparatorem

690 1293 869 1387 omnium,
882 1292 1018 1367 seilicet
1033 1292 1271 1368 intellectum.
1289 1293 1403 1368 Bruta
1420 1313 1511 1390 ergo
1529 1295 1615 1369 laesa
1636 1314 1709 1370 non
1727 1295 1862 1369 habent

690 1413 909 1507 remedium,
929 1411 996 1486 nisi
1021 1412 1234 1487 conteratur
1250 1413 1298 1488 ab
1315 1413 1483 1488 homine:
1509 1415 1666 1511 elephas,
1683 1415 1861 1508 camelus,¹

688 1533 905 1628 busequas
928 1539 966 1609 et
991 1533 1165 1608 alianum
1184 1533 1373 1608 senuerint
1392 1541 1629 1629 spernuntur,
1650 1553 1742 1610 eum·
1758 1535 1860 1610 obie³

689 1654 762 1728 rint
787 1675 861 1727 non
877 1659 977 1748 sunt3
996 1654 1115 1727 solum
1143 1652 1328 1728 hominem
1348 1653 1484 1728 virtute
1500 1654 1678 1748 dotatum,
1697 1673 1781 1748 quae
1798 1665 1859 1728 su³

687 1774 758 1850 lius
774 1774 931 1848 hominis
943 1781 1004 1869 est,
1016 1773 1174 1869 propria,
1192 1781 1361 1849 senectus
1378 1774 1462 1849 lacit
1478 1774 1739 1868 venerabilem,
1758 1785 1859 1848 mors

686 1893 889 1990 gloriosum
914 1900 952 1969 et
976 1893 1133 1988 felicem,
1159 1914 1271 1988 quem
1299 1893 1470 1969 transfert
1495 1913 1568 1968 non
1593 1891 1797 1989 extinguit.-
1820 1899 1861 1967 et

686 2033 773 2088 eum
790 2014 963 2089 animalia
982 2015 1098 2090 multa
1119 2013 1191 2087 sint
1206 2021 1349 2090 armata
1368 2013 1590 2109 tortitudine,
1608 2014 1800 2090 velocitate
1820 2019 1860 2088 et

684 2134 777 2228 aliis,
802 2135 902 2208 solus
927 2135 1039 2209 homo
1056 2133 1126 2209 luit
1141 2153 1244 2209 eurae
1259 2133 1424 2210 Creatori
1441 2155 1521 2226 suo,
1547 2133 1608 2208 cni
1631 2133 1730 2209 dedit
1745 2127 1858 2229 taput'·

686 2253 882 2349 sperioum,
908 2254 946 2327 in
971 2274 1047 2348 quo
1071 2253 1193 2350 posuit
1213 2255 1340 2328 oeulos
1363 2253 1524 2329 sidereos
1545 2254 1734 2350 inquibus
1756 2255 1856 2330 relu-

685 2379 770 2448 cent
794 2380 936 2450 secreta
961 2373 1086 2469 enimi,
1112 2374 1211 2449 dedit
1236 2374 1415 2450 rationem
1447 2381 1485 2450 et
1516 2375 1742 2469 orationem3
1775 2375 1859 2450 ideo

685 2493 819 2569 merito
835 2493 959 2569 omnia
976 2494 1203 2568 famulantur
1220 2495 1288 2568 illi:
1310 2493 1386 2590 ipse
1403 2493 1526 2569 omnia
1548 2493 1673 2569 domat
1690 2499 1728 2569 et
1746 2495 1859 2569 trahit

682 2612 942 2688 adcommoda
964 2633 1053 2708 sua3
1080 2615 1214 2688 bovem
1241 2614 1478 2710 subjugum,
1499 2593 1642 2708 ¹equum
1669 2613 1740 2687 sub
1769 2613 1854 2687 irae·

683 2754 773 2806 num
791 2738 860 2808 etc.
879 2734 949 2808 Per
965 2733 1191 2809 intellectum
1211 2733 1321 2829 igitur
1340 2733 1453 2808 home
1470 2731 1679 2808 dominatur
1700 2732 1852 2827 eunetis,

681 2861 720 2930 et
751 2855 878 2933 vivens
909 2854 1046 2928 truitur
1071 2856 1155 2929 luce
1180 2853 1342 2928 veritatis
1367 2859 1527 2948 eternae,
1559 2854 1680 2928 clarus
1714 2852 1851 2929 virtute

681 2975 777 3051 inter
792 2975 971 3070 homines,
985 2975 1134 3048 tuturus
1150 2973 1374 3050 clarissimus
1391 2981 1428 3050 et
1444 2975 1574 3049 beatus
1591 2973 1687 3048 inter
1703 2973 1848 3048 eleetos.

679 3095 733 3169 Ex
759 3096 814 3169 his
841 3095 971 3170 notatis
996 3095 1096 3171 clare
1121 3102 1219 3190 patet
1240 3095 1338 3190 quod
1354 3095 1533 3170 dubitatio
1558 3093 1682 3168 llantis
1700 3113 1798 3170 nunc
1812 3087 1854 3188 (¹)'

679 3223 760 3293 erat
774 3216 1008 3311 rationabilis,
1016 3216 1080 3310 qui
1093 3214 1627 3312 mirabaturquomodovivens
1636 3215 1855 3291 ascenderet

678 3339 827 3430 ooelum,
853 3335 1081 3411 considerata
1100 3336 1236 3410 vilitate
1262 3337 1433 3411 lrumanae
1458 3341 1612 3430 naturae,
1631 3354 1715 3429 que
1740 3333 1854 3408 trahit

678 3456 862 3531 hominem
890 3456 1086 3551 deorsum3
1110 3463 1148 3532 et
1167 3455 1353 3551 responsio
1378 3454 1552 3531 Beatricis
1576 3462 1632 3530 est
1657 3454 1844 3530 verissima

676 3575 902 3652 considerata
929 3577 1116 3652 nobilitate
1134 3577 1267 3652 animae
1284 3576 1480 3670 rationalis,
1499 3595 1583 3670 quae
1601 3576 1711 3650 trahit
1729 3575 1846 3671 ipsum

676 3717 837 3790 sursum,
870 3702 908 3773 et
938 3688 1074 3790 tacite)
1107 3696 1262 3772 similem
1289 3695 1378 3790 Deo,
1404 3695 1435 3770 si
1466 3695 1512 3770 sit
1536 3694 1728 3790 dispositus
1753 3694 1851 3769 sicat·

676 3835 774 3890 nuno
799 3822 880 3890 erat
905 3822 1011 3913 poeta
1038 3823 1173 3892 noster.
1199 3809 1301 3891 Sicut
1321 3816 1419 3892 enim
1436 3815 1571 3889 animal
1588 3814 1721 3889 cadens
1738 3814 1849 3888 nimis

672 3935 721 4009 ab
745 3937 820 4010 alto
844 3935 1078 4012 exanimatur
1104 3942 1304 4032 antequam
1332 3933 1521 4030 perveniat
1545 3934 1591 4008 ad
1610 3941 1770 4028 terram3
1794 3935 1843 4009 ita

673 4055 784 4130 homo
814 4054 921 4130 nimis
954 4057 1028 4130 alte
1056 4055 1256 4130 ascendens
1285 4054 1418 4128 amittit
1448 4053 1720 4147 quodammodo
1758 4073 1842 4128 eor-

672 4196 753 4270 pus,
771 4180 808 4251 et
828 4174 933 4270 quasi
959 4176 1048 4252 sirit
1071 4174 1109 4249 in
1134 4176 1239 4250 coelo.
1257 4176 1364 4249 Nune
1387 4174 1433 4248 ad
1460 4173 1602 4249 literam
1621 4173 1840 4250 veniendum

671 4302 737 4370 est.
763 4295 856 4369 llicit
875 4303 983 4391 poeta
1003 4315 1159 4371 movens
1184 4295 1388 4370 secundum
1413 4295 1592 4398 dubium:
1617 4296 1701 4369 Sto
1714 4297 1769 4388 sui
1789 4295 1844 4367 det

666 4418 786 4508 primo
803 4417 928 4490 dedolo
944 4418 1133 4509 dirmsttto,
1154 4416 1251 4510 quod
1279 4437 1383 4490 mens
1404 4435 1487 4491 mea
1505 4415 1674 4490 induerat
1691 4415 1757 4510 pro
1775 4433 1841 4489 no-

669 4535 781 4612 vitate
806 4537 886 4611 soni
911 4543 948 4612 et
974 4536 1133 4630 luminiS,
1156 4559 1223 4631 per
1247 4537 1278 4611 le
1301 4539 1434 4609 somme
1456 4531 1850 4629 paetereunter·

667 4656 764 4752 licet,
790 4657 875 4751 quia
902 4656 1052 4732 Beetrir
1076 4655 1238 4732 breviter
1263 4654 1499 4752 responderat
1528 4653 1617 4729 mihi
1650 4653 1841 4729 subridens

668 4775 715 4850 de
742 4777 900 4875 ruditate
921 4799 1016 4871 mea,
1034 4777 1098 4873 qui
1116 4778 1312 4852 credebam
1334 4777 1454 4851 adhuc
1472 4793 1552 4852 esse
1568 4775 1606 4849 in
1623 4783 1734 4870 terra,
1752 4781 1836 4851 cn'm

728 5033 755 5094 (¹)
770 5031 802 5082 E.
816 5045 868 5083 non
882 5039 949 5083 erat.
1075 5033 1102 5096 (¹)
1120 5033 1150 5084 E.
1168 5031 1229 5084 tacit
1245 5032 1329 5097 ipsum
1345 5031 1455 5083 almllem
1471 5031 1557 5082 dtrlno
1573 5017 1687 5095 sprrriut:
