4342 6692
667 869 737 935 m
999 878 1207 935 MN!
1230 876 1451 934 metronii

664 1026 877 1099 eoeneoeto
904 1029 1009 1098 siano
1031 1027 1070 1099 io
1092 1032 1212 1099 eterno
1240 1026 1273 1097 le
1299 1022 1743 1097 bellorum-Pom
1770 1016 1835 1093 ilie

664 1152 785 1241 poeta,
802 1145 890 1239 qnia
907 1145 1134 1242 tignrorernt
1155 1151 1262 1221 retus
1278 1149 1540 1219 testamentum
1558 1140 1657 1235 qnod
1682 1140 1719 1213 ln
1737 1139 1840 1213 lilrris

666 1264 792 1360 viginti
801 1265 1188 1360 quatuoroontinetnr,
1198 1284 1297 1339 nano
1310 1261 1459 1337 intendit
1468 1260 1676 1337 describere
1685 1278 1837 1353 norom,

668 1384 766 1479 quod
782 1385 974 1459 ordinatur
991 1406 1058 1481 per
1074 1385 1187 1459 libros
1204 1384 1388 1479 quinque:
1406 1388 1444 1457 et
1465 1382 1584 1476 primo
1605 1380 1753 1475 quidm
1770 1380 1837 1457 ‹io-

667 1505 790 1579 seribit
804 1513 965 1600 quatuor
981 1506 1232 1603 evangelistas
1253 1504 1297 1578 Et
1312 1504 1359 1579 ad
1375 1502 1648 1598 intelligentiam
1668 1500 1779 1575 nnius
1794 1501 1839 1575 li-

669 1632 759 1701 tere
772 1626 1040 1721 estsoiendum,
1051 1626 1150 1720 quod
1163 1624 1329 1700 Ezechiel
1343 1630 1469 1699 narrat
1481 1644 1522 1699 se
1535 1622 1665 1698 vidisse
1678 1630 1840 1717 quatuor

669 1745 852 1843 animalia,
870 1768 1032 1841 quorum
1054 1746 1165 1820 unius
1189 1746 1314 1821 rullus
1337 1751 1418 1821 erat
1438 1744 1546 1819 iacies
1564 1744 1732 1838 nominis,
1748 1744 1841 1819 alte-

671 1866 747 1940 rius
767 1866 894 1960 leonis,
910 1867 1064 1941 alterius
1079 1866 1194 1961 bovis,
1213 1864 1364 1941 alterius
1379 1864 1523 1959 aquilae.
1545 1866 1646 1939 liano
1663 1864 1839 1939 visionem

670 1986 819 2083 exponit
843 1987 1045 2083 Gregorius
1063 2007 1132 2083 pro
1152 1985 1382 2083 evangelistis
1403 1984 1533 2081 primo,
1551 1991 1589 2060 et
1608 1984 1657 2061 ita
1678 1986 1843 2079 loquitur

671 2106 730 2181 hio
755 2116 863 2202 poeta
892 2114 1028 2183 noster.
1060 2108 1250 2182 Mattheus
1279 2106 1377 2181 enim
1407 2104 1518 2200 ooepit
1533 2098 1569 2197 (¹)
1602 2106 1649 2179 ab
1679 2106 1843 2179 humana

671 2228 920 2323 generatione,
946 2228 1029 2303 ideo
1055 2228 1164 2302 habet
1190 2226 1319 2301 taciem
1345 2225 1524 2300 hominis:
1551 2226 1694 2300 llarcus
1719 2246 1742 2299 a
1767 2224 1844 2299 cla-

673 2368 779 2423 more
791 2340 829 2440 (¹)
856 2349 893 2422 in
917 2349 1074 2443 deserto,
1101 2347 1184 2423 ideo
1214 2348 1325 2423 habet
1351 2347 1479 2421 taciem
1512 2347 1645 2422 leonis:
1671 2348 1788 2421 Lucas
1804 2336 1841 2439 (³)

674 2489 764 2544 vero
781 2470 891 2545 habet
915 2470 1047 2545 laniem
1072 2468 1175 2543 rituli
1202 2466 1288 2562 quia
1314 2467 1462 2563 incoepit
1482 2488 1503 2541 a
1521 2466 1716 2542 sacrificio:
1734 2468 1846 2541 loan-

675 2608 741 2663 nes
765 2589 874 2663 habet
899 2589 1028 2664 taciem
1052 2588 1186 2682 aquilae
1212 2588 1299 2681 quia
1324 2588 1473 2682 incoepit
1488 2610 1510 2663 a
1528 2586 1715 2663 divinitate
1740 2588 1842 2663 verbi

675 2709 758 2804 llei3
786 2709 867 2784 ideo
892 2730 999 2784 more
1022 2710 1155 2804 aquile
1181 2708 1296 2783 inlinit
1313 2710 1440 2784 oculos
1457 2709 1493 2783 in
1516 2710 1641 2784 solem.
1660 2710 1765 2783 Nunc
1781 2728 1847 2783 or·

675 2830 760 2905 <lina
785 2830 929 2905 literam
960 2830 1031 2905 sin:
1062 2835 1210 2917 Qoottro
1238 2832 1396 2922 annali,
1424 2830 1570 2924 scilicet,
1600 2828 1846 2925 evangelistae,

676 2959 846 3026 ooronoto
861 2953 1003 3025 cimmo
1019 2953 1057 3025 di
1071 2953 1176 3024 eorde
1189 2953 1338 3045 fronde,
1352 2950 1437 3044 quia
1456 2956 1562 3025 erant
1578 2949 1795 3024 virentiores
1807 2936 1845 3039 (⁴)

677 3080 714 3147 et
739 3073 968 3147 florentiores
993 3092 1105 3166 quam
1139 3072 1187 3145 illi
1219 3070 1394 3165 senioreS,
1420 3071 1505 3165 quia
1533 3070 1717 3167 juniores3
1750 3070 1849 3146 unde

677 3194 766 3269 lidos
796 3195 878 3289 plus
906 3194 1053 3291 vigebat
1087 3193 1123 3265 in
1158 3192 1221 3287 eie,
1257 3213 1410 3265 vennere
1441 3212 1610 3285 oppresso
1645 3194 1713 3287 lor,
1746 3192 1849 3288 idest,

678 3322 759 3410 post
787 3315 867 3388 illos
895 3313 1020 3410 viginti
1055 3320 1217 3407 quatuor
1251 3333 1273 3387 a
1307 3311 1425 3406 simili,
1465 3334 1560 3387 come
1593 3316 1666 3388 luce
1697 3318 1850 3389 recondo

679 3437 765 3527 loce,
792 3432 895 3527 idest,
921 3432 1087 3527 sequitur
1115 3433 1249 3526 lucem,
1266 3436 1304 3505 in
1328 3435 1412 3526 oiel;
1432 3440 1469 3507 el
1494 3439 1550 3509 est
1575 3435 1720 3529 propria
1745 3454 1850 3509 com·

679 3554 832 3649 paratio,
858 3552 944 3646 quia
969 3552 1063 3626 sicut
1086 3551 1123 3625 in
1150 3553 1244 3626 coelo
1270 3573 1344 3627 una
1366 3554 1468 3628 stella
1492 3554 1611 3628 oritur
1635 3562 1714 3651 post
1740 3554 1847 3629 aliam

680 3674 728 3748 ad
761 3674 1041 3747 illuminandum
1078 3671 1258 3747 mundum
1292 3681 1458 3769 tempore
1488 3674 1615 3769 noctis,
1649 3676 1699 3751 ita
1731 3677 1851 3771 primo

681 3794 765 3868 libri
789 3794 928 3887 antiqui
946 3796 1122 3869 luxemnt
1140 3794 1176 3866 in
1195 3795 1333 3870 mundo
1351 3795 1386 3869 in
1405 3802 1573 3891 tempore
1591 3798 1850 3891 tenebrarum3

682 3922 807 4011 postea
832 3921 1016 3989 venerunt
1041 3914 1199 3989 maiores
1223 3914 1325 3990 luces
1351 3915 1386 3989 in
1414 3922 1579 4012 tempore
1599 3918 1738 4013 gratiae,
1756 3918 1851 3993 soili-

683 4042 741 4110 cet
769 4035 850 4110 libri
880 4034 1199 4131 evangelistarum.
1231 4034 1291 4109 lsti
1311 4027 1347 4128 (⁵)
1379 4035 1463 4111 dico
1499 4045 1699 4133 venerunt,
1729 4042 1853 4133 peseto

682 4157 759 4229 olr'i
778 4159 864 4249 fiori
879 4179 898 4230 o
914 4158 1038 4230 l’oltre
1054 4158 1189 4248 [roseto
1211 4158 1347 4246 ortelle,
1369 4157 1505 4251 quibus
1525 4166 1605 4233 erat
1625 4161 1732 4255 plena
1750 4168 1851 4237 terra

684 4283 821 4369 sancta,
847 4276 914 4370 ibi:
938 4279 1001 4370 for
1021 4278 1132 4367 trient,
1162 4298 1229 4371 pro
1254 4276 1407 4372 liberati,
1428 4281 1476 4352 do
1502 4282 1610 4371 quello
1633 4284 1727 4373 genti
1744 4285 1850 4376 olette,

685 4396 787 4490 idest,
807 4394 940 4471 abillis
964 4395 1089 4491 viginti
1112 4403 1326 4491 quonaone
1351 4400 1510 4491 rimpotto
1526 4402 1564 4473 dl
1588 4422 1654 4493 mo,
1677 4392 1854 4495 contra(⁶)

685 4517 814 4591 taciem
834 4536 967 4609 meam,
982 4518 1167 4590 dottaltro
1183 4520 1333 4611 morodo,
1353 4518 1455 4611 idest,
1469 4519 1506 4591 in
1524 4520 1689 4595 ulteriori
1708 4524 1786 4617 ripa
1804 4511 1855 4617 (⁷),

746 4689 775 4752 (¹)
791 4688 821 4740 B.
837 4690 935 4754 incipit.
1249 4686 1276 4753 [¹)
1293 4688 1323 4739 E.
1340 4704 1355 4739 n
1372 4690 1500 4742 clamante
1517 4692 1552 4743 in.

747 4766 774 4828 m
789 4766 820 4817 E.
836 4767 943 4817 Laeua
954 4767 1088 4824 mathie
1105 4766 1163 4819 ideo
1178 4766 1256 4817 nabot
1271 4766 1364 4817 laolom
1381 4768 1587 4821 vitelliorum
1597 4770 1685 4835 moon
1697 4784 1711 4821 a
1724 4770 1857 4823 divinitate

687 4842 757 4891 vorbi
774 4842 830 4902 ital,
847 4844 904 4894 ideo
920 4844 997 4895 hebet
1013 4844 1105 4895 taciem
1123 4844 1224 4909 aquile,
1241 4845 1301 4908 quia
1317 4858 1391 4895 more
1408 4846 1476 4897 iltius
1491 4846 1679 4899 infixitoculon
1696 4849 1722 4899 lrr
1738 4848 1829 4901 solem.

749 4916 777 4979 (Ἴ
793 4918 823 4967 E.
839 4920 999 4971 nitentiores.
1249 4918 1276 4979 (⁸)
1293 4919 1323 4969 Ε.
1339 4920 1390 4969 ista
1407 4921 1473 4972 dico.

751 4994 779 5058 (⁸)
794 4995 825 5045 E.
840 4995 905 5046 illest
921 5002 1020 5049 eontra.
1251 4994 1279 5059 (²)
1297 5000 1350 5059 11⁷,
1367 4998 1423 5062 ripa
1440 4998 1562 5063 llnmlnls,
1578 5000 1646 5065 qula.
