4342 6692
683 901 754 970 ate
1044 912 1247 970 couuuruu
1274 913 1493 968 ruueuruun

681 1081 835 1158 pomum
865 1059 1046 1155 optimum
1078 1065 1206 1134 oontra
1238 1078 1390 1134 omnem
1424 1057 1499 1134 vim
1530 1057 1673 1150 veneni,
1700 1055 1800 1150 quod
1815 1049 1852 1148 (¹)

681 1181 791 1257 habet
809 1199 980 1274 saporem
1001 1179 1107 1255 vaide
1123 1200 1317 1273 amarum;
1336 1178 1434 1255 unde
1452 1184 1559 1270 eurat
1577 1178 1698 1252 subito
1718 1195 1854 1271 pueros

682 1302 817 1398 quibus
841 1301 1012 1376 crudeles
1036 1321 1207 1376 novercae
1224 1300 1405 1374 dederunt
1423 1320 1608 1375 venenum
1628 1298 1853 1395 pestiferum.

684 1424 728 1496 Et
753 1422 805 1497 sio
830 1422 912 1497 vide
940 1431 1121 1516 quantum
1151 1417 1263 1497 arbor
1288 1423 1368 1496 haee
1391 1421 1637 1496 saluberrima
1662 1420 1856 1495 oonveuiat

685 1563 773 1618 oum
791 1542 927 1617 arbore
943 1542 1021 1616 tali:
1035 1541 1157 1618 differt
1175 1540 1354 1616 tamenin
1372 1542 1441 1616 hoe
1459 1539 1559 1634 quod
1575 1539 1688 1615 arbor
1699 1539 1855 1635 paradisi

686 1662 997 1759 percontrarium
1023 1670 1237 1738 nostrarum
1266 1661 1444 1737 arborum
1463 1681 1609 1756 semper
1628 1661 1855 1757 ingrossatur

684 1782 923 1858 aseendendo.
943 1781 1035 1856 Dicit
1051 1803 1162 1879 ergo:
1188 1783 1392 1856 medionon
1411 1801 1490 1872 suo,
1512 1781 1614 1874 idest,
1635 1801 1772 1856 corona
1794 1801 1854 1855 ra·
1901 1764 1905 1773 ’

687 1923 836 1977 morum
849 1901 959 1975 huius
972 1902 1126 1995 arboris
1140 1905 1199 1976 ode
1220 1909 1316 1976 tonte
1330 1896 1392 1994 pid
1404 1905 1436 1974 si
1447 1903 1570 1994 muta,
1587 1899 1689 1994 idest,
1702 1899 1855 1995 amplia·

685 2028 758 2116 tur,
772 2029 903 2114 quanto
913 2017 975 2114 piri
987 2018 1073 2112 den,
1086 2021 1189 2115 idest,
1202 2021 1365 2096 ascendit
1378 2041 1538 2114 sursum,
1549 2025 1635 2114 sora
1652 2023 1854 2112 ommium,

684 2149 779 2218 esset
804 2142 963 2239 inspecta
989 2162 1077 2216 cum
1103 2143 1356 2236 admiratione,
1377 2145 1473 2233 dopl'
1488 2143 1579 2234 Indi,
1599 2141 1702 2236 idest,
1721 2141 1770 2217 ab
1790 2142 1856 2216 iliis

684 2266 731 2340 de
761 2264 873 2357 ludia,
897 2267 955 2336 nei
978 2264 1094 2336 doreti
1122 2266 1179 2336 lor
1206 2283 1272 2356 per
1304 2266 1455 2356 ouozzo,
1485 2262 1590 2356 quasi
1619 2262 1725 2356 dieat,
1758 2261 1857 2356 quod

685 2385 746 2459 iila
771 2384 882 2460 arbor
907 2403 992 2477 quae
1022 2388 1077 2457 est
1105 2383 1212 2458 altior
1247 2383 1284 2457 iu
1315 2383 1413 2457 ludia
1447 2390 1503 2457 est
1536 2383 1657 2458 brevis
1688 2389 1855 2478 respectu

686 2505 800 2578 istius
825 2504 870 2577 Et
894 2503 952 2576 hio
978 2509 1063 2576 nota
1089 2504 1188 2597 quod
1213 2504 1292 2578 haeo
1318 2508 1373 2578 est
1390 2503 1450 2577 iiia
1470 2502 1582 2579 arbor
1599 2524 1621 2578 a
1640 2524 1713 2598 qua
1734 2502 1856 2578 excisa

687 2623 755 2698 iuit
780 2623 838 2697 iiia
863 2623 987 2717 arbor,
1005 2623 1052 2697 de
1069 2643 1142 2716 qua
1161 2622 1299 2698 dietum
1325 2629 1380 2698 est
1405 2621 1442 2696 in
1468 2623 1606 2698 oirouio
1626 2625 1855 2719 gulosorum,

688 2763 773 2836 quae
797 2742 907 2817 habet
933 2748 1076 2836 partem
1107 2743 1335 2838 superiorem
1366 2743 1582 2839 ampliorem
1613 2743 1699 2838 quia
1731 2742 1856 2838 recipit

687 2862 957 2937 nutrimentum
991 2884 1014 2936 a
1044 2862 1151 2958 ooelo,
1182 2863 1246 2938 ubi
1271 2862 1424 2938 arbores
1455 2870 1590 2938 uostrae
1624 2864 1802 2960 recipiunt
1833 2886 1856 2939 a

688 2988 798 3057 term.
817 2982 909 3056 Nota
926 2982 1036 3058 etiam
1064 2983 1123 3057 hic
1148 2983 1258 3078 quod,
1279 2988 1371 3058 teste
1388 2981 1538 3079 Seneca,
1554 2983 1724 3080 Virgilius
1741 2983 1858 3080 magis

687 3102 803 3178 voluit
836 3102 1019 3178 delectare
1050 3104 1227 3178 lectorem
1262 3125 1375 3198 quam
1410 3104 1544 3178 dooere
1579 3104 1790 3201 agriooIam.
1808 3143 1858 3158 -

688 3229 809 3298 Beato.
848 3223 913 3298 Hic
950 3229 1057 3319 poeta
1087 3223 1174 3318 quia
1207 3224 1360 3319 dixerat,
1387 3225 1486 3318 quod
1524 3244 1653 3300 omnes
1685 3226 1858 3322 cuipare·

688 3349 772 3418 rant
796 3342 1077 3419 inobedientiam
1104 3343 1202 3438 ddae,
1230 3365 1328 3418 nuno
1362 3345 1517 3420 ostendit
1544 3345 1701 3438 qualiter
1729 3365 1857 3420 omnes

687 3463 1042 3538 commendaverunt
1066 3463 1310 3540 obedientiam
1337 3464 1468 3540 Christi
1494 3464 1556 3559 qui
1584 3465 1774 3540 renovavit
1797 3487 1859 3540 ar·

687 3583 818 3657 borem
845 3603 958 3676 quam
991 3582 1107 3656 Adam
1133 3585 1362 3678 spoliaverat.
1401 3583 1493 3658 Dicit
1526 3603 1640 3680 ergo:
1666 3591 1774 3660 Bouto
1798 3589 1858 3677 sd,

687 3704 822 3797 prison,
846 3705 907 3776 ote
930 3724 1003 3777 uon
1026 3705 1185 3797 discindi,
1206 3704 1308 3798 idest,
1326 3703 1534 3800 disrumpis,
1551 3708 1608 3778 ool
1622 3705 1734 3800 deero,
1755 3705 1859 3800 quasi

688 3824 795 3918 dicat,
817 3823 880 3917 qui
898 3843 971 3897 non
987 3830 1126 3921 gustas,
1144 3828 1257 3898 d'esto
1283 3828 1398 3917 loono,
1416 3825 1574 3900 scientiae
1594 3825 1679 3901 honi
1697 3833 1736 3902 et
1753 3826 1858 3920 maii;

688 3945 759 4019 hoo
787 3945 871 4020 dicit
900 3945 987 4039 quia
1021 3945 1184 4020 Christus
1216 3946 1332 4020 iaetus
1367 3952 1423 4020 est
1456 3946 1628 4022 obediens
1663 3947 1858 4042 usquead

690 4072 861 4160 mortem,
879 4065 940 4140 ubi
957 4065 1074 4140 Adam
1096 4086 1169 4140 non
1194 4066 1262 4139 init
1280 4066 1454 4141 obediens
1472 4067 1537 4140 nisi
1556 4087 1621 4163 per
1640 4087 1775 4164 paucas
1793 4069 1860 4142 ho-

690 4205 770 4279 ras;
796 4185 879 4260 ideo
903 4185 998 4260 bene
1022 4185 1128 4260 dicit:
1146 4187 1244 4260 doleo
1260 4189 1299 4259 al
1313 4193 1427 4277 proto,
1449 4187 1512 4262 sed
1533 4208 1703 4264 amarum
1722 4187 1860 4282 ventri3

690 4304 789 4379 unde
812 4303 916 4379 dicit:
936 4308 1062 4397 pescia
1086 4308 1146 4378 cite
1160 4309 1186 4379 'l
1209 4313 1327 4380 oenoe
1348 4309 1468 4380 maisi
1488 4314 1593 4401 torre,
1614 4307 1715 4403 idest,
1733 4329 1862 4385 amare

689 4429 884 4517 torquetur
909 4431 946 4498 et
971 4431 1230 4519 tormentatur,
1256 4429 1389 4518 poindi,
1413 4427 1462 4500 ab
1489 4427 1548 4500 iiio
1573 4433 1697 4523 gustu,
1719 4435 1760 4501 ut
1781 4430 1861 4524 jam

687 4543 804 4640 patuit
828 4544 866 4618 in
890 4545 1017 4640 primis
1041 4545 1266 4640 parentibus.
1289 4547 1333 4621 Et
1354 4547 1469 4644 tangit
1488 4548 1585 4622 unde
1606 4549 1747 4624 venerit
1766 4549 1862 4623 istud

687 4665 825 4739 dictum
857 4673 894 4740 et
927 4666 1157 4742 oootirmatio
1188 4667 1283 4762 dieti,
1320 4667 1466 4742 dicens:
1498 4672 1549 4762 pli
1580 4671 1676 4764 altri,
1713 4669 1861 4764 seilicet,

688 4786 797 4880 beati,
816 4790 993 4878 pridoron
1017 4780 1101 4880 cosi,
1119 4787 1213 4862 siout
1237 4788 1374 4863 dictum
1401 4796 1457 4865 est
1482 4790 1518 4864 iu
1545 4791 1691 4865 laudem
1719 4791 1860 4888 gryphi,

753 5042 780 5106 (¹)
796 5045 827 5094 E.
843 5044 914 5108 quod
929 5057 1037 5108 pomum
1053 5045 1139 5098 habet.
