4342 6692
655 837 726 904 330
1045 850 1249 906 counu'ruu
1274 851 1441 904 rununrsr
1518 879 1521 886 ,

653 999 772 1089 questi,
788 995 933 1090 scilicet,
947 995 1049 1090 ordo,
1068 992 1089 1070 i
1104 1004 1308 1090 pernotare
1324 999 1381 1070 nei
1395 1015 1459 1069 oor
1475 998 1628 1089 mortali,
1652 996 1738 1090 quia
1755 1016 1820 1071 cor

653 1115 844 1189 hominum
871 1123 926 1192 est
950 1137 1096 1212 semper
1122 1117 1158 1190 in
1185 1123 1300 1211 motu,
1318 1123 1356 1192 et
1373 1123 1521 1210 praestat
1537 1123 1680 1190 motum
1702 1116 1823 1190 omni-

611 1219 614 1222 ’
652 1234 723 1308 bn's
749 1236 923 1310 membris
947 1243 984 1310 et
1008 1235 1157 1311 animali
1183 1236 1386 1311 secundum
1416 1234 1526 1308 istum
1561 1235 1726 1310 ordinem
1758 1256 1823 1311 na-

654 1355 823 1449 turalem,
841 1376 916 1451 quo
934 1362 1037 1430 motu
1055 1363 1222 1432 cessante
1242 1362 1360 1432 cessat
1380 1355 1471 1449 vita3
1490 1362 1641 1431 movent
1655 1349 1693 1449 (¹)
1710 1356 1821 1431 etiam

653 1476 764 1551 corda
778 1476 968 1550 hominnm
985 1484 1025 1550 ut
1039 1477 1255 1552 naturaliter
1268 1482 1439 1571 appetant
1456 1497 1645 1552 summum
1663 1478 1820 1570 bonum;

653 1599 772 1686 questi,
798 1595 944 1690 scilicet,
969 1595 1074 1690 ordo,
1097 1600 1230 1689 stringe
1252 1603 1286 1670 et
1308 1599 1428 1670 aduno
1454 1599 1490 1670 ta
1516 1603 1614 1670 terra
1637 1600 1676 1670 in
1699 1590 1745 1670 se‘.
1768 1596 1821 1670 nd

652 1715 749 1811 quod
763 1722 817 1790 ast
829 1715 1018 1790 sciendum
1031 1716 1130 1812 quod
1144 1716 1324 1792 elementa
1338 1715 1510 1792 interiora
1528 1722 1613 1790 sunt
1630 1716 1723 1791 sicut
1741 1738 1821 1791 ma·
1917 1809 1922 1815 ²

651 1835 744 1911 teria
769 1843 936 1930 respectu
958 1836 1204 1932 superiorum,
1225 1845 1262 1912 et
1282 1837 1472 1932 superiora
1493 1843 1579 1912 sunt
1601 1838 1766 1914 formalia
1782 1831 1818 1932 (¹)

651 1961 688 2031 at
704 1956 902 2051 spiritualia
920 1964 1088 2054 respeotn
1106 1958 1341 2052 interiorum5
1360 1957 1441 2034 ideo
1460 1959 1576 2032 multo
1589 1960 1671 2053 plus
1685 1960 1820 2035 habent

649 2074 696 2150 de
721 2077 801 2151 loco
827 2098 941 2172 quam
968 2077 1160 2152 interiora:
1193 2077 1290 2152 unde
1323 2077 1415 2175 ignis
1447 2079 1757 2173 spiritualissimus
1782 2087 1819 2156 et

649 2197 905 2272 subtilissimus
931 2218 1130 2293 corporum
1157 2198 1283 2293 implet
1309 2204 1427 2273 totum
1449 2219 1652 2274 concavum
1672 2201 1765 2295 ooeli,
1783 2207 1820 2276 et

648 2336 715 2391 aer
750 2318 871 2391 minus
905 2318 1101 2412 spiritualis
1132 2317 1259 2413 implet
1292 2326 1498 2394 ooncavum
1533 2321 1654 2394 minus
1686 2320 1820 2396 scilicet

648 2435 758 2533 ignis:
784 2457 852 2512 aer
882 2437 1031 2533 quidem
1066 2438 1178 2512 habet
1209 2438 1402 2513 humidum
1439 2429 1605 2532 liuensff)
1640 2447 1746 2515 extra
1781 2459 1820 2514 se

649 2558 768 2654 ip'sum
794 2557 842 2632 ad
868 2557 1005 2632 siecum
1033 2557 1144 2654 ignis3
1169 2557 1232 2633 sed
1261 2579 1359 2653 aqua
1388 2559 1585 2634 materialis
1614 2558 1720 2635 valde
1745 2579 1818 2634 non

650 2684 768 2775 potest
793 2679 979 2773 complere
1004 2678 1127 2752 locum
1153 2678 1307 2753 alicuius
1333 2680 1495 2774 concavi,
1520 2700 1605 2754 curn
1626 2680 1817 2754 humidum

650 2800 731 2875 eius
756 2799 846 2872 llnat
869 2797 907 2872 in
932 2818 971 2872 se
997 2798 1116 2892 ipsum
1150 2804 1186 2873 et
1217 2799 1268 2873 sio
1296 2800 1525 2874 contrahitur
1558 2799 1710 2874 materia
1741 2799 1819 2873 eius

649 2920 687 2994 in
712 2920 924 3013 quantitate.
951 2921 1065 2994 Terra
1091 2925 1217 2993 autem
1239 2919 1528 2994 materialissima
1547 2919 1740 2994 minimum
1758 2941 1819 2996 ca·

649 3040 700 3136 pit
717 3040 852 3134 locum,
869 3046 906 3114 et
924 3039 1005 3114 ideo
1022 3045 1145 3133 partes
1169 3039 1249 3114 eius
1270 3036 1494 3114 contendunt
1520 3039 1557 3112 in
1583 3045 1752 3114 centrum
1782 3046 1818 3116 et

571 3244 573 3247 ,
649 3158 897 3255 comprimunt
921 3179 962 3232 se
986 3158 1083 3234 circa
1110 3159 1249 3254 ipsum3
1272 3159 1353 3233 ideo
1374 3165 1522 3254 propter
1545 3160 1601 3233 sui
1629 3160 1817 3234 minimam

649 3281 889 3376 quantitatem
917 3285 994 3353 tota
1019 3286 1121 3354 terra
1137 3278 1269 3352 dicitur
1286 3285 1456 3353 centrum
1475 3277 1587 3353 totius
1603 3299 1719 3374 sperae
1735 3280 1816 3354 ooeli

648 3407 686 3477 ot
712 3400 849 3474 mnndi.
875 3401 925 3474 Et·
942 3399 1040 3474 addit
1065 3405 1175 3473 antor
1201 3399 1298 3494 quod
1326 3419 1398 3473 non
1424 3401 1543 3473 solum
1570 3401 1638 3476 ista
1663 3419 1815 3495 corpora

649 3521 830 3595 naturalia
854 3521 913 3594 hic
937 3519 1029 3593 ordo
1053 3519 1220 3614 disponit,
1238 3519 1301 3594 sed
1322 3519 1434 3594 etiam
1457 3519 1658 3614 rationalia,
1675 3520 1814 3595 dicens:

648 3637 695 3714 nd
711 3662 783 3733 pur
808 3645 925 3732 questo
949 3659 1049 3733 orco,
1083 3638 1186 3733 idest,
1219 3637 1322 3733 ordo,
1348 3646 1385 3714 et
1417 3640 1511 3714 bene
1543 3647 1650 3714 vocat
1675 3659 1815 3733 arcum,

649 3761 736 3856 quia
760 3760 882 3857 dirigit
906 3760 1030 3835 omnia
1047 3760 1083 3833 in
1110 3759 1220 3834 tinem
1242 3781 1365 3853 suum,
1384 3759 1477 3835 siout
1494 3760 1633 3857 sagipta
1649 3760 1816 3858 dirigitur

647 3882 685 3956 in
711 3881 858 3978 signnm
883 3881 1046 3954 abaron
1072 3879 1296 3977 sagiptantis,
1324 3886 1448 3972 soettu,
1475 3879 1575 3975 idest,
1593 3879 1727 3977 dirigit,
1744 3886 1815 3953 nort

644 4022 716 4096 pur
741 4004 772 4074 te
795 4007 956 4075 meomre
979 4001 1039 4073 cle
1062 4021 1128 4073 son
1154 4004 1240 4094 soor
1264 4001 1555 4093 d'in‘tettipmzio,
1584 3999 1677 4075 sicut
1706 4001 1813 4074 bruta
1854 4046 1857 4053 ,

647 4141 732 4216 quae
756 4129 843 4195 sunt
867 4127 972 4196 extra
998 4120 1192 4214 rationem,
1218 4139 1277 4192 nto
1307 4122 1426 4212 quelle,
1455 4118 1601 4212 scilicet,
1627 4126 1814 4194 creaturas

645 4240 778 4339 dirigit,
796 4243 856 4314 ote
871 4243 990 4314 dunno
1005 4241 1165 4313 inteltetto
1182 4261 1201 4312 e
1217 4260 1352 4330 amore,
1370 4239 1464 4312 siout
1481 4240 1631 4335 angelos
1648 4246 1685 4313 et
1697 4239 1814 4313 homi-

647 4380 785 4437 nes-
799 4365 849 4434 to
868 4363 1112 4454 providentio.
1139 4361 1244 4435 Nuno
1268 4359 1400 4436 [tantes
1430 4380 1476 4434 ex
1496 4359 1696 4454 ‘praemissis
1721 4354 1816 4434 elicit

645 4503 753 4558 suam
788 4482 1058 4557 conclusionem
1096 4479 1340 4576 principaliter
1373 4479 1561 4554 intentam.
1597 4481 1682 4553 Vult
1715 4480 1812 4555 enirn

645 4602 852 4678 conclusive
885 4601 1008 4676 dicere
1041 4599 1139 4696 quod
1178 4598 1403 4695 providentia
1441 4599 1562 4674 divina
1601 4619 1685 4694 quae
1718 4599 1819 4673 dedit·

646 4723 811 4798 ordinem
836 4722 1017 4818 optimum
1043 4721 1214 4797 omnibus
1240 4721 1351 4795 rebus
1377 4719 1603 4796 naturalibus
1634 4719 1813 4795 ordinavit

709 4980 736 5043 (¹)
753 4979 783 5030 E.
800 4985 886 5031 mount
901 4982 988 5031 etium.
1114 4977 1142 5040 (¹)
1158 4979 1189 5030 E.
1206 4977 1352 5030 turmatim.
1478 4975 1504 5038 i'l
1520 4980 1543 5035 ⁴·
1561 4975 1671 5027 terrens.
