4342 6692
712 873 757 941 60
1071 887 1277 943 uounnruu
1301 891 1520 945 nunnnronu

711 1040 835 1109 tamen
853 1035 987 1109 mulier
1004 1036 1119 1110 soleat
1134 1035 1287 1111 laeiliter
1299 1035 1461 1113 oblivisci
1479 1036 1644 1133 priorum
1663 1037 1879 1134 affectuum,

710 1161 754 1229 ut
777 1161 886 1230 autor
910 1154 993 1230 alibi
1015 1155 1094 1251 jam
1120 1155 1220 1230 dixit.
1245 1156 1338 1233 Dicit
1363 1177 1473 1254 ergo:
1500 1163 1545 1230 m
1567 1161 1636 1250 epti
1660 1180 1684 1232 a
1709 1180 1775 1251 me,
1792 1180 1881 1254 sup-

709 1278 779 1371 ple,
806 1276 989 1370 respondit
1014 1275 1203 1350 Foresius:
1232 1281 1283 1348 La
1308 1279 1410 1352 Neda
1441 1281 1527 1369 mia,
1552 1278 1678 1353 vetula
1708 1299 1805 1352 uxor
1829 1278 1880 1354 sic

709 1403 850 1491 vocata,
884 1389 1030 1470 ritorto
1060 1399 1106 1470 m’
1119 1400 1166 1470 lo
1196 1401 1357 1472 eoodotto
1381 1420 1406 1471 o
1439 1399 1500 1471 der
1531 1400 1566 1471 Io'
1595 1401 1693 1472 dolce
1721 1403 1881 1473 ausmzio

709 1519 762 1590 de'
771 1509 923 1609 martiri,
936 1517 1038 1611 idest,
1051 1517 1196 1593 dulcem
1215 1517 1498 1594 amaritudinem
1513 1538 1727 1614 poenamm:
1744 1525 1883 1614 quanto

710 1637 807 1712 enim
824 1635 1023 1711 delectatio
1050 1637 1087 1710 in
1112 1636 1192 1712 cibo
1217 1644 1255 1713 et
1280 1645 1367 1734 potu
1395 1636 1464 1710 luit
1488 1659 1634 1734 magna,
1653 1645 1754 1713 tanto
1770 1659 1880 1734 poena

710 1762 765 1832 est
789 1777 918 1831 amara
943 1755 980 1829 in
1004 1755 1103 1831 lame
1128 1764 1164 1832 et
1189 1755 1257 1851 siti,
1284 1764 1322 1831 et
1347 1765 1471 1832 tamen
1502 1757 1618 1832 dulcis
1649 1759 1794 1835 ridetur
1819 1779 1882 1832 ra-

596 1903 600 1914 ·
710 1876 807 1950 tione
831 1875 925 1970 spei3
952 1879 1008 1948 cot
1028 1897 1092 1948 sao
1113 1878 1237 1970 proruo
1265 1879 1409 1968 dirotto,
1435 1876 1484 1951 ita
1510 1877 1610 1971 quod
1640 1877 1762 1952 sobria
1792 1876 1876 1972 vini,

709 1995 803 2071 lanta
829 2002 883 2070 est
908 1996 1058 2092 prodiga
1085 1998 1347 2094 lacrymarum,
1375 1998 1497 2091 etita,
1524 2000 1628 2071 m'lro
1654 2005 1760 2071 uodo
1785 2000 1880 2072 della

709 2125 818 2207 costa,
844 2117 989 2211 seilicet,
1021 2117 1183 2192 inferiori
1218 2119 1362 2214 montis,
1395 2139 1459 2191 ove
1495 2121 1524 2191 ε’
1537 2124 1684 2211 arpenn,
1709 2118 1756 2192 ad
1781 2125 1877 2192 tem-

709 2259 791 2332 pus,
817 2244 859 2310 ut
884 2237 1020 2311 dictum
1048 2244 1115 2330 est,
1140 2240 1192 2310 eo’
1205 2241 1283 2311 suot
1302 2240 1441 2330 prieplri
1463 2238 1584 2329 diooti,
1602 2244 1639 2312 et
1655 2237 1737 2312 ideo
1757 2223 1876 2334 justis,

711 2377 730 2430 e
754 2378 819 2431 con
843 2359 984 2449 sospiti,
1005 2378 1028 2430 a
1045 2352 1226 2452 prolundo
1244 2357 1373 2432 cordis,
1391 2359 1436 2430 Et
1452 2357 1554 2432 dicit:
1580 2359 1760 2430 etderuto
1777 2359 1878 2430 m’lru

712 2481 804 2570 deptt
828 2481 912 2551 altri
940 2477 1283 2569 petinentibus
1315 2477 1530 2575 purgatorii,
1555 2477 1700 2571 seilicet,
1731 2477 1776 2552 de
1807 2477 1881 2552 eir-

713 2601 797 2675 culo
822 2599 1013 2694 superbiae,
1039 2597 1182 2672 inridiae
1197 2591 1234 2690 (¹)
1257 2604 1325 2673 etc.
1340 2639 1389 2652 -
1406 2603 1526 2671 Tanto
1545 2597 1610 2672 llic
1627 2598 1796 2672 Foresius
1814 2617 1880 2672 ex-

713 2720 803 2794 tollit
829 2718 1118 2815 singularitatem
1153 2718 1296 2792 virtutis
1326 2717 1473 2812 dnellae,
1499 2738 1583 2811 quae
1608 2738 1745 2813 paucas
1770 2717 1881 2792 habet

710 2840 826 2914 socias
851 2839 946 2914 inter
985 2846 1037 2913 tot
1075 2838 1283 2914 inhonestas
1316 2838 1491 2913 mulieres
1516 2838 1736 2912 florentinus.
1769 2839 1813 2912 Et
1837 2844 1882 2912 ut

709 2959 845 3054 rideas,
871 2959 958 3055 quid
983 2966 1093 3034 autor
1119 2964 1244 3034 noster
1268 2959 1399 3034 sentiat
1416 2957 1484 3032 sub
1505 2958 1653 3032 nomine
1674 2959 1795 3053 unius,
1813 2959 1879 3034 de·

708 3081 773 3155 bes
798 3087 937 3173 notare,
965 3079 1064 3174 quod
1090 3078 1177 3153 nihil
1203 3085 1258 3154 est
1284 3078 1428 3173 melius,
1453 3077 1540 3151 nihil
1571 3077 1696 3151 utilius
1722 3077 1879 3152 muliere

709 3200 849 3298 pudiea.
877 3201 988 3274 Multa
1014 3200 1111 3274 enim
1138 3207 1224 3273 sunt
1241 3220 1326 3296 quae
1341 3219 1408 3294 per
1426 3218 1466 3272 se
1486 3196 1676 3272 nobilitant
1704 3198 1802 3273 clara
1824 3198 1880 3271 in·

709 3321 815 3416 genia
841 3321 1029 3414 virorum3
1061 3328 1100 3394 at
1135 3320 1334 3394 mulierum
1360 3317 1508 3415 propria
1538 3318 1655 3392 virtus
1687 3325 1742 3393 est
1772 3319 1877 3414 pudi-

708 3441 815 3515 citia:
854 3440 935 3515 ideo
973 3461 1120 3516 summe
1158 3441 1350 3535 laudanda,
1388 3439 1475 3534 quia
1505 3439 1600 3514 bene
1635 3447 1801 3514 meretur
1832 3439 1878 3515 de

708 3561 919 3654 maioribus,
952 3580 1114 3656 quorum
1148 3559 1364 3656 sanguinem
1393 3557 1529 3632 furtiva
1553 3558 1696 3633 soboles
1722 3581 1794 3632 non
1822 3557 1879 3632 ri-

708 3679 794 3773 tiat3
820 3679 914 3753 bene
939 3677 985 3753 de
1010 3679 1090 3753 liliis
1115 3679 1178 3774 qui
1201 3700 1273 3753 non
1291 3678 1426 3753 habent
1445 3677 1666 3753 erubescere
1683 3677 1729 3753 de
1746 3684 1877 3770 matre,

709 3819 778 3873 neo
802 3798 969 3873 dubitare
993 3798 1040 3873 de
1064 3806 1189 3895 patre3
1215 3799 1310 3874 bene
1335 3799 1454 3894 primo
1472 3799 1518 3873 de
1538 3819 1590 3893 se,
1608 3819 1721 3892 quam
1748 3798 1879 3874 liberat

708 3941 730 3994 a
757 3918 977 3994 contumelia
1007 3918 1114 3994 alieni
1141 3919 1313 4015 corporis.
1345 3920 1441 4016 Ergo
1472 3918 1769 4016 principalissime
1795 3941 1879 3993 mu-

609 4129 612 4137 ,
709 4040 776 4114 lier
801 4038 909 4114 debet
934 4038 1072 4113 habere
1098 4059 1227 4113 euram
1250 4038 1444 4134 pudicitiae,
1462 4060 1535 4134 qua
1552 4037 1685 4113 amissa
1702 4029 1738 4130 (¹)
1758 4037 1878 4112 omnis

707 4160 824 4232 virtus
851 4158 933 4232 ruit.
952 4159 1037 4233 Haeo
1054 4179 1254 4254 pauperem
1281 4157 1525 4252 commendat,
1552 4158 1700 4233 divitem
1726 4158 1877 4251 extollit,

706 4281 909 4355 deformem
937 4278 1094 4372 redimit,
1120 4285 1277 4353 exornat
1302 4279 1479 4376 pulcram.
1499 4279 1596 4375 Ergo
1613 4278 1743 4353 beatus
1762 4277 1877 4352 Fore-

708 4400 795 4492 sius‚
808 4399 867 4474 cui
880 4398 1030 4496 contigit
1047 4399 1185 4474 habere
1199 4401 1309 4474 talem
1324 4399 1537 4493 mulierem;
1552 4399 1599 4474 de
1616 4420 1690 4492 qua
1705 4397 1809 4473 dicit:
1828 4401 1880 4470 Lo

708 4522 884 4594 vedooella
910 4523 994 4611 mia,
1015 4519 1161 4615 scilicet,
1181 4520 1320 4613 duella,
1334 4540 1446 4614 quam
1468 4521 1607 4594 annulo
1631 4516 1878 4614 desponsare-

708 4660 801 4732 ram,
826 4641 886 4711 cde
910 4645 1005 4712 dnum
1022 4643 1132 4731 amni,
1154 4646 1190 4713 et
1207 4638 1302 4715 bene
1319 4639 1522 4714 redamavit
1539 4659 1601 4714 me
1617 4639 1815 4732 viventem,
1841 4643 1879 4713 et

708 4757 932 4852 defunctum,
950 4764 1046 4831 tanto
1063 4755 1084 4832 d
1101 4779 1126 4830 u
1145 4760 1214 4832 Dio
1225 4753 1289 4852 pid
1305 4778 1395 4832 euru
1420 4780 1438 4831 e
1458 4753 1521 4853 piri
1540 4761 1672 4851 diletto,
1693 4765 1825 4850 quanto
1839 4761 1877 4831 in

770 5015 796 5079 (¹)
813 5015 844 5068 ll.
860 5015 960 5067 lnridln
976 5022 1002 5068 et
1018 5017 1141 5068 hulun-
1152 5019 1240 5068 Tanto.
1317 5016 1345 5081 (⁸)
1360 5017 1392 5068 Ε.
1408 5017 1509 5080 rmiasu,
1526 5019 1580 5068 roll
1595 5017 1680 5068 omnia
1696 5017 1779 5068 virtus
1794 5017 1877 5069 uitur.
