4342 6692
646 909 784 970 murus
809 911 1024 970 rnrnnsruus
1047 911 1212 968 rennos.
1437 897 1509 970 tat

337 1075 422 1150 pne
447 1054 614 1131 similiter
638 1054 812 1136 dicuntur
835 1056 935 1136 nasci
959 1076 1008 1132 ex
1032 1056 1165 1134 eodem
1189 1056 1301 1135 toute
1323 1055 1378 1133 dd
1403 1055 1509 1134 cuius

336 1175 611 1273 intelligentiam
636 1184 693 1252 est
712 1175 874 1256 breviter
900 1176 1089 1255 sciendum
1113 1177 1212 1272 quod
1231 1176 1347 1274 Tigris
1372 1183 1410 1252 et
1433 1176 1511 1252 Eu-

335 1297 494 1392 phrates,
530 1297 626 1374 sicut
663 1303 845 1378 tentantur
882 1297 1073 1373 clarissimi
1110 1303 1279 1391 autores,
1317 1295 1508 1390 Salustius,

335 1418 472 1496 Plinius
501 1426 539 1497 et
570 1419 632 1494 niti
658 1417 776 1513 multi,
802 1425 955 1496 manant
978 1439 1027 1494 er
1060 1439 1136 1495 uno
1167 1423 1293 1496 monte
1323 1409 1509 1496 Armeuic

335 1539 496 1635 maioris,
518 1548 556 1617 et
580 1560 628 1618 er
653 1537 784 1617 eodem
810 1538 912 1616 toute
934 1559 959 1614 a
985 1543 1091 1634 parte
1115 1535 1303 1616 meridiei:
1330 1543 1367 1612 et
1392 1536 1509 1636 Tigris

336 1661 486 1756 quidem
516 1660 598 1756 pius
631 1658 777 1756 respicit
808 1659 1096 1754 septentrionem
1129 1665 1167 1734 et
1191 1657 1354 1733 decurrit
1387 1677 1509 1752 usque

335 1781 385 1858 ad
399 1779 637 1877 Babyloniam
660 1799 834 1876 magnam
853 1779 1022 1876 assyria,
1040 1780 1105 1856 sed
1125 1801 1199 1856 non
1216 1778 1328 1854 intrat
1349 1779 1507 1872 moenia3

336 1902 541 1998 Euphrates
567 1919 657 1978 vero
681 1899 777 1975 bene
802 1897 1006 1997 ingreditur
1034 1895 1232 1978 civitatem.
1271 1899 1342 1976 ista
1379 1906 1505 1976 autern

336 2020 412 2100 duo
441 2018 595 2099 tlumina
624 2019 797 2097 habentia
828 2040 946 2094 unum
976 2027 1088 2115 caput
1119 2019 1254 2098 iterum
1285 2018 1508 2096 conveniunt

335 2140 530 2234 inunum,
555 2144 597 2213 ut
621 2137 706 2214 dicit
729 2139 878 2215 Boetius
908 2138 945 2212 in
977 2139 1106 2235 quinto
1118 2131 1167 2232 (¹).
1194 2139 1294 2216 Licet
1319 2146 1446 2215 numm
1472 2137 1509 2214 iu

335 2281 441 2340 sacra
464 2260 654 2355 Scriptura
685 2258 854 2337 dicautur
885 2259 975 2334 oriri
1008 2259 1054 2335 de
1085 2259 1254 2354 paradiso
1278 2259 1506 2352 deliciarum,

334 2380 406 2457 boc
437 2384 668 2475 potestesse
701 2378 749 2454 de
780 2379 900 2476 primo
933 2385 1020 2454 ortu
1053 2379 1249 2476 incognito,
1283 2379 1347 2454 sed
1381 2385 1507 2474 postea

335 2500 440 2577 nobis
456 2506 632 2596 apparent
648 2499 769 2596 primo
786 2499 824 2576 in
838 2499 1024 2575 drmema.
1042 2498 1096 2575 dd
1114 2498 1258 2574 literam
1285 2519 1395 2596 ergo:
1422 2498 1506 2576 dicit

334 2625 464 2716 poeta:
490 2621 657 2694 Purpurea·
679 2621 784 2694 vader
800 2621 949 2694 dinami
962 2622 1014 2694 od
1031 2641 1118 2713 esec,
1136 2619 1281 2714 scilicet,
1299 2626 1386 2694 aute
1410 2619 1505 2713 ipsas

336 2740 515 2835 dominas,
548 2745 695 2835 Eufrate
724 2762 743 2814 c
780 2742 880 2831 Tigri
909 2743 1004 2816 urei
1035 2743 1153 2816 d'urta
1181 2744 1357 2835 sontuna;
1382 2746 1419 2816 et
1444 2740 1502 2814 bic

337 2867 425 2938 uota
453 2861 553 2956 quod
583 2867 692 2956 poeta
728 2860 893 2954 loquitur
929 2861 1071 2956 poetice
1109 2867 1146 2936 et
1183 2861 1383 2955 moraliter,
1418 2861 1506 2954 quia

337 2980 441 3078 lingit
463 2980 539 3055 duo
567 2978 719 3058 tiumina
737 2985 895 3076 tantum,
912 2979 1059 3074 scilicet,
1075 2981 1227 3056 Letbem
1254 2986 1290 3056 et
1315 2981 1443 3056 Euuoe
1469 2979 1507 3053 iu

336 3100 406 3177 isto
430 3099 598 3196 paradiso
615 3099 841 3176 deliciarum.
859 3099 1048 3196 Scriptura
1077 3100 1177 3176 enitn
1208 3105 1332 3174 sancta
1349 3091 1386 3192 (²)
1403 3098 1505 3195 pouit

336 3226 497 3318 quatuor
530 3220 683 3296 tiumiua
717 3219 779 3314 ibi,
813 3219 960 3315 scilicet,
994 3221 1166 3315 predicta
1195 3219 1331 3318 tigrim
1361 3227 1399 3296 et
1431 3221 1507 3296 Eu-

333 3343 517 3438 phratem,
535 3347 573 3416 et
596 3341 669 3416 alia
693 3340 781 3434 duo,
798 3340 934 3416 scilicet
950 3341 1073 3416 Nilum
1091 3347 1129 3417 et
1144 3342 1322 3438 Gangem.
1341 3341 1384 3415 Et
1401 3340 1505 3418 dicit:

335 3463 555 3556 cdipartirri
564 3463 677 3554 pape,
694 3461 800 3555 quasi
823 3460 952 3537 amici:
979 3469 1017 3538 et
1041 3468 1097 3538 est
1121 3463 1249 3557 pulcra
1276 3463 1501 3557 metaphora.

334 3582 420 3658 Vult
444 3582 543 3658 enim
568 3571 775 3674 tendered)
803 3583 903 3676 quod
927 3583 1007 3658 baec
1023 3582 1099 3658 duo
1116 3582 1268 3656 flumina
1286 3581 1506 3658 videbantur

335 3703 432 3780 male
464 3701 619 3782 libenter
645 3701 819 3778 recedere
842 3701 1085 3796 abinvicem,
1111 3702 1205 3777 sicut
1239 3708 1338 3778 recte
1370 3701 1507 3777 iaciunt

335 3822 412 3903 duo
434 3822 544 3899 amici
570 3822 717 3916 quaudo
743 3822 919 3898 recedunt
937 3843 1034 3897 uuus
1050 3823 1099 3897 ab
1118 3823 1235 3896 altero
1254 3821 1340 3895 ituri
1359 3821 1408 3896 ad
1427 3823 1507 3898 looa
1601 3883 1603 3887 ,

335 3944 555 4042 longinqua3
580 3963 668 4020 uam
693 3949 884 4038 nmquam
911 3943 985 4018 nati
1011 3964 1058 4018 ex
1083 3942 1213 4018 eodem
1237 3949 1345 4016 utero
1369 3941 1507 4016 amoris

337 4064 515 4142 recedunt
539 4062 692 4160 pigriter
717 4069 866 4139 etcum
892 4062 1063 4159 lacrymis
1089 4083 1164 4136 uon
1188 4061 1345 4137 revisuri
1375 4081 1415 4136 se
1438 4059 1507 4136 nisi

336 4190 419 4281 post
443 4185 595 4280 longum
621 4189 778 4278 tempus.
792 4223 842 4236 —
859 4187 890 4257 0
906 4187 988 4258 luce.
1006 4184 1112 4258 Nunc
1138 4189 1245 4277 poeta
1270 4180 1371 4277 ponit
1396 4199 1502 4255 suam

336 4303 540 4384 orationem
557 4304 605 4379 ad
621 4304 826 4381 Beatricem
848 4309 976 4398 petens
996 4324 1080 4397 quae
1105 4302 1150 4378 sit
1175 4322 1273 4397 aqua
1293 4301 1381 4396 ista3
1409 4301 1507 4378 uude

336 4425 561 4520 stupetactus
577 4423 740 4500 novitate
757 4423 812 4500 rei
829 4422 1003 4498 mirabilis
1024 4423 1207 4498 exclamat
1227 4428 1376 4518 captans
1393 4421 1507 4496 bene·

335 4544 546 4638 volentiam,
569 4551 608 4620 et
628 4544 752 4620 dicens
776 4543 823 4618 ad
848 4563 953 4618 eam:
977 4546 1109 4634 Otuce,
1126 4563 1149 4615 o
1165 4544 1284 4634 obito
1300 4543 1393 4614 delto
1407 4546 1508 4631 pente

334 4687 481 4763 maana,
513 4665 619 4758 quasi
643 4664 760 4740 dicat:
778 4684 803 4738 o
822 4663 983 4758 Beatrix,
1002 4662 1153 4738 scientia
1169 4661 1352 4736 luminosa
1369 4666 1408 4736 et
1427 4661 1509 4756 glo—

335 4789 433 4864 riosa
458 4806 542 4882 quae
567 4786 727 4860 illustras
752 4784 960 4881 cognitione
984 4783 1192 4860 divinorum
1223 4783 1384 4858 cultores
1412 4786 1506 4874 tuos,

399 4975 425 5035 t't
441 4974 473 5025 n.
489 4974 515 5023 tn
531 4974 623 5038 quinto
639 4973 672 5023 de
687 4971 870 5023 consolatione.
886 4969 967 5020 Licet.

398 5052 426 5114 e
442 5050 473 5102 E·
489 5065 571 5102 nere
885 5045 912 5107 rt
929 5051 984 5106 ur,
999 5047 1096 5098 uoern
