4342 6692
649 900 788 966 caurus
813 901 1031 967 cuicuinus
1054 901 1249 960 amoenus.
1460 890 1531 961 ult

357 1054 409 1149 pli
432 1054 517 1126 otti
540 1032 645 1142 miri,
672 1048 808 1129 scilicet
832 1048 892 1128 alii
917 1070 940 1123 a
965 1048 1046 1127 uisu
1072 1054 1110 1123 et
1133 1048 1243 1123 etiam
1262 1049 1362 1125 risus
1379 1054 1532 1128 catera.-

360 1193 445 1251 ruur
472 1191 613 1263 rerum,
638 1169 684 1251 nr'
697 1188 786 1246 mou
820 1172 895 1247 betti
921 1172 1045 1264 ment,
1072 1168 1174 1264 idest,
1201 1165 1349 1263 mortui,
1376 1169 1531 1263 inutiles,

358 1291 446 1386 que
470 1290 558 1371 nibil
583 1288 683 1371 aliud
707 1288 865 1383 videbat,
890 1287 1074 1385 audiebat,
1094 1292 1154 1367 vel
1178 1290 1366 1365 sentiebat.
1386 1290 1430 1363 m
1450 1297 1532 1365 tan-

357 1411 411 1507 git
436 1410 634 1505 quomodo,
659 1409 802 1489 dimus:
829 1418 862 1485 et
888 1412 967 1502 euri,
994 1409 1097 1505 idest,
1130 1410 1227 1485 oculi
1260 1411 1345 1505 mei,
1375 1412 1533 1502 pmcne

360 1534 493 1624 umidi,
517 1552 540 1607 a
564 1529 695 1608 deutra
719 1535 758 1605 et
788 1528 945 1624 sinistra,
970 1550 1084 1603 ocean
1108 1537 1245 1622 purete,
1271 1529 1374 1625 idest,
1409 1530 1533 1605 obsta-¹

360 1651 499 1746 culum,
517 1654 554 1727 di
578 1671 650 1727 non
674 1652 784 1742 celer,
800 1649 902 1743 idest,
921 1650 1074 1725 curandi
1093 1650 1140 1723 de
1162 1650 1284 1745 aliqua
1294 1644 1331 1743 (¹)
1351 1671 1410 1745 re3
1435 1648 1533 1725 uude

361 1792 435 1851 uon
459 1777 603 1867 poterat
628 1770 747 1847 visum
773 1770 922 1845 flectere
946 1770 983 1844 in
1007 1770 1169 1865 aliquam
1195 1778 1350 1865 partem,
1377 1770 1427 1844 ita
1452 1776 1533 1847 erat

360 1893 510 1989 ligatum
536 1891 636 1969 unde
659 1891 764 1968 dicit:
790 1884 862 1965 cosi
886 1894 921 1966 lo
944 1898 1048 1965 emto
1072 1895 1161 1984 riso,
1178 1892 1280 1985 idest,
1307 1892 1459 1967 honesta
1477 1890 1533 1965 ia·

360 2012 434 2096 cies
459 2011 562 2091 istius
587 2018 722 2088 mucre
747 2010 922 2105 mulieris,
948 2014 1063 2086 boeti
1087 2032 1113 2085 n
1137 2034 1186 2103 se,
1212 2011 1314 2105 idest,
1339 2010 1448 2104 traxit
1468 2030 1532 2087 eos

359 2132 474 2226 adse,
500 2153 567 2205 con
582 2134 731 2207 tcndca
745 2139 830 2223 rete,
844 2132 947 2226 idest,
964 2132 1205 2207 delectatione
1217 2132 1354 2206 amoris
1371 2152 1484 2225 quam
1495 2122 1532 2223 (²)

359 2252 560 2347 antiquitus
585 2253 743 2331 babebat
775 2252 812 2327 tn
837 2273 894 2347 ea,
921 2253 981 2327 vel
1006 2245 1186 2327 memoria
1211 2250 1352 2344 antiqui
1382 2250 1532 2345 amoris,

359 2374 423 2468 qui
447 2373 511 2452 diu
538 2374 720 2450 extinctus
745 2394 845 2449 nuuc
862 2392 1081 2448 reaccensus
1099 2378 1173 2465 est3
1192 2371 1275 2445 licet
1291 2377 1418 2445 autem
1438 2378 1535 2447 esset

359 2492 411 2569 sic
434 2492 640 2588 dispositus,
665 2500 792 2570 minen
818 2492 996 2590 violenter
1020 2499 1171 2567 coactus
1209 2498 1264 2567 est
1294 2492 1443 2567 volvere
1478 2491 1534 2567 vi÷

361 2635 443 2692 sum
478 2613 749 2707 sinistrorsum
781 2612 881 2688 unde
913 2613 1017 2688 dicit:
1049 2614 1196 2706 quondo
1223 2633 1292 2705 per
1323 2616 1447 2707 sorra,
1479 2611 1534 2687 rei

359 2734 508 2828 auditae,
532 2737 581 2810 mi
602 2737 643 2829 fn
668 2736 760 2808 oolto
783 2736 812 2807 u
835 2736 922 2824 uiro,
948 2755 971 2810 a
1002 2734 1165 2827 dextera,
1194 2732 1256 2807 ubi
1288 2738 1381 2826 erat,
1411 2728 1472 2805 odr
1497 2735 1534 2807 ln

361 2856 506 2929 amito
526 2856 600 2927 mio
623 2856 672 2931 do
696 2856 804 2944 qmlb
821 2856 902 2946 udae,
927 2852 1075 2948 scilicet,
1103 2851 1184 2947 fide,
1211 2872 1286 2947 spe,
1308 2857 1344 2927 et
1369 2852 1535 2947 caritate,

362 2993 446 3067 quae
476 2980 563 3049 suut
594 2973 749 3053 virtutes
774 2972 919 3066 divinae,
939 2976 1106 3067 pcrcb't'o
1131 2975 1215 3047 udin
1239 2974 1405 3069 doloro,
1431 2972 1533 3066 idest,

362 3094 410 3175 ub
427 3094 512 3189 ipsis
527 3094 742 3188 dicentibus,
755 3114 822 3167 un:
840 3099 980 3186 Troppo
990 3096 1079 3187 fiso;
1097 3093 1296 3169 voluerunt
1311 3093 1435 3168 dicere
1456 3093 1534 3168 istae

362 3221 439 3289 tres
450 3215 550 3308 quod
566 3215 700 3291 Baetes
717 3214 824 3293 nimis
842 3212 915 3288 lire
933 3213 1148 3310 respiciebat
1165 3214 1382 3309 Beatricem,
1399 3235 1533 3290 secun·

362 3334 451 3421 dum
476 3334 669 3410 consilium
695 3334 761 3416 sibi
786 3334 914 3409 datum
939 3333 1109 3428 superius
1134 3335 1182 3408 ab
1207 3334 1275 3407 illis
1296 3335 1421 3428 primis
1442 3356 1535 3429 qua-

363 3460 461 3548 tuor,
483 3475 568 3547 qua
592 3455 786 3531 dixerunt:
810 3457 862 3550 [α’
879 3457 939 3528 ebe
962 3474 1036 3527 non
1059 3457 1231 3547 rrtparmi
1255 3462 1345 3529 etc:
1365 3455 1536 3547 volebant

362 3595 454 3672 ergo
478 3575 555 3649 ista
582 3580 656 3651 tres
681 3575 780 3669 quod
806 3581 914 3669 poeta
940 3580 1152 3650 removeret
1177 3574 1297 3649 visum
1322 3596 1344 3649 a
1369 3576 1536 3651 Beatrine

362 3700 406 3772 ut
430 3693 571 3771 videret
594 3694 800 3771 exercitum
827 3694 1057 3788 redeuutem,
1084 3695 1271 3769 utstatim
1297 3696 1536 3788 sequitur.-

363 3820 455 3900 Eln
480 3818 703 3909 &passion
730 3813 795 3890 llic
820 3822 928 3909 poeta
952 3814 1123 3890 describit
1139 3815 1409 3911 dispositionem
1428 3836 1534 3890 suam

362 3935 482 4030 qualis
510 3942 592 4013 erat
622 3935 670 4015 ad
697 3934 770 4010 alia
803 3934 958 4010 videnda
989 3955 1075 4009 cum
1109 3936 1326 4011 removisset
1355 3938 1482 4011 oculos
1512 3956 1536 4010 a

364 4055 550 4139 Beatricer
575 4061 614 4131 et
637 4054 901 4132 sententialiter
916 4055 995 4129 vult
1019 4054 1153 4149 dicere,
1172 4055 1271 4149 quod
1290 4056 1384 4129 sicut
1406 4054 1536 4130 oculus

365 4174 429 4269 qui
454 4175 614 4269 respexit
637 4174 906 4269 aliquantulum
933 4175 1049 4249 solem
1076 4179 1244 4249 remanet
1262 4175 1465 4269 hebetatus,
1483 4174 1534 4249 ita

364 4294 464 4388 uum
480 4315 554 4379 uou
571 4300 690 4390 potest
707 4294 832 4373 videre
847 4293 918 4369 alia
935 4293 1117 4369 sensibilia
1136 4294 1279 4369 minora
1298 4295 1414 4370 donec
1431 4295 1537 4391 paul-

364 4414 466 4501 latim
484 4416 726 4510 reformatum
743 4415 794 4495 itu
817 4437 842 4490 a
867 4414 975 4489 simili
995 4416 1127 4491 oculus
1145 4422 1263 4510 poetae
1280 4415 1342 4510 qui
1364 4436 1537 4511 respexe-

365 4542 423 4623 rat
447 4536 651 4615 beatricem
676 4556 751 4623 nou
781 4541 926 4632 poterat
956 4535 1082 4611 uidere
1114 4536 1203 4613 alias
1234 4556 1409 4632 personas
1441 4536 1537 4611 illins

365 4654 561 4749 coraus,
587 4655 655 4732 uisi
679 4661 806 4751 postea
831 4655 1092 4734 reformatione
1117 4657 1223 4732 tacta.
1249 4656 1341 4734 llicit
1365 4677 1456 4755 ergo
1481 4658 1537 4731 la.-

364 4775 464 4863 cious
489 4777 804 4871 comparutionem
830 4774 989 4852 nobilem
1016 4782 1054 4852 et
1078 4777 1240 4852 claram:
1267 4783 1300 4851 E
1327 4780 1362 4852 ln
1387 4781 1536 4872 depost·

428 5037 457 5101 (¹)
473 5041 528 5099 ¹¹⁷5
544 5036 630 5103 tlitlu
644 5037 696 5095 dit
709 5052 749 5093 a·
968 5037 996 5101 (⁸)
1012 5038 1043 5090 rt
1059 5052 1146 5102 quem.
