4342 6692
631 874 770 929 consus
796 872 988 929 vrunsrnus
1013 871 1182 939 crunnus.
1442 856 1490 923 oo

318 1020 367 1096 cit
391 1026 518 1116 poeta:
542 1020 608 1096 'llle
639 1020 821 1117 ldrgilios‚
847 1022 958 1095 disse:
988 1024 1119 1112 questo,
1147 1016 1294 1111 scilicet,
1321 1014 1489 1110 dubium,

318 1162 391 1215 oon
412 1146 500 1237 soro
523 1162 548 1215 o
573 1150 605 1217 to
627 1134 658 1215 si
682 1162 786 1233 agro,
813 1141 914 1237 idest,
933 1162 1006 1215 non
1032 1144 1129 1214 esset
1150 1136 1217 1211 tibi
1242 1142 1318 1210 tam
1345 1136 1491 1213 difficile

319 1262 380 1337 vel
412 1262 589 1357 mirabile,
618 1283 656 1336 re
684 1263 952 1356 tommontossi,
986 1260 1089 1354 idest,
1110 1258 1314 1333 reduceres
1346 1256 1412 1331 tibi
1444 1254 1492 1331 al

320 1388 496 1478 mentem,
509 1404 604 1457 corno
617 1385 797 1474 Meleagro
813 1384 845 1455 si
859 1373 1039 1472 consumo,
1052 1378 1241 1476 paullatim
1257 1375 1439 1471 deficiens,
1448 1379 1494 1451 ul

320 1524 509 1579 consumor
542 1506 580 1577 di
609 1524 657 1579 un
689 1507 793 1577 tizzo.
819 1502 864 1577 ln
894 1502 952 1577 hio
982 1508 1081 1595 nota,
1107 1501 1234 1593 lector,
1261 1499 1360 1593 quod
1384 1497 1492 1571 multi

321 1642 417 1719 saepe
434 1623 642 1719 petiverunt
657 1616 694 1717 (⁴)
711 1644 733 1697 a
751 1642 835 1698 me:
862 1621 950 1717 quid
974 1620 1059 1696 lacit
1081 1620 1128 1695 ud
1147 1618 1375 1715 propositum
1394 1617 1492 1693 istud

321 1744 533 1839 exemplum
549 1742 747 1839 Meleagri?
767 1741 819 1815 dd
841 1742 939 1835 quod
957 1741 1038 1816 dico
1055 1739 1154 1835 quod
1174 1738 1400 1833 comparatio
1417 1758 1492 1812 non

320 1871 443 1960 posset
469 1863 584 1961 magis
610 1865 732 1939 iacere
748 1862 795 1937 ad
813 1862 1056 1958 propositum:
1078 1860 1290 1935 sicutenim
1309 1860 1492 1956 Meleager

321 1983 368 2059 ad
394 1984 711 2081 consumptionem
737 1981 847 2057 unius
865 1982 999 2057 titionis
1015 1980 1204 2077 paullatim
1222 1980 1424 2074 deficiebat
1438 1980 1493 2055 'ita

321 2101 380 2177 hic
407 2102 541 2177 umbra
564 2103 611 2177 ad
635 2102 786 2178 odorem
810 2102 913 2198 pomi
943 2108 980 2176 et
1009 2120 1119 2195 aquae
1148 2120 1214 2195 per
1243 2121 1368 2174 ramos
1396 2100 1493 2173 illius

321 2221 549 2298 documentis
575 2222 762 2319 paullatim
789 2220 992 2297 macrescit.
1015 2221 1058 2295 Et
1083 2220 1179 2296 sicut
1205 2220 1388 2316 Meleager
1405 2240 1494 2294 oon-

321 2349 491 2437 sumptus
524 2348 581 2417 est
609 2363 632 2418 a
661 2362 772 2417 causa
803 2342 1024 2435 extrinseca,
1060 2340 1195 2415 scilicet
1226 2341 1274 2413 ab
1306 2338 1495 2415 intluentiu

310 2467 520 2557 notrorum,
537 2462 587 2538 ita
609 2462 741 2537 umbra
769 2461 826 2536 hic
851 2462 1082 2536 consumitur
1098 2482 1120 2535 a
1139 2480 1251 2535 causa
1275 2458 1494 2553 extrinseca,

323 2580 459 2657 scilicet
482 2604 506 2657 a
531 2583 720 2658 voluntate
736 2580 868 2656 divina.
886 2581 954 2657 dlii
979 2588 1103 2656 tamen
1119 2580 1256 2676 dicunt,
1279 2580 1376 2675 quod
1394 2598 1496 2653 mom

323 2704 494 2801 lleleagri
520 2703 615 2778 lacta
640 2710 696 2778 est
718 2722 786 2798 per
811 2708 929 2777 artem
950 2702 1151 2799 magicam3
1170 2710 1207 2777 et
1226 2708 1314 2775 tnnc
1334 2699 1494 2774 multum

324 2824 461 2901 iaceret
485 2823 532 2899 ad
557 2824 804 2920 propositum3
831 2842 917 2897 nam
944 2828 1032 2897 tunc
1058 2821 1180 2919 arguit
1197 2842 1220 2896 a
1239 2820 1384 2912 minori,
1401 2818 1496 2893 sicut

325 2952 426 3021 recte
449 2943 676 3041 Augustinus
700 2942 787 3018 lacit
810 2942 847 3016 iu
873 2941 966 3017 libro
986 2941 1033 3017 de
1050 2941 1203 3015 Ciuitate
1219 2940 1297 3034 liei,
1315 2939 1378 3013 ubi
1397 2938 1495 3033 dicit,

325 3066 479 3161 quodsi
504 3064 758 3162 nigromantici
783 3069 936 3158 possunt
959 3062 1111 3158 alligare
1142 3062 1315 3135 umbram
1348 3059 1497 3155 corpori
1580 3084 1583 3089 ·

325 3206 448 3281 aereo,
474 3193 613 3281 quanto
639 3184 755 3281 magis
780 3184 941 3279 potentia
967 3182 1089 3258 divina
1110 3188 1228 3278 potest
1247 3182 1400 3279 alligare
1417 3181 1497 3255 ani·

326 3326 426 3381 mam
453 3306 527 3403 igni
556 3304 757 3400 corporali!
772 3310 867 3377 -Ε
893 3325 941 3377 se.
974 3303 1038 3378 llic
1063 3303 1235 3399 Virgilius
1260 3302 1407 3377 adducit
1435 3322 1497 3377 se-

325 3426 488 3501 cundum
514 3424 726 3520 exemplum
748 3424 917 3499 naturale
934 3422 980 3497 ad
1001 3444 1112 3496 suum
1141 3422 1380 3518 propositum,
1399 3420 1499 3516 quod

325 3553 381 3623 ost
405 3546 451 3623 de
476 3546 647 3644 imagine,
665 3565 750 3639 quae
771 3550 943 3619 movetur
959 3544 996 3618 in
1015 3544 1164 3638 speculo
1184 3542 1230 3617 ad
1251 3549 1395 3617 motum
1412 3563 1498 3616 cor·

325 3666 423 3762 poris
448 3665 618 3762 oppositi;
644 3664 743 3739 unde
768 3664 870 3739 dicit:
890 3668 923 3737 E
939 3656 993 3737 oid
1009 3666 1069 3737 cle
1084 3683 1157 3756 par
1173 3665 1278 3757 duro,
1296 3663 1343 3739 ad
1360 3682 1499 3759 coguo-

327 3785 517 3877 scendum,
542 3788 568 3859 o·
594 3784 770 3879 perredde
794 3787 910 3876 pizzo,
941 3783 1043 3879 idest,
1074 3782 1263 3858 videretur
1293 3782 1357 3857 tibi
1388 3782 1499 3857 mollo

328 3912 365 3980 et
390 3904 506 4001 facile,
539 3926 576 3978 se
594 3906 757 3998 parnassi
781 3924 877 3976 como
901 3910 1023 3976 vostra
1050 3905 1181 3994 image,
1206 3902 1309 3997 idest,
1335 3904 1498 3977 humana

327 4025 462 4121 imago,
487 4028 630 4118 guizzo,
659 4024 762 4119 idest,
795 4029 1065 4118 commovetur,
1095 4025 1220 4097 denuo
1245 4026 1317 4097 allo
1341 4024 1497 4115 specclno

328 4149 368 4219 ol
390 4154 509 4220 vostro
532 4148 673 4238 guizzo,
700 4144 801 4239 idest,
827 4149 984 4217 motum.
1011 4143 1054 4217 lli
1080 4142 1139 4218 hio
1169 4148 1256 4217 nota
1288 4142 1388 4237 quod
1420 4144 1500 4216 htec

328 4267 553 4362 comparatio
569 4266 728 4340 multum
747 4264 893 4339 videtur
911 4264 1033 4339 lacere
1053 4263 1100 4338 ad
1121 4263 1280 4357 iactum3
1297 4263 1384 4357 quia
1406 4262 1500 4337 sicut

328 4386 451 4483 imago
469 4388 684 4483 incorporea
700 4391 869 4461 movetur
883 4384 919 4458 in
934 4385 1084 4480 speculo
1103 4404 1292 4480 corporeo,
1307 4384 1357 4459 ita
1375 4384 1499 4459 anima

328 4505 565 4603 incorporalis
589 4506 777 4582 cruciatur
802 4505 840 4579 in
863 4525 954 4581 aere
980 4505 1181 4600 corporali;
1200 4511 1237 4579 et
1261 4504 1354 4580 sicut
1374 4504 1500 4601 imago

328 4626 428 4703 venit
441 4619 478 4721 (¹)
506 4626 553 4703 ab
579 4634 694 4723 extra,
713 4627 763 4701 ita
787 4626 907 4721 passio
932 4625 1033 4701 venit
1057 4626 1105 4700 ab
1130 4632 1236 4701 extra
1261 4625 1298 4698 in
1324 4626 1497 4701 animam.

318 4746 399 4822 eod
416 4748 503 4842 quia
520 4768 612 4843 opus
629 4754 684 4822 est
703 4746 831 4821 maiori
849 4746 1082 4840 discussione,
1102 4745 1184 4821 ideo
1204 4745 1376 4843 Virgilius
1396 4766 1500 4821 com-

392 4935 418 4997 (¹)
435 4940 489 4997 117,
506 4937 650 5001 petiverant
664 4950 680 4987 a
695 4950 738 4987 mo
752 4934 813 5001 quid
829 4934 914 4986 iaciat.

392 5012 419 5077 (¹)
438 5017 492 5074 111,
508 5015 577 5065 vonit
593 5015 620 5064 ln
635 5014 770 5079 speculum
786 5014 819 5063 ab
834 5018 915 5064 extra.
