<?xml version="1.0" encoding="UTF-8"?>
<!DOCTYPE html PUBLIC "-//W3C//DTD XHTML 1.0 Transitional//EN"
    "http://www.w3.org/TR/xhtml1/DTD/xhtml1-transitional.dtd">
<html xmlns="http://www.w3.org/1999/xhtml" xml:lang="en" lang="en">
 <head>
  <title>
</title>
<meta http-equiv="Content-Type" content="text/html;charset=utf-8" />
  <meta name='ocr-system' content='tesseract 3.04.00' />
  <meta name='ocr-capabilities' content='ocr_page ocr_carea ocr_par ocr_line ocrx_word'/>
</head>
<body>
  <div class='ocr_page' id='page_1' title='image "benevenutideram01lacagoog_0094.png"; bbox 0 0 4342 6692; ppageno 0'>
   <div class='ocr_carea' id='block_1_1' title="bbox 684 864 1497 934">
    <p class='ocr_par' dir='ltr' id='par_1_1' title="bbox 684 864 1497 934">
     <span class='ocr_line' id='line_1_1' title="bbox 684 864 1497 934; baseline -0.004 -1"><span class='ocrx_word' id='word_1_1' title='bbox 684 864 732 933; x_wconf 79' lang='lat' dir='ltr'><strong>et</strong></span> <span class='ocrx_word' id='word_1_2' title='bbox 1046 878 1252 934; x_wconf 82' lang='lat' dir='ltr'><strong>connnruu</strong></span> <span class='ocrx_word' id='word_1_3' title='bbox 1277 878 1497 934; x_wconf 75' lang='lat' dir='ltr'><strong>ruuuamuu</strong></span> 
     </span>
    </p>
   </div>
   <div class='ocr_carea' id='block_1_2' title="bbox 675 1016 1861 4845">
    <p class='ocr_par' dir='ltr' id='par_1_2' title="bbox 675 1016 1861 4845">
     <span class='ocr_line' id='line_1_2' title="bbox 682 1016 1860 1118; baseline 0 -21"><span class='ocrx_word' id='word_1_4' title='bbox 682 1021 843 1099; x_wconf 88' lang='lat' dir='ltr'><strong>Paradisi</strong></span> <span class='ocrx_word' id='word_1_5' title='bbox 870 1022 1029 1118; x_wconf 87' lang='lat' dir='ltr'><strong>capitulo</strong></span> <span class='ocrx_word' id='word_1_6' title='bbox 1054 1022 1178 1097; x_wconf 80' lang='lat' dir='ltr'><strong>xxvi.</strong></span> <span class='ocrx_word' id='word_1_7' title='bbox 1205 1024 1249 1097; x_wconf 84' lang='lat' dir='ltr'><strong>Et</strong></span> <span class='ocrx_word' id='word_1_8' title='bbox 1272 1022 1377 1099; x_wconf 89' lang='lat' dir='ltr'><strong>dicit:</strong></span> <span class='ocrx_word' id='word_1_9' title='bbox 1410 1016 1442 1097; x_wconf 73' lang='lat' dir='ltr'><strong>si</strong></span> <span class='ocrx_word' id='word_1_10' title='bbox 1472 1028 1531 1097; x_wconf 85' lang='lat' dir='ltr'><strong>tra</strong></span> <span class='ocrx_word' id='word_1_11' title='bbox 1561 1026 1592 1097; x_wconf 83' lang='lat' dir='ltr'><strong>le</strong></span> <span class='ocrx_word' id='word_1_12' title='bbox 1618 1024 1760 1117; x_wconf 76' lang='lat' dir='ltr'><strong>fruceta</strong></span> <span class='ocrx_word' id='word_1_13' title='bbox 1782 1044 1860 1097; x_wconf 83' lang='lat' dir='ltr'><strong>aon</strong></span> 
     </span>
     <span class='ocr_line' id='line_1_3' title="bbox 682 1139 1860 1239; baseline 0.003 -22"><span class='ocrx_word' id='word_1_14' title='bbox 682 1166 723 1217; x_wconf 89' lang='lat' dir='ltr'><strong>so</strong></span> <span class='ocrx_word' id='word_1_15' title='bbox 747 1146 802 1217; x_wconf 80' lang='lat' dir='ltr'><strong>cti</strong></span> <span class='ocrx_word' id='word_1_16' title='bbox 825 1146 959 1238; x_wconf 67' lang='lat' dir='ltr'><strong>ducac,</strong></span> <span class='ocrx_word' id='word_1_17' title='bbox 993 1144 1099 1239; x_wconf 86' lang='lat' dir='ltr'><strong>quasi</strong></span> <span class='ocrx_word' id='word_1_18' title='bbox 1123 1144 1237 1220; x_wconf 85' lang='lat' dir='ltr'><strong>dicat:</strong></span> <span class='ocrx_word' id='word_1_19' title='bbox 1263 1144 1461 1220; x_wconf 77' lang='lat' dir='ltr'>audiebam</span> <span class='ocrx_word' id='word_1_20' title='bbox 1486 1164 1629 1239; x_wconf 87' lang='lat' dir='ltr'><strong>rocem,</strong></span> <span class='ocrx_word' id='word_1_21' title='bbox 1649 1139 1766 1239; x_wconf 81' lang='lat' dir='ltr'><strong>sed(&#39;)</strong></span> <span class='ocrx_word' id='word_1_22' title='bbox 1785 1167 1860 1221; x_wconf 90' lang='lat' dir='ltr'><strong>nun</strong></span> 
     </span>
     <span class='ocr_line' id='line_1_4' title="bbox 682 1258 1861 1361; baseline 0 -20"><span class='ocrx_word' id='word_1_23' title='bbox 682 1266 876 1341; x_wconf 86' lang='lat' dir='ltr'><strong>dicentem.</strong></span> <span class='ocrx_word' id='word_1_24' title='bbox 891 1264 1017 1339; x_wconf 83' lang='lat' dir='ltr'><strong>Simile</strong></span> <span class='ocrx_word' id='word_1_25' title='bbox 1033 1264 1122 1338; x_wconf 83' lang='lat' dir='ltr'><strong>dixit</strong></span> <span class='ocrx_word' id='word_1_26' title='bbox 1139 1264 1186 1340; x_wconf 94' lang='lat' dir='ltr'><strong>de</strong></span> <span class='ocrx_word' id='word_1_27' title='bbox 1202 1284 1294 1341; x_wconf 87' lang='lat' dir='ltr'><strong>voce</strong></span> <span class='ocrx_word' id='word_1_28' title='bbox 1311 1264 1440 1361; x_wconf 78' lang='lat' dir='ltr'><strong>primae</strong></span> <span class='ocrx_word' id='word_1_29' title='bbox 1457 1264 1612 1361; x_wconf 83' lang='lat' dir='ltr'><strong>arboris,</strong></span> <span class='ocrx_word' id='word_1_30' title='bbox 1626 1258 1778 1361; x_wconf 57' lang='lat' dir='ltr'><strong>quode)</strong></span> <span class='ocrx_word' id='word_1_31' title='bbox 1798 1286 1861 1342; x_wconf 91' lang='lat' dir='ltr'><strong>re·</strong></span> 
     </span>
     <span class='ocr_line' id='line_1_5' title="bbox 684 1384 1858 1482; baseline -0.001 -22"><span class='ocrx_word' id='word_1_32' title='bbox 684 1385 858 1482; x_wconf 86' lang='lat' dir='ltr'><strong>spiciebat</strong></span> <span class='ocrx_word' id='word_1_33' title='bbox 883 1384 920 1460; x_wconf 93' lang='lat' dir='ltr'><strong>iu</strong></span> <span class='ocrx_word' id='word_1_34' title='bbox 944 1406 1082 1460; x_wconf 82' lang='lat' dir='ltr'><strong>vanum</strong></span> <span class='ocrx_word' id='word_1_35' title='bbox 1101 1384 1185 1478; x_wconf 84' lang='lat' dir='ltr'><strong>quis</strong></span> <span class='ocrx_word' id='word_1_36' title='bbox 1201 1390 1298 1459; x_wconf 90' lang='lat' dir='ltr'><strong>esset</strong></span> <span class='ocrx_word' id='word_1_37' title='bbox 1314 1391 1425 1459; x_wconf 86' lang='lat' dir='ltr'><strong>autur</strong></span> <span class='ocrx_word' id='word_1_38' title='bbox 1442 1385 1552 1480; x_wconf 82' lang='lat' dir='ltr'><strong>vocis,</strong></span> <span class='ocrx_word' id='word_1_39' title='bbox 1571 1384 1635 1461; x_wconf 91' lang='lat' dir='ltr'><strong>sed</strong></span> <span class='ocrx_word' id='word_1_40' title='bbox 1651 1392 1858 1481; x_wconf 85' lang='lat' dir='ltr'><strong>paruerunt</strong></span> 
     </span>
     <span class='ocr_line' id='line_1_6' title="bbox 683 1500 1855 1597; baseline -0.003 -16"><span class='ocrx_word' id='word_1_41' title='bbox 683 1512 809 1581; x_wconf 87' lang='lat' dir='ltr'><strong>sanctu</strong></span> <span class='ocrx_word' id='word_1_42' title='bbox 835 1504 963 1579; x_wconf 85' lang='lat' dir='ltr'><strong>edicto.</strong></span> <span class='ocrx_word' id='word_1_43' title='bbox 981 1505 1084 1580; x_wconf 93' lang='lat' dir='ltr'><strong>Unde</strong></span> <span class='ocrx_word' id='word_1_44' title='bbox 1099 1503 1204 1579; x_wconf 89' lang='lat' dir='ltr'><strong>dicit:</strong></span> <span class='ocrx_word' id='word_1_45' title='bbox 1217 1500 1530 1597; x_wconf 59' lang='lat' dir='ltr'><strong>pcrcbdol&#39;irm’ltu</strong></span> <span class='ocrx_word' id='word_1_46' title='bbox 1548 1508 1669 1579; x_wconf 80' lang='lat' dir='ltr'><strong>Staztu</strong></span> <span class='ocrx_word' id='word_1_47' title='bbox 1685 1512 1718 1578; x_wconf 86' lang='lat' dir='ltr'><strong>et</strong></span> <span class='ocrx_word' id='word_1_48' title='bbox 1740 1509 1775 1579; x_wconf 87' lang='lat' dir='ltr'><strong>io</strong></span> <span class='ocrx_word' id='word_1_49' title='bbox 1799 1508 1855 1578; x_wconf 86' lang='lat' dir='ltr'><strong>rt-</strong></span> 
     </span>
     <span class='ocr_line' id='line_1_7' title="bbox 683 1623 1857 1722; baseline 0.001 -22"><span class='ocrx_word' id='word_1_50' title='bbox 683 1628 804 1717; x_wconf 81' lang='lat' dir='ltr'><strong>stretlt,</strong></span> <span class='ocrx_word' id='word_1_51' title='bbox 829 1624 876 1699; x_wconf 93' lang='lat' dir='ltr'><strong>ad</strong></span> <span class='ocrx_word' id='word_1_52' title='bbox 901 1623 1112 1722; x_wconf 79' lang='lat' dir='ltr'><strong>fugiendam</strong></span> <span class='ocrx_word' id='word_1_53' title='bbox 1138 1624 1350 1719; x_wconf 82' lang='lat' dir='ltr'><strong>amplissimi</strong></span> <span class='ocrx_word' id='word_1_54' title='bbox 1367 1624 1505 1699; x_wconf 86' lang='lat' dir='ltr'><strong>ventris</strong></span> <span class='ocrx_word' id='word_1_55' title='bbox 1523 1625 1750 1721; x_wconf 81' lang='lat' dir='ltr'><strong>voraginem,</strong></span> <span class='ocrx_word' id='word_1_56' title='bbox 1767 1628 1857 1701; x_wconf 83' lang='lat' dir='ltr'><strong>ultre</strong></span> 
     </span>
     <span class='ocr_line' id='line_1_8' title="bbox 683 1743 1856 1840; baseline 0.001 -21"><span class='ocrx_word' id='word_1_57' title='bbox 683 1749 863 1819; x_wconf 81' lang='lat' dir='ltr'><strong>andecam</strong></span> <span class='ocrx_word' id='word_1_58' title='bbox 900 1747 964 1818; x_wconf 86' lang='lat' dir='ltr'><strong>dal</strong></span> <span class='ocrx_word' id='word_1_59' title='bbox 997 1748 1069 1818; x_wconf 87' lang='lat' dir='ltr'><strong>lato</strong></span> <span class='ocrx_word' id='word_1_60' title='bbox 1107 1744 1168 1818; x_wconf 79' lang='lat' dir='ltr'><strong>cla</strong></span> <span class='ocrx_word' id='word_1_61' title='bbox 1201 1746 1234 1817; x_wconf 84' lang='lat' dir='ltr'><strong>ei</strong></span> <span class='ocrx_word' id='word_1_62' title='bbox 1269 1747 1366 1836; x_wconf 83' lang='lat' dir='ltr'><strong>leva,</strong></span> <span class='ocrx_word' id='word_1_63' title='bbox 1399 1743 1510 1840; x_wconf 85' lang='lat' dir='ltr'><strong>idest,</strong></span> <span class='ocrx_word' id='word_1_64' title='bbox 1544 1744 1724 1840; x_wconf 87' lang='lat' dir='ltr'><strong>ascendit,</strong></span> <span class='ocrx_word' id='word_1_65' title='bbox 1750 1746 1856 1840; x_wconf 83' lang='lat' dir='ltr'><strong>quasi</strong></span> 
     </span>
     <span class='ocr_line' id='line_1_9' title="bbox 682 1864 1856 1961; baseline -0.002 -20"><span class='ocrx_word' id='word_1_66' title='bbox 682 1867 789 1961; x_wconf 86' lang='lat' dir='ltr'><strong>dicat,</strong></span> <span class='ocrx_word' id='word_1_67' title='bbox 818 1866 927 1961; x_wconf 81' lang='lat' dir='ltr'><strong>juxta</strong></span> <span class='ocrx_word' id='word_1_68' title='bbox 953 1864 1070 1960; x_wconf 85' lang='lat' dir='ltr'><strong>ripam</strong></span> <span class='ocrx_word' id='word_1_69' title='bbox 1097 1866 1210 1940; x_wconf 92' lang='lat' dir='ltr'><strong>altarn</strong></span> <span class='ocrx_word' id='word_1_70' title='bbox 1235 1864 1380 1958; x_wconf 86' lang='lat' dir='ltr'><strong>mentis,</strong></span> <span class='ocrx_word' id='word_1_71' title='bbox 1405 1864 1493 1958; x_wconf 87' lang='lat' dir='ltr'><strong>quia</strong></span> <span class='ocrx_word' id='word_1_72' title='bbox 1518 1864 1754 1941; x_wconf 78' lang='lat' dir='ltr'><strong>adherebant</strong></span> <span class='ocrx_word' id='word_1_73' title='bbox 1778 1866 1856 1940; x_wconf 84' lang='lat' dir='ltr'><strong>rir-</strong></span> 
     </span>
     <span class='ocr_line' id='line_1_10' title="bbox 682 1976 1855 2081; baseline -0.001 -20"><span class='ocrx_word' id='word_1_74' title='bbox 682 1986 1012 2061; x_wconf 82' lang='lat' dir='ltr'><strong>tuti-Ricardtvt.</strong></span> <span class='ocrx_word' id='word_1_75' title='bbox 1039 1984 1105 2060; x_wconf 87' lang='lat' dir='ltr'><strong>llic</strong></span> <span class='ocrx_word' id='word_1_76' title='bbox 1129 1990 1237 2081; x_wconf 84' lang='lat' dir='ltr'><strong>poeta</strong></span> <span class='ocrx_word' id='word_1_77' title='bbox 1262 1984 1364 2080; x_wconf 87' lang='lat' dir='ltr'><strong>ponit</strong></span> <span class='ocrx_word' id='word_1_78' title='bbox 1388 1985 1587 2061; x_wconf 87' lang='lat' dir='ltr'><strong>secundam</strong></span> <span class='ocrx_word' id='word_1_79' title='bbox 1612 1976 1744 2061; x_wconf 83' lang='lat' dir='ltr'><strong>vocem</strong></span> <span class='ocrx_word' id='word_1_80' title='bbox 1769 2006 1855 2080; x_wconf 81' lang='lat' dir='ltr'><strong>quae</strong></span> 
     </span>
     <span class='ocr_line' id='line_1_11' title="bbox 682 2104 1855 2202; baseline -0.001 -21"><span class='ocrx_word' id='word_1_81' title='bbox 682 2106 788 2181; x_wconf 86' lang='lat' dir='ltr'><strong>ducet</strong></span> <span class='ocrx_word' id='word_1_82' title='bbox 818 2106 1017 2181; x_wconf 76' lang='lat' dir='ltr'><strong>refrenare</strong></span> <span class='ocrx_word' id='word_1_83' title='bbox 1049 2106 1188 2202; x_wconf 83' lang='lat' dir='ltr'><strong>gulam,</strong></span> <span class='ocrx_word' id='word_1_84' title='bbox 1224 2125 1435 2181; x_wconf 86' lang='lat' dir='ltr'><strong>memorans</strong></span> <span class='ocrx_word' id='word_1_85' title='bbox 1467 2105 1664 2181; x_wconf 86' lang='lat' dir='ltr'><strong>damnosus</strong></span> <span class='ocrx_word' id='word_1_86' title='bbox 1702 2104 1855 2181; x_wconf 88' lang='lat' dir='ltr'><strong>effectus</strong></span> 
     </span>
     <span class='ocr_line' id='line_1_12' title="bbox 682 2224 1854 2321; baseline -0.002 -20"><span class='ocrx_word' id='word_1_87' title='bbox 682 2226 787 2319; x_wconf 90' lang='lat' dir='ltr'><strong>eius;</strong></span> <span class='ocrx_word' id='word_1_88' title='bbox 814 2232 851 2300; x_wconf 87' lang='lat' dir='ltr'><strong>et</strong></span> <span class='ocrx_word' id='word_1_89' title='bbox 876 2224 995 2320; x_wconf 87' lang='lat' dir='ltr'><strong>primu</strong></span> <span class='ocrx_word' id='word_1_90' title='bbox 1020 2244 1087 2321; x_wconf 88' lang='lat' dir='ltr'><strong>per</strong></span> <span class='ocrx_word' id='word_1_91' title='bbox 1114 2226 1327 2320; x_wconf 82' lang='lat' dir='ltr'><strong>exemplum</strong></span> <span class='ocrx_word' id='word_1_92' title='bbox 1352 2224 1637 2300; x_wconf 81' lang='lat' dir='ltr'><strong>Centaurorum.</strong></span> <span class='ocrx_word' id='word_1_93' title='bbox 1668 2224 1722 2300; x_wconf 78' lang='lat' dir='ltr'><strong>bd</strong></span> <span class='ocrx_word' id='word_1_94' title='bbox 1747 2226 1854 2300; x_wconf 87' lang='lat' dir='ltr'><strong>cuius</strong></span> 
     </span>
     <span class='ocr_line' id='line_1_13' title="bbox 682 2343 1856 2443; baseline -0.001 -22"><span class='ocrx_word' id='word_1_95' title='bbox 682 2344 958 2443; x_wconf 80' lang='lat' dir='ltr'><strong>intelligentiam</strong></span> <span class='ocrx_word' id='word_1_96' title='bbox 995 2351 1050 2419; x_wconf 90' lang='lat' dir='ltr'><strong>est</strong></span> <span class='ocrx_word' id='word_1_97' title='bbox 1083 2343 1272 2420; x_wconf 89' lang='lat' dir='ltr'><strong>sciendum</strong></span> <span class='ocrx_word' id='word_1_98' title='bbox 1310 2344 1527 2420; x_wconf 87' lang='lat' dir='ltr'><strong>brevissime</strong></span> <span class='ocrx_word' id='word_1_99' title='bbox 1562 2345 1661 2439; x_wconf 85' lang='lat' dir='ltr'><strong>quud</strong></span> <span class='ocrx_word' id='word_1_100' title='bbox 1694 2346 1856 2420; x_wconf 78' lang='lat' dir='ltr'><strong>Theseus</strong></span> 
     </span>
     <span class='ocr_line' id='line_1_14' title="bbox 682 2452 1856 2559; baseline -0.003 -18"><span class='ocrx_word' id='word_1_101' title='bbox 682 2452 906 2541; x_wconf 88' lang='lat' dir='ltr'><strong>clarissimus</strong></span> <span class='ocrx_word' id='word_1_102' title='bbox 930 2464 1006 2539; x_wconf 85' lang='lat' dir='ltr'><strong>dux</strong></span> <span class='ocrx_word' id='word_1_103' title='bbox 1031 2464 1273 2559; x_wconf 78' lang='lat' dir='ltr'><strong>Athenarum,</strong></span> <span class='ocrx_word' id='word_1_104' title='bbox 1292 2464 1397 2559; x_wconf 90' lang='lat' dir='ltr'><strong>quasi</strong></span> <span class='ocrx_word' id='word_1_105' title='bbox 1414 2464 1508 2539; x_wconf 90' lang='lat' dir='ltr'><strong>alter</strong></span> <span class='ocrx_word' id='word_1_106' title='bbox 1526 2464 1703 2539; x_wconf 86' lang='lat' dir='ltr'><strong>Hercules</strong></span> <span class='ocrx_word' id='word_1_107' title='bbox 1722 2464 1760 2537; x_wconf 93' lang='lat' dir='ltr'><strong>iu</strong></span> <span class='ocrx_word' id='word_1_108' title='bbox 1779 2464 1856 2539; x_wconf 88' lang='lat' dir='ltr'><strong>vir-</strong></span> 
     </span>
     <span class='ocr_line' id='line_1_15' title="bbox 683 2584 1855 2680; baseline -0.003 -19"><span class='ocrx_word' id='word_1_109' title='bbox 683 2592 763 2661; x_wconf 85' lang='lat' dir='ltr'><strong>tute</strong></span> <span class='ocrx_word' id='word_1_110' title='bbox 789 2584 1017 2679; x_wconf 70' lang='lat' dir='ltr'><strong>fortitudinis</strong></span> <span class='ocrx_word' id='word_1_111' title='bbox 1035 2584 1125 2659; x_wconf 91' lang='lat' dir='ltr'><strong>dum</strong></span> <span class='ocrx_word' id='word_1_112' title='bbox 1147 2604 1307 2680; x_wconf 75' lang='lat' dir='ltr'><strong>praeseus</strong></span> <span class='ocrx_word' id='word_1_113' title='bbox 1329 2590 1426 2660; x_wconf 87' lang='lat' dir='ltr'><strong>esset</strong></span> <span class='ocrx_word' id='word_1_114' title='bbox 1445 2584 1580 2680; x_wconf 89' lang='lat' dir='ltr'><strong>nuptiis</strong></span> <span class='ocrx_word' id='word_1_115' title='bbox 1596 2584 1746 2659; x_wconf 73' lang='lat' dir='ltr'><strong>Pirithoi</strong></span> <span class='ocrx_word' id='word_1_116' title='bbox 1761 2584 1855 2657; x_wconf 90' lang='lat' dir='ltr'><strong>ami·</strong></span> 
     </span>
     <span class='ocr_line' id='line_1_16' title="bbox 682 2704 1854 2801; baseline -0.005 -17"><span class='ocrx_word' id='word_1_117' title='bbox 682 2708 815 2784; x_wconf 91' lang='lat' dir='ltr'><strong>cissimi</strong></span> <span class='ocrx_word' id='word_1_118' title='bbox 840 2706 927 2781; x_wconf 85' lang='lat' dir='ltr'><strong>socii</strong></span> <span class='ocrx_word' id='word_1_119' title='bbox 953 2705 1023 2801; x_wconf 88' lang='lat' dir='ltr'><strong>sui,</strong></span> <span class='ocrx_word' id='word_1_120' title='bbox 1040 2712 1077 2781; x_wconf 90' lang='lat' dir='ltr'><strong>et</strong></span> <span class='ocrx_word' id='word_1_121' title='bbox 1097 2704 1271 2781; x_wconf 85' lang='lat' dir='ltr'><strong>Centauri</strong></span> <span class='ocrx_word' id='word_1_122' title='bbox 1296 2706 1459 2781; x_wconf 78' lang='lat' dir='ltr'><strong>calefacti</strong></span> <span class='ocrx_word' id='word_1_123' title='bbox 1484 2706 1567 2781; x_wconf 87' lang='lat' dir='ltr'><strong>cibo</strong></span> <span class='ocrx_word' id='word_1_124' title='bbox 1584 2711 1622 2781; x_wconf 91' lang='lat' dir='ltr'><strong>et</strong></span> <span class='ocrx_word' id='word_1_125' title='bbox 1641 2706 1726 2780; x_wconf 90' lang='lat' dir='ltr'><strong>riuo</strong></span> <span class='ocrx_word' id='word_1_126' title='bbox 1742 2725 1854 2801; x_wconf 89' lang='lat' dir='ltr'><strong>spon-</strong></span> 
     </span>
     <span class='ocr_line' id='line_1_17' title="bbox 681 2825 1854 2923; baseline -0.003 -21"><span class='ocrx_word' id='word_1_127' title='bbox 681 2850 760 2903; x_wconf 90' lang='lat' dir='ltr'><strong>sam</strong></span> <span class='ocrx_word' id='word_1_128' title='bbox 799 2826 958 2923; x_wconf 86' lang='lat' dir='ltr'><strong>superbe</strong></span> <span class='ocrx_word' id='word_1_129' title='bbox 999 2846 1131 2921; x_wconf 90' lang='lat' dir='ltr'><strong>rapere</strong></span> <span class='ocrx_word' id='word_1_130' title='bbox 1159 2831 1396 2919; x_wconf 83' lang='lat' dir='ltr'><strong>conarentur,</strong></span> <span class='ocrx_word' id='word_1_131' title='bbox 1428 2846 1565 2921; x_wconf 80' lang='lat' dir='ltr'><strong>magne</strong></span> <span class='ocrx_word' id='word_1_132' title='bbox 1603 2826 1746 2921; x_wconf 86' lang='lat' dir='ltr'><strong>labore,</strong></span> <span class='ocrx_word' id='word_1_133' title='bbox 1788 2825 1854 2899; x_wconf 91' lang='lat' dir='ltr'><strong>sed</strong></span> 
     </span>
     <span class='ocr_line' id='line_1_18' title="bbox 682 2944 1850 3042; baseline -0.002 -19"><span class='ocrx_word' id='word_1_134' title='bbox 682 2948 845 3024; x_wconf 84' lang='lat' dir='ltr'><strong>maximo</strong></span> <span class='ocrx_word' id='word_1_135' title='bbox 870 2948 1012 3022; x_wconf 90' lang='lat' dir='ltr'><strong>bonore</strong></span> <span class='ocrx_word' id='word_1_136' title='bbox 1036 2945 1188 3021; x_wconf 81' lang='lat' dir='ltr'><strong>feliciter</strong></span> <span class='ocrx_word' id='word_1_137' title='bbox 1214 2944 1419 3041; x_wconf 82' lang='lat' dir='ltr'><strong>superarit:</strong></span> <span class='ocrx_word' id='word_1_138' title='bbox 1446 2947 1541 3020; x_wconf 89' lang='lat' dir='ltr'><strong>banc</strong></span> <span class='ocrx_word' id='word_1_139' title='bbox 1559 2967 1722 3042; x_wconf 85' lang='lat' dir='ltr'><strong>pugnam</strong></span> <span class='ocrx_word' id='word_1_140' title='bbox 1743 2946 1850 3041; x_wconf 82' lang='lat' dir='ltr'><strong>jom-</strong></span> 
     </span>
     <span class='ocr_line' id='line_1_19' title="bbox 679 3058 1851 3161; baseline -0.004 -17"><span class='ocrx_word' id='word_1_141' title='bbox 679 3091 758 3144; x_wconf 86' lang='lat' dir='ltr'><strong>eam</strong></span> <span class='ocrx_word' id='word_1_142' title='bbox 773 3058 810 3161; x_wconf 84' lang='lat'><strong>(³)</strong></span> <span class='ocrx_word' id='word_1_143' title='bbox 837 3066 968 3141; x_wconf 88' lang='lat' dir='ltr'><strong>diffuse</strong></span> <span class='ocrx_word' id='word_1_144' title='bbox 985 3064 1109 3140; x_wconf 88' lang='lat' dir='ltr'><strong>scribit</strong></span> <span class='ocrx_word' id='word_1_145' title='bbox 1125 3064 1275 3139; x_wconf 86' lang='lat' dir='ltr'><strong>Ovidius</strong></span> <span class='ocrx_word' id='word_1_146' title='bbox 1291 3065 1329 3138; x_wconf 94' lang='lat' dir='ltr'><strong>iu</strong></span> <span class='ocrx_word' id='word_1_147' title='bbox 1346 3064 1486 3139; x_wconf 84' lang='lat' dir='ltr'><strong>maiori.</strong></span> <span class='ocrx_word' id='word_1_148' title='bbox 1509 3065 1569 3139; x_wconf 90' lang='lat' dir='ltr'><strong>lsti</strong></span> <span class='ocrx_word' id='word_1_149' title='bbox 1589 3064 1737 3160; x_wconf 84' lang='lat' dir='ltr'><strong>quidem</strong></span> <span class='ocrx_word' id='word_1_150' title='bbox 1755 3066 1851 3141; x_wconf 85' lang='lat' dir='ltr'><strong>Ceu-</strong></span> 
     </span>
     <span class='ocr_line' id='line_1_20' title="bbox 680 3186 1852 3283; baseline -0.003 -19"><span class='ocrx_word' id='word_1_151' title='bbox 680 3188 778 3264; x_wconf 84' lang='lat' dir='ltr'><strong>tauri</strong></span> <span class='ocrx_word' id='word_1_152' title='bbox 795 3209 863 3283; x_wconf 86' lang='lat' dir='ltr'><strong>pro</strong></span> <span class='ocrx_word' id='word_1_153' title='bbox 884 3193 989 3283; x_wconf 87' lang='lat' dir='ltr'><strong>parte</strong></span> <span class='ocrx_word' id='word_1_154' title='bbox 1006 3186 1183 3280; x_wconf 88' lang='lat' dir='ltr'><strong>homines,</strong></span> <span class='ocrx_word' id='word_1_155' title='bbox 1200 3205 1270 3280; x_wconf 85' lang='lat' dir='ltr'><strong>pro</strong></span> <span class='ocrx_word' id='word_1_156' title='bbox 1285 3193 1392 3281; x_wconf 85' lang='lat' dir='ltr'><strong>parte</strong></span> <span class='ocrx_word' id='word_1_157' title='bbox 1407 3186 1494 3280; x_wconf 92' lang='lat' dir='ltr'><strong>equi</strong></span> <span class='ocrx_word' id='word_1_158' title='bbox 1511 3193 1598 3261; x_wconf 93' lang='lat' dir='ltr'><strong>sunt</strong></span> <span class='ocrx_word' id='word_1_159' title='bbox 1620 3186 1852 3283; x_wconf 88' lang='lat' dir='ltr'><strong>stipendiarii,</strong></span> 
     </span>
     <span class='ocr_line' id='line_1_21' title="bbox 680 3305 1850 3401; baseline -0.003 -18"><span class='ocrx_word' id='word_1_160' title='bbox 680 3315 780 3383; x_wconf 86' lang='lat' dir='ltr'><strong>recte</strong></span> <span class='ocrx_word' id='word_1_161' title='bbox 806 3306 941 3381; x_wconf 89' lang='lat' dir='ltr'><strong>similes</strong></span> <span class='ocrx_word' id='word_1_162' title='bbox 966 3306 1070 3400; x_wconf 89' lang='lat' dir='ltr'><strong>equis</strong></span> <span class='ocrx_word' id='word_1_163' title='bbox 1101 3305 1176 3379; x_wconf 88' lang='lat' dir='ltr'><strong>suis</strong></span> <span class='ocrx_word' id='word_1_164' title='bbox 1201 3305 1368 3380; x_wconf 89' lang='lat' dir='ltr'><strong>muribus</strong></span> <span class='ocrx_word' id='word_1_165' title='bbox 1397 3312 1434 3380; x_wconf 87' lang='lat' dir='ltr'><strong>et</strong></span> <span class='ocrx_word' id='word_1_166' title='bbox 1464 3305 1556 3401; x_wconf 81' lang='lat' dir='ltr'><strong>vita3</strong></span> <span class='ocrx_word' id='word_1_167' title='bbox 1583 3307 1726 3381; x_wconf 90' lang='lat' dir='ltr'><strong>nullum</strong></span> <span class='ocrx_word' id='word_1_168' title='bbox 1752 3306 1850 3381; x_wconf 90' lang='lat' dir='ltr'><strong>enim</strong></span> 
     </span>
     <span class='ocr_line' id='line_1_22' title="bbox 679 3426 1850 3521; baseline -0.002 -18"><span class='ocrx_word' id='word_1_169' title='bbox 679 3428 816 3504; x_wconf 89' lang='lat' dir='ltr'><strong>animal</strong></span> <span class='ocrx_word' id='word_1_170' title='bbox 851 3432 906 3501; x_wconf 88' lang='lat' dir='ltr'><strong>est</strong></span> <span class='ocrx_word' id='word_1_171' title='bbox 944 3426 1130 3520; x_wconf 88' lang='lat' dir='ltr'><strong>humilius,</strong></span> <span class='ocrx_word' id='word_1_172' title='bbox 1169 3426 1313 3499; x_wconf 90' lang='lat' dir='ltr'><strong>nullum</strong></span> <span class='ocrx_word' id='word_1_173' title='bbox 1347 3426 1543 3521; x_wconf 90' lang='lat' dir='ltr'><strong>superbius</strong></span> <span class='ocrx_word' id='word_1_174' title='bbox 1575 3427 1724 3502; x_wconf 87' lang='lat' dir='ltr'><strong>domiuo</strong></span> <span class='ocrx_word' id='word_1_175' title='bbox 1757 3447 1850 3502; x_wconf 85' lang='lat' dir='ltr'><strong>sun:</strong></span> 
     </span>
     <span class='ocr_line' id='line_1_23' title="bbox 679 3545 1851 3644; baseline 0.001 -23"><span class='ocrx_word' id='word_1_176' title='bbox 679 3568 800 3643; x_wconf 86' lang='lat' dir='ltr'><strong>equus</strong></span> <span class='ocrx_word' id='word_1_177' title='bbox 831 3546 928 3621; x_wconf 90' lang='lat' dir='ltr'><strong>euim</strong></span> <span class='ocrx_word' id='word_1_178' title='bbox 961 3552 1060 3619; x_wconf 86' lang='lat' dir='ltr'><strong>tauta</strong></span> <span class='ocrx_word' id='word_1_179' title='bbox 1090 3545 1301 3620; x_wconf 86' lang='lat' dir='ltr'><strong>fortitudine</strong></span> <span class='ocrx_word' id='word_1_180' title='bbox 1330 3552 1367 3620; x_wconf 90' lang='lat' dir='ltr'><strong>et</strong></span> <span class='ocrx_word' id='word_1_181' title='bbox 1396 3546 1589 3622; x_wconf 81' lang='lat' dir='ltr'><strong>velocitate</strong></span> <span class='ocrx_word' id='word_1_182' title='bbox 1624 3546 1750 3644; x_wconf 81' lang='lat' dir='ltr'><strong>vigens</strong></span> <span class='ocrx_word' id='word_1_183' title='bbox 1783 3567 1851 3643; x_wconf 90' lang='lat' dir='ltr'><strong>pru</strong></span> 
     </span>
     <span class='ocr_line' id='line_1_24' title="bbox 679 3664 1850 3764; baseline -0.002 -21"><span class='ocrx_word' id='word_1_184' title='bbox 679 3668 741 3743; x_wconf 82' lang='lat' dir='ltr'><strong>rili</strong></span> <span class='ocrx_word' id='word_1_185' title='bbox 766 3666 848 3742; x_wconf 90' lang='lat' dir='ltr'><strong>cibo</strong></span> <span class='ocrx_word' id='word_1_186' title='bbox 873 3665 952 3742; x_wconf 87' lang='lat' dir='ltr'><strong>vult</strong></span> <span class='ocrx_word' id='word_1_187' title='bbox 972 3664 1051 3740; x_wconf 87' lang='lat' dir='ltr'><strong>fieri</strong></span> <span class='ocrx_word' id='word_1_188' title='bbox 1068 3665 1231 3761; x_wconf 86' lang='lat' dir='ltr'><strong>alterius,</strong></span> <span class='ocrx_word' id='word_1_189' title='bbox 1251 3665 1406 3761; x_wconf 84' lang='lat' dir='ltr'><strong>domari,</strong></span> <span class='ocrx_word' id='word_1_190' title='bbox 1427 3666 1543 3764; x_wconf 78' lang='lat' dir='ltr'><strong>ligari,</strong></span> <span class='ocrx_word' id='word_1_191' title='bbox 1565 3669 1665 3743; x_wconf 85' lang='lat' dir='ltr'><strong>ferre</strong></span> <span class='ocrx_word' id='word_1_192' title='bbox 1691 3668 1850 3761; x_wconf 77' lang='lat' dir='ltr'><strong>fraenari,</strong></span> 
     </span>
     <span class='ocr_line' id='line_1_25' title="bbox 678 3784 1851 3882; baseline 0 -19"><span class='ocrx_word' id='word_1_193' title='bbox 678 3785 835 3881; x_wconf 85' lang='lat' dir='ltr'><strong>calciari,</strong></span> <span class='ocrx_word' id='word_1_194' title='bbox 861 3792 1048 3860; x_wconf 89' lang='lat' dir='ltr'><strong>armatum</strong></span> <span class='ocrx_word' id='word_1_195' title='bbox 1074 3784 1237 3879; x_wconf 86' lang='lat' dir='ltr'><strong>equitem</strong></span> <span class='ocrx_word' id='word_1_196' title='bbox 1268 3786 1377 3879; x_wconf 89' lang='lat' dir='ltr'><strong>ferre,</strong></span> <span class='ocrx_word' id='word_1_197' title='bbox 1408 3787 1553 3862; x_wconf 83' lang='lat' dir='ltr'><strong>stabulo</strong></span> <span class='ocrx_word' id='word_1_198' title='bbox 1582 3788 1786 3882; x_wconf 88' lang='lat' dir='ltr'><strong>carcerari;</strong></span> <span class='ocrx_word' id='word_1_199' title='bbox 1813 3795 1851 3863; x_wconf 86' lang='lat' dir='ltr'><strong>et</strong></span> 
     </span>
     <span class='ocr_line' id='line_1_26' title="bbox 678 3895 1850 4004; baseline -0.002 -20"><span class='ocrx_word' id='word_1_200' title='bbox 678 3916 803 3984; x_wconf 90' lang='lat' dir='ltr'><strong>tamen</strong></span> <span class='ocrx_word' id='word_1_201' title='bbox 828 3928 902 3981; x_wconf 91' lang='lat' dir='ltr'><strong>non</strong></span> <span class='ocrx_word' id='word_1_202' title='bbox 927 3906 1020 3982; x_wconf 85' lang='lat' dir='ltr'><strong>sicut</strong></span> <span class='ocrx_word' id='word_1_203' title='bbox 1045 3926 1189 4000; x_wconf 84' lang='lat' dir='ltr'><strong>servus,</strong></span> <span class='ocrx_word' id='word_1_204' title='bbox 1213 3906 1277 3981; x_wconf 91' lang='lat' dir='ltr'><strong>sed</strong></span> <span class='ocrx_word' id='word_1_205' title='bbox 1291 3895 1328 4000; x_wconf 66' lang='lat'><strong>(⁴)</strong></span> <span class='ocrx_word' id='word_1_206' title='bbox 1354 3906 1537 4004; x_wconf 84' lang='lat' dir='ltr'><strong>dontinus,</strong></span> <span class='ocrx_word' id='word_1_207' title='bbox 1564 3908 1674 3983; x_wconf 87' lang='lat' dir='ltr'><strong>bustis</strong></span> <span class='ocrx_word' id='word_1_208' title='bbox 1699 3915 1737 3984; x_wconf 90' lang='lat' dir='ltr'><strong>et</strong></span> <span class='ocrx_word' id='word_1_209' title='bbox 1768 3909 1850 3983; x_wconf 87' lang='lat' dir='ltr'><strong>iuu-</strong></span> 
     </span>
     <span class='ocr_line' id='line_1_27' title="bbox 677 4026 1848 4124; baseline 0.001 -21"><span class='ocrx_word' id='word_1_210' title='bbox 677 4029 826 4104; x_wconf 90' lang='lat' dir='ltr'><strong>bedieus</strong></span> <span class='ocrx_word' id='word_1_211' title='bbox 850 4026 999 4102; x_wconf 85' lang='lat' dir='ltr'><strong>domiue</strong></span> <span class='ocrx_word' id='word_1_212' title='bbox 1020 4048 1107 4101; x_wconf 86' lang='lat' dir='ltr'><strong>suu:</strong></span> <span class='ocrx_word' id='word_1_213' title='bbox 1127 4027 1226 4103; x_wconf 91' lang='lat' dir='ltr'><strong>unde</strong></span> <span class='ocrx_word' id='word_1_214' title='bbox 1241 4026 1289 4102; x_wconf 90' lang='lat' dir='ltr'><strong>de</strong></span> <span class='ocrx_word' id='word_1_215' title='bbox 1305 4048 1404 4122; x_wconf 85' lang='lat' dir='ltr'><strong>eque</strong></span> <span class='ocrx_word' id='word_1_216' title='bbox 1420 4028 1490 4104; x_wconf 90' lang='lat' dir='ltr'><strong>dici</strong></span> <span class='ocrx_word' id='word_1_217' title='bbox 1507 4035 1625 4124; x_wconf 83' lang='lat' dir='ltr'><strong>petest</strong></span> <span class='ocrx_word' id='word_1_218' title='bbox 1643 4029 1733 4105; x_wconf 94' lang='lat' dir='ltr'><strong>illud</strong></span> <span class='ocrx_word' id='word_1_219' title='bbox 1750 4030 1848 4123; x_wconf 87' lang='lat' dir='ltr'><strong>quud</strong></span> 
     </span>
     <span class='ocr_line' id='line_1_28' title="bbox 677 4147 1847 4246; baseline 0.001 -23"><span class='ocrx_word' id='word_1_220' title='bbox 677 4149 873 4245; x_wconf 76' lang='lat' dir='ltr'><strong>quesitum</strong></span> <span class='ocrx_word' id='word_1_221' title='bbox 899 4154 953 4223; x_wconf 81' lang='lat' dir='ltr'><strong>est</strong></span> <span class='ocrx_word' id='word_1_222' title='bbox 977 4147 1024 4223; x_wconf 93' lang='lat' dir='ltr'><strong>de</strong></span> <span class='ocrx_word' id='word_1_223' title='bbox 1049 4148 1144 4222; x_wconf 87' lang='lat' dir='ltr'><strong>Juliu</strong></span> <span class='ocrx_word' id='word_1_224' title='bbox 1170 4148 1326 4242; x_wconf 84' lang='lat' dir='ltr'><strong>Caesare,</strong></span> <span class='ocrx_word' id='word_1_225' title='bbox 1352 4148 1498 4245; x_wconf 86' lang='lat' dir='ltr'><strong>scilicet,</strong></span> <span class='ocrx_word' id='word_1_226' title='bbox 1525 4171 1574 4225; x_wconf 92' lang='lat' dir='ltr'><strong>an</strong></span> <span class='ocrx_word' id='word_1_227' title='bbox 1599 4151 1710 4225; x_wconf 91' lang='lat' dir='ltr'><strong>fuerit</strong></span> <span class='ocrx_word' id='word_1_228' title='bbox 1734 4171 1847 4246; x_wconf 84' lang='lat' dir='ltr'><strong>erpe-</strong></span> 
     </span>
     <span class='ocr_line' id='line_1_29' title="bbox 676 4256 1847 4366; baseline 0.001 -21"><span class='ocrx_word' id='word_1_229' title='bbox 676 4256 778 4345; x_wconf 91' lang='lat' dir='ltr'><strong>diens</strong></span> <span class='ocrx_word' id='word_1_230' title='bbox 811 4275 939 4343; x_wconf 86' lang='lat' dir='ltr'><strong>ventos</strong></span> <span class='ocrx_word' id='word_1_231' title='bbox 973 4268 1073 4363; x_wconf 85' lang='lat' dir='ltr'><strong>flare,</strong></span> <span class='ocrx_word' id='word_1_232' title='bbox 1100 4274 1138 4343; x_wconf 91' lang='lat' dir='ltr'><strong>et</strong></span> <span class='ocrx_word' id='word_1_233' title='bbox 1171 4268 1354 4343; x_wconf 84' lang='lat' dir='ltr'><strong>Coesarem</strong></span> <span class='ocrx_word' id='word_1_234' title='bbox 1389 4270 1499 4345; x_wconf 92' lang='lat' dir='ltr'><strong>nasci.</strong></span> <span class='ocrx_word' id='word_1_235' title='bbox 1533 4269 1587 4346; x_wconf 78' lang='lat' dir='ltr'><strong>bd</strong></span> <span class='ocrx_word' id='word_1_236' title='bbox 1621 4272 1847 4366; x_wconf 84' lang='lat' dir='ltr'><strong>propositum</strong></span> 
     </span>
     <span class='ocr_line' id='line_1_30' title="bbox 676 4387 1849 4488; baseline -0.002 -21"><span class='ocrx_word' id='word_1_237' title='bbox 676 4410 768 4488; x_wconf 79' lang='lat' dir='ltr'><strong>ergo</strong></span> <span class='ocrx_word' id='word_1_238' title='bbox 794 4388 952 4465; x_wconf 90' lang='lat' dir='ltr'><strong>ebrietas</strong></span> <span class='ocrx_word' id='word_1_239' title='bbox 977 4389 1182 4479; x_wconf 82' lang='lat' dir='ltr'><strong>Centaurus</strong></span> <span class='ocrx_word' id='word_1_240' title='bbox 1198 4387 1412 4463; x_wconf 83' lang='lat' dir='ltr'><strong>fortissimos</strong></span> <span class='ocrx_word' id='word_1_241' title='bbox 1435 4390 1579 4465; x_wconf 90' lang='lat' dir='ltr'><strong>tradidit</strong></span> <span class='ocrx_word' id='word_1_242' title='bbox 1595 4391 1735 4466; x_wconf 82' lang='lat' dir='ltr'><strong>Theseo</strong></span> <span class='ocrx_word' id='word_1_243' title='bbox 1761 4391 1849 4466; x_wconf 88' lang='lat' dir='ltr'><strong>faci·</strong></span> 
     </span>
     <span class='ocr_line' id='line_1_31' title="bbox 675 4508 1848 4606; baseline -0.001 -22"><span class='ocrx_word' id='word_1_244' title='bbox 675 4510 758 4585; x_wconf 89' lang='lat' dir='ltr'><strong>liter</strong></span> <span class='ocrx_word' id='word_1_245' title='bbox 784 4509 1021 4605; x_wconf 80' lang='lat' dir='ltr'><strong>superandos.</strong></span> <span class='ocrx_word' id='word_1_246' title='bbox 1047 4508 1140 4583; x_wconf 87' lang='lat' dir='ltr'><strong>Dicit</strong></span> <span class='ocrx_word' id='word_1_247' title='bbox 1165 4527 1255 4606; x_wconf 85' lang='lat' dir='ltr'><strong>ergo</strong></span> <span class='ocrx_word' id='word_1_248' title='bbox 1281 4515 1409 4604; x_wconf 85' lang='lat' dir='ltr'><strong>poeta:</strong></span> <span class='ocrx_word' id='word_1_249' title='bbox 1435 4517 1473 4585; x_wconf 91' lang='lat' dir='ltr'><strong>et</strong></span> <span class='ocrx_word' id='word_1_250' title='bbox 1497 4511 1558 4585; x_wconf 88' lang='lat' dir='ltr'><strong>illa</strong></span> <span class='ocrx_word' id='word_1_251' title='bbox 1583 4531 1656 4586; x_wconf 84' lang='lat' dir='ltr'><strong>vor</strong></span> <span class='ocrx_word' id='word_1_252' title='bbox 1684 4512 1848 4586; x_wconf 88' lang='lat' dir='ltr'><strong>dicebat:</strong></span> 
     </span>
     <span class='ocr_line' id='line_1_32' title="bbox 675 4629 1850 4726; baseline -0.001 -21"><span class='ocrx_word' id='word_1_253' title='bbox 675 4632 868 4722; x_wconf 81' lang='lat' dir='ltr'><strong>Ricordtvi,</strong></span> <span class='ocrx_word' id='word_1_254' title='bbox 885 4650 909 4703; x_wconf 85' lang='grc' dir='ltr'>ο</span> <span class='ocrx_word' id='word_1_255' title='bbox 925 4629 1034 4704; x_wconf 86' lang='lat' dir='ltr'><strong>amici</strong></span> <span class='ocrx_word' id='word_1_256' title='bbox 1052 4629 1162 4726; x_wconf 84' lang='lat' dir='ltr'><strong>gulae,</strong></span> <span class='ocrx_word' id='word_1_257' title='bbox 1180 4634 1368 4703; x_wconf 83' lang='lat' dir='ltr'><strong>amatores</strong></span> <span class='ocrx_word' id='word_1_258' title='bbox 1385 4630 1470 4724; x_wconf 89' lang='lat' dir='ltr'><strong>vini,</strong></span> <span class='ocrx_word' id='word_1_259' title='bbox 1487 4633 1541 4703; x_wconf 66' lang='lat' dir='ltr'><strong>de</strong></span> <span class='ocrx_word' id='word_1_260' title='bbox 1554 4632 1737 4723; x_wconf 72' lang='lat' dir='ltr'><strong>maleddtt,</strong></span> <span class='ocrx_word' id='word_1_261' title='bbox 1754 4631 1850 4706; x_wconf 85' lang='lat' dir='ltr'><strong>Ceu-</strong></span> 
     </span>
     <span class='ocr_line' id='line_1_33' title="bbox 676 4748 1848 4845; baseline -0.001 -21"><span class='ocrx_word' id='word_1_262' title='bbox 676 4750 803 4845; x_wconf 88' lang='lat' dir='ltr'><strong>tauris‚</strong></span> <span class='ocrx_word' id='word_1_263' title='bbox 826 4754 973 4845; x_wconf 74' lang='lat' dir='ltr'><strong>smmntt</strong></span> <span class='ocrx_word' id='word_1_264' title='bbox 1000 4753 1057 4823; x_wconf 87' lang='lat' dir='ltr'><strong>nei</strong></span> <span class='ocrx_word' id='word_1_265' title='bbox 1082 4751 1224 4843; x_wconf 56' lang='lat' dir='ltr'><strong>cavom</strong></span> <span class='ocrx_word' id='word_1_266' title='bbox 1249 4750 1319 4824; x_wconf 84' lang='lat' dir='ltr'><strong>buc</strong></span> <span class='ocrx_word' id='word_1_267' title='bbox 1347 4748 1432 4824; x_wconf 87' lang='lat' dir='ltr'><strong>dicit</strong></span> <span class='ocrx_word' id='word_1_268' title='bbox 1457 4750 1545 4845; x_wconf 86' lang='lat' dir='ltr'><strong>quia</strong></span> <span class='ocrx_word' id='word_1_269' title='bbox 1576 4750 1750 4825; x_wconf 85' lang='lat' dir='ltr'><strong>Centauri</strong></span> <span class='ocrx_word' id='word_1_270' title='bbox 1778 4750 1848 4824; x_wconf 90' lang='lat' dir='ltr'><strong>fin-</strong></span> 
     </span>
    </p>
   </div>
   <div class='ocr_carea' id='block_1_3' title="bbox 684 4932 1797 5075">
    <p class='ocr_par' dir='ltr' id='par_1_3' title="bbox 684 4932 1797 5075">
     <span class='ocr_line' id='line_1_34' title="bbox 684 4932 1797 4998; baseline -0.003 -11"><span class='ocrx_word' id='word_1_271' title='bbox 684 4958 687 4965; x_wconf 95' lang='lat'>·</span> <span class='ocrx_word' id='word_1_272' title='bbox 737 4934 764 4996; x_wconf 78' lang='lat'><strong>(¹)</strong></span> <span class='ocrx_word' id='word_1_273' title='bbox 780 4939 835 4995; x_wconf 77' lang='lat'><strong>117,</strong></span> <span class='ocrx_word' id='word_1_274' title='bbox 851 4934 896 4984; x_wconf 80' lang='lat' dir='ltr'><strong>sed</strong></span> <span class='ocrx_word' id='word_1_275' title='bbox 911 4948 964 4985; x_wconf 87' lang='lat' dir='ltr'><strong>non</strong></span> <span class='ocrx_word' id='word_1_276' title='bbox 980 4933 1099 4985; x_wconf 81' lang='lat' dir='ltr'><strong>rldebrm</strong></span> <span class='ocrx_word' id='word_1_277' title='bbox 1114 4934 1253 4983; x_wconf 84' lang='lat' dir='ltr'><strong>dicentem.</strong></span> <span class='ocrx_word' id='word_1_278' title='bbox 1347 4932 1374 4996; x_wconf 77' lang='lat'><strong>(¹)</strong></span> <span class='ocrx_word' id='word_1_279' title='bbox 1390 4933 1421 4983; x_wconf 83' lang='grc' dir='ltr'><strong>Ε.</strong></span> <span class='ocrx_word' id='word_1_280' title='bbox 1438 4933 1538 4985; x_wconf 83' lang='lat' dir='ltr'><strong>scillcet</strong></span> <span class='ocrx_word' id='word_1_281' title='bbox 1552 4934 1623 4998; x_wconf 83' lang='lat' dir='ltr'><strong>quud</strong></span> <span class='ocrx_word' id='word_1_282' title='bbox 1638 4932 1797 4997; x_wconf 76' lang='lat' dir='ltr'><strong>respiciebat.</strong></span> 
     </span>
     <span class='ocr_line' id='line_1_35' title="bbox 739 5008 1710 5075; baseline -0.01 -13"><span class='ocrx_word' id='word_1_283' title='bbox 739 5008 764 5074; x_wconf 81' lang='lat'><strong>(⁸)</strong></span> <span class='ocrx_word' id='word_1_284' title='bbox 781 5010 812 5061; x_wconf 84' lang='lat' dir='ltr'><strong>E.</strong></span> <span class='ocrx_word' id='word_1_285' title='bbox 825 5011 915 5075; x_wconf 81' lang='lat' dir='ltr'><strong>jocose</strong></span> <span class='ocrx_word' id='word_1_286' title='bbox 931 5011 1054 5061; x_wconf 82' lang='lat' dir='ltr'><strong>describit</strong></span> <span class='ocrx_word' id='word_1_287' title='bbox 1068 5010 1181 5063; x_wconf 75' lang='lat' dir='ltr'><strong>Ovidius.</strong></span> <span class='ocrx_word' id='word_1_288' title='bbox 1346 5008 1374 5073; x_wconf 78' lang='lat'><strong>(⁸)</strong></span> <span class='ocrx_word' id='word_1_289' title='bbox 1389 5010 1421 5062; x_wconf 80' lang='grc' dir='ltr'><strong>Ε.</strong></span> <span class='ocrx_word' id='word_1_290' title='bbox 1437 5011 1483 5062; x_wconf 69' lang='grc' dir='ltr'><strong>ιω</strong></span> <span class='ocrx_word' id='word_1_291' title='bbox 1497 5011 1566 5063; x_wconf 61' lang='lat' dir='ltr'><strong>aaut</strong></span> <span class='ocrx_word' id='word_1_292' title='bbox 1581 5010 1710 5062; x_wconf 67' lang='lat' dir='ltr'><strong>commu..</strong></span> 
     </span>
    </p>
   </div>
   <div class='ocr_carea' id='block_1_4' title="bbox 0 0 2176 6692">
    <p class='ocr_par' dir='ltr' id='par_1_4' title="bbox 0 0 2176 6692">
     <span class='ocr_line' id='line_1_36' title="bbox 0 0 2176 6692; baseline 0 4"><span class='ocrx_word' id='word_1_293' title='bbox 0 0 2176 6692; x_wconf 95' lang='lat' dir='ltr'><strong> </strong></span> 
     </span>
    </p>
   </div>
  </div>
 </body>
</html>
