4342 6692
694 863 741 930 96
1055 874 1262 933 couuuruu
1286 878 1508 933 runcrronu

692 1018 803 1093 mittit
828 1018 1068 1114 quaestionem
1095 1021 1239 1116 plenius
1263 1021 1476 1097 solvendam
1493 1021 1618 1097 Statio.
1637 1023 1740 1098 Unde
1760 1023 1864 1099 dicit:

690 1164 751 1217 mc
763 1162 842 1215 ecco
855 1146 915 1235 qui
926 1144 1060 1233 Stozro,
1074 1136 1205 1234 perctd
1216 1144 1341 1217 denuo
1358 1145 1516 1235 canape,
1530 1142 1634 1239 idest,
1652 1164 1866 1219 accommo-

690 1262 756 1337 des
781 1268 818 1337 te
843 1267 880 1337 ct
905 1261 1137 1355 contenteris,
1162 1283 1188 1333 a
1212 1268 1270 1336 luo
1294 1266 1404 1355 voler,
1425 1262 1512 1356 quia
1530 1262 1636 1339 video
1657 1270 1694 1339 te
1713 1262 1863 1338 avidum

691 1382 861 1459 audiendi
886 1381 1101 1478 profundius
1118 1382 1165 1457 de
1189 1382 1256 1457 ista
1282 1382 1452 1477 materia,
1472 1404 1586 1477 quam
1603 1403 1670 1478 per
1696 1382 1863 1478 exempla

691 1503 894 1579 artificialia
921 1504 979 1578 vel
1003 1502 1204 1597 naturalia3
1231 1502 1313 1577 ideo
1344 1502 1449 1578 dicit:
1480 1510 1514 1576 et
1541 1506 1577 1577 io
1606 1505 1655 1577 lui
1686 1506 1865 1577 cimmoe

689 1628 831 1719 pn'epm
856 1626 916 1695 cte
940 1626 995 1696 stc
1020 1643 1064 1694 or
1088 1628 1238 1695 sanator
1262 1624 1350 1697 delle
1374 1630 1429 1698 tre
1446 1625 1567 1716 picpe,
1593 1622 1696 1717 idest,
1714 1623 1777 1717 qui
1802 1644 1864 1698 re·

693 1750 841 1819 moveat
865 1743 932 1817 ista
958 1742 1068 1818 dubia
1095 1742 1141 1817 de
1167 1749 1393 1836 mentetua,
1419 1763 1504 1838 quae
1529 1744 1680 1819 luerunt
1710 1749 1748 1817 et
1777 1749 1863 1817 sunt

692 1883 827 1961 magna
853 1864 1006 1938 vulnera
1032 1862 1242 1937 animarum
1270 1864 1487 1959 multorum,
1513 1862 1608 1939 sicut
1630 1863 1702 1938 cito
1728 1863 1864 1958 patebit

691 1982 795 2059 inira.
821 1982 892 2057 Sed
920 1981 979 2055 hic
1015 1982 1147 2057 merito
1181 1982 1301 2057 oritur
1333 1981 1521 2077 dubitatio,
1548 2004 1666 2077 quare
1691 1983 1863 2080 Virgilius

691 2104 897 2179 committat
922 2104 1016 2177 hanc
1042 2102 1283 2196 quastione-m
1308 2103 1520 2179 solvendam
1548 2103 1672 2179 Statio.
1691 2104 1745 2178 td
1763 2104 1863 2198 quod

689 2224 772 2299 dico
797 2224 897 2318 quod
916 2221 1087 2319 Virgilius
1105 2229 1253 2297 secutus
1270 2223 1459 2298 Platonem
1476 2202 1597 2319 posuit
1614 2224 1713 2318 quod
1730 2224 1863 2297 animae

691 2351 813 2421 essent
837 2350 971 2419 creatae
996 2343 1044 2417 ab
1069 2349 1220 2438 aternu,
1246 2350 1284 2419 ct
1308 2357 1330 2418 a
1356 2345 1468 2418 stellis
1489 2344 1703 2420 laberentur
1722 2345 1759 2419 in
1779 2365 1864 2419 cor·

692 2486 783 2562 pora
808 2466 982 2557 humana,
1009 2468 1045 2537 et
1071 2469 1196 2558 postea
1222 2463 1258 2536 in
1285 2470 1405 2539 morte
1438 2470 1717 2539 reverterentur
1741 2463 1788 2539 ad
1813 2464 1864 2537 si·-

690 2584 782 2659 dera
803 2605 880 2658 sua.
898 2584 942 2656 Et
959 2581 1128 2677 quamvis
1146 2583 1226 2657 talis
1243 2583 1364 2679 opinio
1381 2591 1477 2659 esset
1493 2583 1616 2658 minus
1633 2586 1732 2660 mala
1748 2606 1862 2679 quam

691 2703 813 2799 opinio
838 2702 1009 2777 Avcrrois
1034 2708 1072 2776 ct
1097 2702 1314 2797 multorum,
1340 2710 1464 2778 umen
1494 2724 1651 2779 erronea
1683 2712 1739 2781 est
1763 2705 1862 2800 apud

693 2823 925 2917 christianos3
944 2821 1026 2897 ideo
1043 2822 1139 2897 bene
1155 2822 1294 2898 inducit
1310 2823 1467 2899 Statium
1484 2830 1592 2919 poeta
1609 2825 1861 2921 christianum,

691 2945 755 3039 qui
785 2943 989 3019 secundum
1019 2943 1282 3038 philosophiam
1315 2950 1353 3019 et
1383 2944 1492 3019 lidem
1522 2949 1722 3040 pertractat
1754 2946 1861 3020 istam

691 3063 906 3138 materiam:
934 3062 1100 3137 similiter
1125 3072 1233 3157 poeta
1258 3064 1429 3139 describit
1459 3064 1554 3139 inira
1578 3066 1770 3141 ecclesiam
1796 3065 1862 3141 Dei

693 3184 921 3275 militantem,
947 3182 1080 3256 atalia
1106 3183 1223 3257 multa
1249 3204 1333 3295 quae
1359 3204 1431 3257 non
1458 3187 1570 3259 erant
1590 3191 1676 3259 nota
1696 3185 1762 3279 ipsi
1780 3185 1863 3259 llir·

691 3303 787 3401 gilio.
815 3302 900 3377 ldeo
925 3321 999 3377 non
1024 3302 1121 3377 valet
1147 3302 1246 3396 quod
1265 3303 1391 3378 dicunt
1408 3303 1557 3397 quidam
1576 3305 1675 3399 quod
1691 3305 1862 3400 Virgilius

691 3424 885 3499 committit
910 3422 968 3496 hic
994 3423 1093 3497 vices
1117 3443 1204 3496 suas
1228 3422 1353 3519 Statio,
1381 3424 1468 3519 quia
1497 3425 1564 3499 init
1589 3446 1746 3521 magnus
1770 3426 1862 3519 phy-

691 3544 788 3619 sicus
813 3549 850 3617 et
875 3541 1055 3637 medicus3
1083 3563 1171 3616 nam
1204 3564 1278 3616 non
1306 3543 1433 3619 dubito
1465 3544 1564 3638 quod
1594 3543 1765 3639 Virgilius
1794 3544 1863 3618 luit

692 3664 811 3739 maior
832 3663 1000 3759 physicus
1025 3669 1062 3738 ct
1089 3662 1252 3737 medicus
1275 3663 1408 3739 Statio:
1427 3686 1512 3738 nam
1532 3665 1694 3740 maxime
1707 3659 1746 3756 (¹)
1763 3664 1860 3740 dedit

692 3804 844 3879 operam
870 3782 1069 3857 medicinae.

767 3908 810 3979 Se
834 3906 871 3977 Io
897 3906 1029 3977 cedula.
1049 3904 1120 3977 lsta
1145 3909 1201 3977 est
1225 3903 1385 3978 secunda
1410 3924 1496 3998 pars
1519 3904 1712 3999 generalis,
1731 3905 1860 3999 inqua

691 4030 799 4122 poeta
824 4024 961 4098 inducit
986 4023 1154 4118 Statium,
1172 4024 1237 4118 qui
1254 4030 1376 4099 motus
1393 4024 1564 4118 precibus
1584 4024 1721 4120 Virgilii
1743 4026 1861 4100 inten·
1900 4076 1904 4082 -

691 4147 743 4221 dit
768 4145 911 4220 solvere
942 4144 1145 4239 specialiter
1160 4135 1309 4220 'dictam
1339 4145 1592 4239 quaestionem.
1618 4146 1662 4219 Et
1685 4144 1860 4241 incipiens

691 4288 713 4341 a
733 4265 847 4361 longe
873 4263 991 4359 primo
1016 4271 1217 4359 pertractat
1241 4264 1516 4360 generationem
1545 4265 1667 4359 loetus,
1693 4272 1732 4339 et
1755 4272 1861 4342 ante-

692 4408 805 4482 quam
825 4386 970 4481 incipiat
986 4391 1139 4461 excusat
1155 4406 1196 4461 se
1212 4387 1312 4480 quod
1328 4395 1528 4481 praesumat
1547 4388 1619 4461 lroc
1634 4406 1761 4461 coram
1780 4387 1862 4460 Vir·

689 4511 775 4609 gilio
788 4511 919 4584 maiori
937 4510 1112 4607 magistro
1129 4530 1180 4586 se.
1197 4510 1289 4587 uicit
1306 4530 1397 4607 crgo
1416 4516 1547 4605 pocta:
1564 4512 1710 4602 ltr'sposc
1726 4512 1860 4601 Stozio,
1961 4552 1964 4555 ·

691 4631 740 4705 illi
765 4629 913 4727 Virgilio
939 4650 1024 4705 cum
1044 4651 1179 4727 magna
1195 4630 1415 4721 reverentia,
1432 4650 1505 4703 noo
1522 4636 1624 4722 poter
1639 4632 1729 4723 sorti
1743 4633 1857 4723 rocyo,

692 4750 793 4845 idest,
820 4770 881 4824 me
906 4770 980 4823 non
1004 4770 1112 4844 posse
1135 4750 1259 4825 iacere
1288 4749 1520 4846 negationem
1556 4749 1619 4824 tibi
1651 4749 1798 4823 domino
1823 4753 1860 4823 et

754 5006 782 5070 (¹)
799 5007 830 5057 E.
847 5008 995 5061 maximam.
