<?xml version="1.0" encoding="UTF-8"?>
<!DOCTYPE html PUBLIC "-//W3C//DTD XHTML 1.0 Transitional//EN"
    "http://www.w3.org/TR/xhtml1/DTD/xhtml1-transitional.dtd">
<html xmlns="http://www.w3.org/1999/xhtml" xml:lang="en" lang="en">
 <head>
  <title>
</title>
<meta http-equiv="Content-Type" content="text/html;charset=utf-8" />
  <meta name='ocr-system' content='tesseract 3.04.00' />
  <meta name='ocr-capabilities' content='ocr_page ocr_carea ocr_par ocr_line ocrx_word'/>
</head>
<body>
  <div class='ocr_page' id='page_1' title='image "benevenutideram01lacagoog_0048.png"; bbox 0 0 4342 6692; ppageno 0'>
   <div class='ocr_carea' id='block_1_1' title="bbox 671 879 1483 948">
    <p class='ocr_par' dir='ltr' id='par_1_1' title="bbox 671 879 1483 948">
     <span class='ocr_line' id='line_1_1' title="bbox 671 879 1483 948; baseline -0.001 -1"><span class='ocrx_word' id='word_1_1' title='bbox 671 879 718 947; x_wconf 82' lang='lat'><strong>38</strong></span> <span class='ocrx_word' id='word_1_2' title='bbox 1032 893 1237 948; x_wconf 84' lang='lat' dir='ltr'><strong>counuruu</strong></span> <span class='ocrx_word' id='word_1_3' title='bbox 1261 893 1483 948; x_wconf 77' lang='lat' dir='ltr'><strong>runcanonu</strong></span> 
     </span>
    </p>
   </div>
   <div class='ocr_carea' id='block_1_2' title="bbox 666 1031 1844 3301">
    <p class='ocr_par' dir='ltr' id='par_1_2' title="bbox 666 1031 1844 3301">
     <span class='ocr_line' id='line_1_2' title="bbox 669 1031 1843 1133; baseline 0.005 -23"><span class='ocrx_word' id='word_1_4' title='bbox 669 1037 772 1132; x_wconf 88' lang='lat' dir='ltr'><strong>idest,</strong></span> <span class='ocrx_word' id='word_1_5' title='bbox 798 1037 860 1132; x_wconf 90' lang='lat' dir='ltr'><strong>qui</strong></span> <span class='ocrx_word' id='word_1_6' title='bbox 886 1039 972 1112; x_wconf 92' lang='lat' dir='ltr'><strong>olim</strong></span> <span class='ocrx_word' id='word_1_7' title='bbox 999 1039 1165 1116; x_wconf 90' lang='lat' dir='ltr'><strong>coronati</strong></span> <span class='ocrx_word' id='word_1_8' title='bbox 1180 1031 1216 1131; x_wconf 76' lang='lat'><strong>(⁴)</strong></span> <span class='ocrx_word' id='word_1_9' title='bbox 1242 1045 1328 1112; x_wconf 90' lang='lat' dir='ltr'><strong>sunt</strong></span> <span class='ocrx_word' id='word_1_10' title='bbox 1353 1037 1482 1112; x_wconf 82' lang='lat' dir='ltr'><strong>honde</strong></span> <span class='ocrx_word' id='word_1_11' title='bbox 1506 1039 1646 1133; x_wconf 85' lang='lat' dir='ltr'><strong>laurea,</strong></span> <span class='ocrx_word' id='word_1_12' title='bbox 1664 1039 1760 1114; x_wconf 90' lang='lat' dir='ltr'><strong>sicut</strong></span> <span class='ocrx_word' id='word_1_13' title='bbox 1779 1060 1843 1116; x_wconf 89' lang='lat' dir='ltr'><strong>co·</strong></span> 
     </span>
     <span class='ocr_line' id='line_1_3' title="bbox 670 1157 1841 1255; baseline 0.004 -25"><span class='ocrx_word' id='word_1_14' title='bbox 670 1157 896 1235; x_wconf 86' lang='lat' dir='ltr'><strong>ronabantur</strong></span> <span class='ocrx_word' id='word_1_15' title='bbox 923 1158 1046 1255; x_wconf 93' lang='lat' dir='ltr'><strong>magni</strong></span> <span class='ocrx_word' id='word_1_16' title='bbox 1077 1159 1232 1255; x_wconf 80' lang='lat' dir='ltr'><strong>tragoedi</strong></span> <span class='ocrx_word' id='word_1_17' title='bbox 1258 1166 1296 1233; x_wconf 91' lang='lat' dir='ltr'><strong>et</strong></span> <span class='ocrx_word' id='word_1_18' title='bbox 1323 1157 1447 1252; x_wconf 89' lang='lat' dir='ltr'><strong>duces,</strong></span> <span class='ocrx_word' id='word_1_19' title='bbox 1474 1163 1517 1230; x_wconf 89' lang='lat' dir='ltr'><strong>ut</strong></span> <span class='ocrx_word' id='word_1_20' title='bbox 1546 1157 1690 1232; x_wconf 89' lang='lat' dir='ltr'><strong>dicetur</strong></span> <span class='ocrx_word' id='word_1_21' title='bbox 1719 1160 1841 1255; x_wconf 85' lang='lat' dir='ltr'><strong>primo</strong></span> 
     </span>
     <span class='ocr_line' id='line_1_4' title="bbox 670 1278 1843 1378; baseline 0 -26"><span class='ocrx_word' id='word_1_22' title='bbox 670 1278 841 1353; x_wconf 77' lang='lat' dir='ltr'><strong>paradisi.</strong></span> <span class='ocrx_word' id='word_1_23' title='bbox 852 1320 901 1333; x_wconf 96' lang='lat'>-</span> <span class='ocrx_word' id='word_1_24' title='bbox 915 1284 1024 1369; x_wconf 65' lang='lat' dir='ltr'><strong>Oudai.</strong></span> <span class='ocrx_word' id='word_1_25' title='bbox 1038 1281 1105 1355; x_wconf 89' lang='lat' dir='ltr'><strong>llic</strong></span> <span class='ocrx_word' id='word_1_26' title='bbox 1116 1281 1287 1378; x_wconf 83' lang='lat' dir='ltr'><strong>Virgilius</strong></span> <span class='ocrx_word' id='word_1_27' title='bbox 1303 1279 1499 1354; x_wconf 88' lang='lat' dir='ltr'><strong>nominatis</strong></span> <span class='ocrx_word' id='word_1_28' title='bbox 1516 1279 1734 1373; x_wconf 88' lang='lat' dir='ltr'><strong>quibusdam</strong></span> <span class='ocrx_word' id='word_1_29' title='bbox 1753 1301 1843 1376; x_wconf 86' lang='lat' dir='ltr'><strong>poe·</strong></span> 
     </span>
     <span class='ocr_line' id='line_1_5' title="bbox 670 1398 1844 1496; baseline 0.004 -26"><span class='ocrx_word' id='word_1_30' title='bbox 670 1398 714 1472; x_wconf 91' lang='lat' dir='ltr'><strong>tis</strong></span> <span class='ocrx_word' id='word_1_31' title='bbox 740 1400 880 1496; x_wconf 84' lang='lat' dir='ltr'><strong>graecis,</strong></span> <span class='ocrx_word' id='word_1_32' title='bbox 908 1401 1071 1475; x_wconf 89' lang='lat' dir='ltr'><strong>nominat</strong></span> <span class='ocrx_word' id='word_1_33' title='bbox 1100 1401 1242 1494; x_wconf 87' lang='lat' dir='ltr'><strong>aliquas</strong></span> <span class='ocrx_word' id='word_1_34' title='bbox 1274 1399 1447 1474; x_wconf 91' lang='lat' dir='ltr'><strong>mulieres</strong></span> <span class='ocrx_word' id='word_1_35' title='bbox 1471 1419 1613 1495; x_wconf 83' lang='lat' dir='ltr'><strong>graecas</strong></span> <span class='ocrx_word' id='word_1_36' title='bbox 1638 1400 1844 1475; x_wconf 83' lang='lat' dir='ltr'><strong>notissimas</strong></span> 
     </span>
     <span class='ocr_line' id='line_1_6' title="bbox 670 1520 1844 1616; baseline 0.003 -23"><span class='ocrx_word' id='word_1_37' title='bbox 670 1520 768 1615; x_wconf 85' lang='lat' dir='ltr'><strong>apud</strong></span> <span class='ocrx_word' id='word_1_38' title='bbox 793 1521 967 1616; x_wconf 82' lang='lat' dir='ltr'><strong>Statium3</strong></span> <span class='ocrx_word' id='word_1_39' title='bbox 993 1529 1030 1595; x_wconf 89' lang='lat' dir='ltr'><strong>et</strong></span> <span class='ocrx_word' id='word_1_40' title='bbox 1055 1522 1176 1616; x_wconf 88' lang='lat' dir='ltr'><strong>primo</strong></span> <span class='ocrx_word' id='word_1_41' title='bbox 1200 1522 1293 1596; x_wconf 84' lang='lat' dir='ltr'><strong>duas</strong></span> <span class='ocrx_word' id='word_1_42' title='bbox 1317 1540 1465 1594; x_wconf 91' lang='lat' dir='ltr'><strong>sorores</strong></span> <span class='ocrx_word' id='word_1_43' title='bbox 1492 1521 1647 1616; x_wconf 74' lang='lat' dir='ltr'><strong>reginas.</strong></span> <span class='ocrx_word' id='word_1_44' title='bbox 1665 1521 1720 1594; x_wconf 83' lang='lat' dir='ltr'><strong>Ad</strong></span> <span class='ocrx_word' id='word_1_45' title='bbox 1737 1521 1844 1596; x_wconf 89' lang='lat' dir='ltr'><strong>cuius</strong></span> 
     </span>
     <span class='ocr_line' id='line_1_7' title="bbox 667 1640 1843 1737; baseline -0.001 -21"><span class='ocrx_word' id='word_1_46' title='bbox 667 1640 941 1736; x_wconf 73' lang='lat' dir='ltr'><strong>intelligentiam</strong></span> <span class='ocrx_word' id='word_1_47' title='bbox 968 1649 1022 1716; x_wconf 78' lang='lat' dir='ltr'><strong>ast</strong></span> <span class='ocrx_word' id='word_1_48' title='bbox 1047 1642 1248 1734; x_wconf 91' lang='lat' dir='ltr'><strong>sciendum,</strong></span> <span class='ocrx_word' id='word_1_49' title='bbox 1267 1641 1366 1735; x_wconf 88' lang='lat' dir='ltr'><strong>quod</strong></span> <span class='ocrx_word' id='word_1_50' title='bbox 1391 1640 1590 1737; x_wconf 78' lang='lat' dir='ltr'><strong>Polynices,</strong></span> <span class='ocrx_word' id='word_1_51' title='bbox 1614 1640 1661 1715; x_wconf 87' lang='lat' dir='ltr'><strong>dc</strong></span> <span class='ocrx_word' id='word_1_52' title='bbox 1686 1663 1760 1735; x_wconf 92' lang='lat' dir='ltr'><strong>quo</strong></span> <span class='ocrx_word' id='word_1_53' title='bbox 1785 1641 1843 1715; x_wconf 87' lang='lat' dir='ltr'><strong>di-</strong></span> 
     </span>
     <span class='ocr_line' id='line_1_8' title="bbox 668 1761 1840 1856; baseline 0.001 -22"><span class='ocrx_word' id='word_1_54' title='bbox 668 1767 770 1834; x_wconf 84' lang='lat' dir='ltr'><strong>ctum</strong></span> <span class='ocrx_word' id='word_1_55' title='bbox 806 1769 860 1836; x_wconf 90' lang='lat' dir='ltr'><strong>est</strong></span> <span class='ocrx_word' id='word_1_56' title='bbox 891 1782 1002 1856; x_wconf 91' lang='lat' dir='ltr'><strong>supra</strong></span> <span class='ocrx_word' id='word_1_57' title='bbox 1029 1761 1064 1834; x_wconf 93' lang='lat' dir='ltr'><strong>in</strong></span> <span class='ocrx_word' id='word_1_58' title='bbox 1090 1762 1250 1836; x_wconf 89' lang='lat' dir='ltr'><strong>secunda</strong></span> <span class='ocrx_word' id='word_1_59' title='bbox 1276 1767 1379 1856; x_wconf 80' lang='lat' dir='ltr'><strong>parte</strong></span> <span class='ocrx_word' id='word_1_60' title='bbox 1411 1761 1570 1855; x_wconf 83' lang='lat' dir='ltr'><strong>capituli,</strong></span> <span class='ocrx_word' id='word_1_61' title='bbox 1597 1761 1718 1835; x_wconf 92' lang='lat' dir='ltr'><strong>minor</strong></span> <span class='ocrx_word' id='word_1_62' title='bbox 1744 1761 1840 1835; x_wconf 86' lang='lat' dir='ltr'><strong>filius</strong></span> 
     </span>
     <span class='ocr_line' id='line_1_9' title="bbox 668 1880 1843 1978; baseline 0.001 -22"><span class='ocrx_word' id='word_1_63' title='bbox 668 1880 795 1975; x_wconf 84' lang='lat' dir='ltr'><strong>OEdipi</strong></span> <span class='ocrx_word' id='word_1_64' title='bbox 820 1883 906 1955; x_wconf 86' lang='lat' dir='ltr'><strong>exul</strong></span> <span class='ocrx_word' id='word_1_65' title='bbox 932 1903 954 1955; x_wconf 93' lang='lat' dir='ltr'><strong>a</strong></span> <span class='ocrx_word' id='word_1_66' title='bbox 980 1881 1113 1956; x_wconf 87' lang='lat' dir='ltr'><strong>Thebis</strong></span> <span class='ocrx_word' id='word_1_67' title='bbox 1141 1882 1378 1978; x_wconf 83' lang='lat' dir='ltr'><strong>pervenitad</strong></span> <span class='ocrx_word' id='word_1_68' title='bbox 1404 1882 1521 1977; x_wconf 83' lang='lat' dir='ltr'><strong>Argos</strong></span> <span class='ocrx_word' id='word_1_69' title='bbox 1546 1882 1684 1956; x_wconf 86' lang='lat' dir='ltr'><strong>claram</strong></span> <span class='ocrx_word' id='word_1_70' title='bbox 1715 1883 1843 1957; x_wconf 87' lang='lat' dir='ltr'><strong>eivita-</strong></span> 
     </span>
     <span class='ocr_line' id='line_1_10' title="bbox 668 2001 1841 2099; baseline 0.003 -26"><span class='ocrx_word' id='word_1_71' title='bbox 668 2006 744 2074; x_wconf 91' lang='lat' dir='ltr'><strong>tem</strong></span> <span class='ocrx_word' id='word_1_72' title='bbox 774 2001 937 2075; x_wconf 82' lang='lat' dir='ltr'><strong>Greciae:</strong></span> <span class='ocrx_word' id='word_1_73' title='bbox 966 2008 1003 2076; x_wconf 92' lang='lat' dir='ltr'><strong>et</strong></span> <span class='ocrx_word' id='word_1_74' title='bbox 1028 2002 1159 2076; x_wconf 90' lang='lat' dir='ltr'><strong>eodem</strong></span> <span class='ocrx_word' id='word_1_75' title='bbox 1194 2007 1362 2097; x_wconf 87' lang='lat' dir='ltr'><strong>tempore</strong></span> <span class='ocrx_word' id='word_1_76' title='bbox 1392 2003 1537 2099; x_wconf 84' lang='lat' dir='ltr'><strong>Tydeus</strong></span> <span class='ocrx_word' id='word_1_77' title='bbox 1566 2023 1633 2096; x_wconf 89' lang='lat' dir='ltr'><strong>pro</strong></span> <span class='ocrx_word' id='word_1_78' title='bbox 1658 2003 1841 2098; x_wconf 80' lang='lat' dir='ltr'><strong>Meleagro</strong></span> 
     </span>
     <span class='ocr_line' id='line_1_11' title="bbox 667 2121 1841 2218; baseline 0.003 -26"><span class='ocrx_word' id='word_1_79' title='bbox 667 2121 780 2196; x_wconf 82' lang='lat' dir='ltr'><strong>tratre</strong></span> <span class='ocrx_word' id='word_1_80' title='bbox 805 2142 874 2194; x_wconf 89' lang='lat' dir='ltr'><strong>suo</strong></span> <span class='ocrx_word' id='word_1_81' title='bbox 899 2123 1078 2218; x_wconf 78' lang='lat' dir='ltr'><strong>profugus</strong></span> <span class='ocrx_word' id='word_1_82' title='bbox 1099 2124 1150 2195; x_wconf 87' lang='lat' dir='ltr'><strong>ab</strong></span> <span class='ocrx_word' id='word_1_83' title='bbox 1170 2123 1302 2197; x_wconf 89' lang='lat' dir='ltr'><strong>AEtolia</strong></span> <span class='ocrx_word' id='word_1_84' title='bbox 1320 2124 1471 2218; x_wconf 79' lang='lat' dir='ltr'><strong>regione</strong></span> <span class='ocrx_word' id='word_1_85' title='bbox 1487 2123 1654 2217; x_wconf 86' lang='lat' dir='ltr'><strong>pervenit</strong></span> <span class='ocrx_word' id='word_1_86' title='bbox 1670 2123 1717 2197; x_wconf 85' lang='lat' dir='ltr'><strong>ad</strong></span> <span class='ocrx_word' id='word_1_87' title='bbox 1735 2143 1841 2198; x_wconf 85' lang='lat' dir='ltr'><strong>earn-</strong></span> 
     </span>
     <span class='ocr_line' id='line_1_12' title="bbox 667 2241 1842 2339; baseline 0.002 -25"><span class='ocrx_word' id='word_1_88' title='bbox 667 2241 751 2316; x_wconf 92' lang='lat' dir='ltr'><strong>dem</strong></span> <span class='ocrx_word' id='word_1_89' title='bbox 782 2244 927 2338; x_wconf 92' lang='lat' dir='ltr'><strong>urbem,</strong></span> <span class='ocrx_word' id='word_1_90' title='bbox 958 2248 995 2317; x_wconf 89' lang='lat' dir='ltr'><strong>et</strong></span> <span class='ocrx_word' id='word_1_91' title='bbox 1028 2243 1139 2318; x_wconf 90' lang='lat' dir='ltr'><strong>ambo</strong></span> <span class='ocrx_word' id='word_1_92' title='bbox 1172 2249 1329 2339; x_wconf 90' lang='lat' dir='ltr'><strong>urgente</strong></span> <span class='ocrx_word' id='word_1_93' title='bbox 1359 2249 1576 2338; x_wconf 84' lang='lat' dir='ltr'><strong>tempestate</strong></span> <span class='ocrx_word' id='word_1_94' title='bbox 1610 2243 1842 2318; x_wconf 84' lang='lat' dir='ltr'><strong>intraverunt</strong></span> 
     </span>
     <span class='ocr_line' id='line_1_13' title="bbox 668 2356 1842 2461; baseline 0.004 -26"><span class='ocrx_word' id='word_1_95' title='bbox 668 2363 888 2437; x_wconf 84' lang='lat' dir='ltr'><strong>vestibulum</strong></span> <span class='ocrx_word' id='word_1_96' title='bbox 918 2364 1028 2461; x_wconf 73' lang='lat' dir='ltr'><strong>regiae</strong></span> <span class='ocrx_word' id='word_1_97' title='bbox 1053 2363 1197 2459; x_wconf 94' lang='lat' dir='ltr'><strong>domus,</strong></span> <span class='ocrx_word' id='word_1_98' title='bbox 1223 2371 1260 2438; x_wconf 93' lang='lat' dir='ltr'><strong>et</strong></span> <span class='ocrx_word' id='word_1_99' title='bbox 1284 2356 1534 2456; x_wconf 54' lang='lat' dir='ltr'><strong>deveniens&amp;</strong></span> <span class='ocrx_word' id='word_1_100' title='bbox 1553 2363 1600 2439; x_wconf 89' lang='lat' dir='ltr'><strong>ad</strong></span> <span class='ocrx_word' id='word_1_101' title='bbox 1625 2363 1726 2439; x_wconf 90' lang='lat' dir='ltr'><strong>litem</strong></span> <span class='ocrx_word' id='word_1_102' title='bbox 1754 2386 1842 2460; x_wconf 86' lang='lat' dir='ltr'><strong>pro·</strong></span> 
     </span>
     <span class='ocr_line' id='line_1_14' title="bbox 668 2483 1841 2579; baseline 0.003 -24"><span class='ocrx_word' id='word_1_103' title='bbox 668 2489 749 2575; x_wconf 88' lang='lat' dir='ltr'><strong>pter</strong></span> <span class='ocrx_word' id='word_1_104' title='bbox 774 2484 980 2579; x_wconf 72' lang='lat' dir='ltr'><strong>angustiam</strong></span> <span class='ocrx_word' id='word_1_105' title='bbox 1009 2484 1076 2558; x_wconf 91' lang='lat' dir='ltr'><strong>loci</strong></span> <span class='ocrx_word' id='word_1_106' title='bbox 1103 2491 1296 2579; x_wconf 86' lang='lat' dir='ltr'><strong>ooeperunt</strong></span> <span class='ocrx_word' id='word_1_107' title='bbox 1319 2485 1414 2559; x_wconf 87' lang='lat' dir='ltr'><strong>alter</strong></span> <span class='ocrx_word' id='word_1_108' title='bbox 1438 2485 1611 2578; x_wconf 86' lang='lat' dir='ltr'><strong>alterum,</strong></span> <span class='ocrx_word' id='word_1_109' title='bbox 1629 2483 1684 2558; x_wconf 88' lang='lat' dir='ltr'><strong>ira</strong></span> <span class='ocrx_word' id='word_1_110' title='bbox 1709 2485 1841 2558; x_wconf 93' lang='lat' dir='ltr'><strong>stimu-</strong></span> 
     </span>
     <span class='ocr_line' id='line_1_15' title="bbox 669 2603 1841 2701; baseline 0.003 -26"><span class='ocrx_word' id='word_1_111' title='bbox 669 2603 778 2698; x_wconf 90' lang='lat' dir='ltr'><strong>lante,</strong></span> <span class='ocrx_word' id='word_1_112' title='bbox 794 2604 891 2678; x_wconf 92' lang='lat' dir='ltr'><strong>male</strong></span> <span class='ocrx_word' id='word_1_113' title='bbox 912 2609 1081 2697; x_wconf 86' lang='lat' dir='ltr'><strong>tractare,</strong></span> <span class='ocrx_word' id='word_1_114' title='bbox 1101 2604 1291 2700; x_wconf 80' lang='lat' dir='ltr'><strong>Polynices</strong></span> <span class='ocrx_word' id='word_1_115' title='bbox 1315 2623 1472 2698; x_wconf 85' lang='lat' dir='ltr'><strong>corpore</strong></span> <span class='ocrx_word' id='word_1_116' title='bbox 1498 2625 1665 2700; x_wconf 89' lang='lat' dir='ltr'><strong>magnus,</strong></span> <span class='ocrx_word' id='word_1_117' title='bbox 1688 2605 1752 2679; x_wconf 91' lang='lat' dir='ltr'><strong>sed</strong></span> <span class='ocrx_word' id='word_1_118' title='bbox 1767 2605 1841 2701; x_wconf 79' lang='lat' dir='ltr'><strong>Ty-</strong></span> 
     </span>
     <span class='ocr_line' id='line_1_16' title="bbox 667 2723 1841 2802; baseline 0.001 -2"><span class='ocrx_word' id='word_1_119' title='bbox 667 2725 758 2800; x_wconf 90' lang='lat' dir='ltr'><strong>deus</strong></span> <span class='ocrx_word' id='word_1_120' title='bbox 785 2725 903 2800; x_wconf 90' lang='lat' dir='ltr'><strong>maior</strong></span> <span class='ocrx_word' id='word_1_121' title='bbox 920 2723 1044 2799; x_wconf 88' lang='lat' dir='ltr'><strong>animo</strong></span> <span class='ocrx_word' id='word_1_122' title='bbox 1061 2732 1099 2799; x_wconf 87' lang='lat' dir='ltr'><strong>el</strong></span> <span class='ocrx_word' id='word_1_123' title='bbox 1115 2726 1270 2798; x_wconf 81' lang='lat' dir='ltr'><strong>uirtute:</strong></span> <span class='ocrx_word' id='word_1_124' title='bbox 1289 2725 1450 2798; x_wconf 87' lang='lat' dir='ltr'><strong>tumultu</strong></span> <span class='ocrx_word' id='word_1_125' title='bbox 1468 2732 1594 2800; x_wconf 86' lang='lat' dir='ltr'><strong>autern</strong></span> <span class='ocrx_word' id='word_1_126' title='bbox 1612 2725 1841 2802; x_wconf 76' lang='lat' dir='ltr'><strong>fervescente</strong></span> 
     </span>
     <span class='ocr_line' id='line_1_17' title="bbox 667 2844 1838 2941; baseline 0 -23"><span class='ocrx_word' id='word_1_127' title='bbox 667 2844 842 2918; x_wconf 74' lang='lat' dir='ltr'><strong>Adrastus</strong></span> <span class='ocrx_word' id='word_1_128' title='bbox 869 2865 935 2919; x_wconf 84' lang='lat' dir='ltr'><strong>rex</strong></span> <span class='ocrx_word' id='word_1_129' title='bbox 967 2844 1091 2941; x_wconf 85' lang='lat' dir='ltr'><strong>gravis</strong></span> <span class='ocrx_word' id='word_1_130' title='bbox 1120 2845 1221 2919; x_wconf 90' lang='lat' dir='ltr'><strong>senio</strong></span> <span class='ocrx_word' id='word_1_131' title='bbox 1253 2845 1431 2920; x_wconf 83' lang='lat' dir='ltr'><strong>excitatus</strong></span> <span class='ocrx_word' id='word_1_132' title='bbox 1459 2866 1483 2919; x_wconf 88' lang='lat' dir='ltr'><strong>a</strong></span> <span class='ocrx_word' id='word_1_133' title='bbox 1514 2865 1645 2919; x_wconf 91' lang='lat' dir='ltr'><strong>somno</strong></span> <span class='ocrx_word' id='word_1_134' title='bbox 1675 2845 1838 2919; x_wconf 88' lang='lat' dir='ltr'><strong>accensis</strong></span> 
     </span>
     <span class='ocr_line' id='line_1_18' title="bbox 667 2964 1840 3061; baseline 0.001 -23"><span class='ocrx_word' id='word_1_135' title='bbox 667 2964 866 3039; x_wconf 92' lang='lat' dir='ltr'><strong>luminibus</strong></span> <span class='ocrx_word' id='word_1_136' title='bbox 891 2964 1036 3038; x_wconf 90' lang='lat' dir='ltr'><strong>diremit</strong></span> <span class='ocrx_word' id='word_1_137' title='bbox 1061 2965 1215 3038; x_wconf 89' lang='lat' dir='ltr'><strong>crudam</strong></span> <span class='ocrx_word' id='word_1_138' title='bbox 1241 2985 1403 3061; x_wconf 85' lang='lat' dir='ltr'><strong>pugnam</strong></span> <span class='ocrx_word' id='word_1_139' title='bbox 1437 2965 1616 3038; x_wconf 89' lang='lat' dir='ltr'><strong>istorum:</strong></span> <span class='ocrx_word' id='word_1_140' title='bbox 1643 2971 1681 3039; x_wconf 91' lang='lat' dir='ltr'><strong>et</strong></span> <span class='ocrx_word' id='word_1_141' title='bbox 1716 2964 1840 3039; x_wconf 86' lang='lat' dir='ltr'><strong>videns</strong></span> 
     </span>
     <span class='ocr_line' id='line_1_19' title="bbox 666 3085 1836 3181; baseline 0.003 -23"><span class='ocrx_word' id='word_1_142' title='bbox 666 3085 825 3160; x_wconf 91' lang='lat' dir='ltr'><strong>alterum</strong></span> <span class='ocrx_word' id='word_1_143' title='bbox 852 3106 938 3160; x_wconf 92' lang='lat' dir='ltr'><strong>cum</strong></span> <span class='ocrx_word' id='word_1_144' title='bbox 967 3086 1061 3181; x_wconf 86' lang='lat' dir='ltr'><strong>pelle</strong></span> <span class='ocrx_word' id='word_1_145' title='bbox 1086 3085 1212 3178; x_wconf 91' lang='lat' dir='ltr'><strong>leonis,</strong></span> <span class='ocrx_word' id='word_1_146' title='bbox 1228 3086 1387 3160; x_wconf 90' lang='lat' dir='ltr'><strong>alterum</strong></span> <span class='ocrx_word' id='word_1_147' title='bbox 1408 3105 1496 3160; x_wconf 87' lang='lat' dir='ltr'><strong>cum</strong></span> <span class='ocrx_word' id='word_1_148' title='bbox 1522 3085 1616 3180; x_wconf 84' lang='lat' dir='ltr'><strong>pelle</strong></span> <span class='ocrx_word' id='word_1_149' title='bbox 1634 3086 1725 3180; x_wconf 89' lang='lat' dir='ltr'><strong>apri,</strong></span> <span class='ocrx_word' id='word_1_150' title='bbox 1743 3086 1836 3161; x_wconf 87' lang='lat' dir='ltr'><strong>duas</strong></span> 
     </span>
     <span class='ocr_line' id='line_1_20' title="bbox 666 3203 1841 3301; baseline 0 -21"><span class='ocrx_word' id='word_1_151' title='bbox 666 3205 757 3280; x_wconf 87' lang='lat' dir='ltr'><strong>filias</strong></span> <span class='ocrx_word' id='word_1_152' title='bbox 792 3227 877 3280; x_wconf 87' lang='lat' dir='ltr'><strong>suas</strong></span> <span class='ocrx_word' id='word_1_153' title='bbox 910 3206 1038 3280; x_wconf 90' lang='lat' dir='ltr'><strong>nobilis</strong></span> <span class='ocrx_word' id='word_1_154' title='bbox 1069 3207 1198 3280; x_wconf 83' lang='lat' dir='ltr'><strong>lormae</strong></span> <span class='ocrx_word' id='word_1_155' title='bbox 1227 3211 1265 3280; x_wconf 90' lang='lat' dir='ltr'><strong>et</strong></span> <span class='ocrx_word' id='word_1_156' title='bbox 1298 3205 1431 3278; x_wconf 80' lang='lat' dir='ltr'><strong>nubtiis</strong></span> <span class='ocrx_word' id='word_1_157' title='bbox 1462 3205 1578 3278; x_wconf 81' lang='lat' dir='ltr'><strong>aetatis</strong></span> <span class='ocrx_word' id='word_1_158' title='bbox 1609 3203 1841 3301; x_wconf 79' lang='lat' dir='ltr'><strong>desponsavit</strong></span> 
     </span>
    </p>
   </div>
   <div class='ocr_carea' id='block_1_3' title="bbox 666 3326 1840 3662">
    <p class='ocr_par' dir='ltr' id='par_1_3' title="bbox 666 3326 1840 3662">
     <span class='ocr_line' id='line_1_21' title="bbox 666 3326 1838 3424; baseline -0.001 -23"><span class='ocrx_word' id='word_1_159' title='bbox 666 3328 859 3421; x_wconf 90' lang='lat' dir='ltr'><strong>ambobus,</strong></span> <span class='ocrx_word' id='word_1_160' title='bbox 881 3327 1046 3401; x_wconf 88' lang='lat' dir='ltr'><strong>videlicet</strong></span> <span class='ocrx_word' id='word_1_161' title='bbox 1062 3327 1401 3424; x_wconf 73' lang='lat' dir='ltr'><strong>ArgiamPolynici,</strong></span> <span class='ocrx_word' id='word_1_162' title='bbox 1420 3331 1457 3400; x_wconf 93' lang='lat' dir='ltr'><strong>et</strong></span> <span class='ocrx_word' id='word_1_163' title='bbox 1476 3326 1676 3420; x_wconf 85' lang='lat' dir='ltr'><strong>lleiphilem</strong></span> <span class='ocrx_word' id='word_1_164' title='bbox 1695 3326 1838 3421; x_wconf 80' lang='lat' dir='ltr'><strong>Tydeo3</strong></span> 
     </span>
     <span class='ocr_line' id='line_1_22' title="bbox 667 3445 1838 3540; baseline -0.002 -20"><span class='ocrx_word' id='word_1_165' title='bbox 667 3447 882 3521; x_wconf 88' lang='lat' dir='ltr'><strong>recordatus</strong></span> <span class='ocrx_word' id='word_1_166' title='bbox 907 3447 1049 3540; x_wconf 93' lang='lat' dir='ltr'><strong>somnii,</strong></span> <span class='ocrx_word' id='word_1_167' title='bbox 1076 3447 1114 3520; x_wconf 94' lang='lat' dir='ltr'><strong>in</strong></span> <span class='ocrx_word' id='word_1_168' title='bbox 1138 3467 1214 3540; x_wconf 87' lang='lat' dir='ltr'><strong>quo</strong></span> <span class='ocrx_word' id='word_1_169' title='bbox 1237 3446 1379 3520; x_wconf 82' lang='lat' dir='ltr'><strong>viderat</strong></span> <span class='ocrx_word' id='word_1_170' title='bbox 1395 3446 1494 3540; x_wconf 89' lang='lat' dir='ltr'><strong>quod</strong></span> <span class='ocrx_word' id='word_1_171' title='bbox 1515 3445 1606 3520; x_wconf 85' lang='lat' dir='ltr'><strong>filias</strong></span> <span class='ocrx_word' id='word_1_172' title='bbox 1622 3467 1708 3519; x_wconf 90' lang='lat' dir='ltr'><strong>suas</strong></span> <span class='ocrx_word' id='word_1_173' title='bbox 1725 3465 1838 3519; x_wconf 88' lang='lat' dir='ltr'><strong>uuam</strong></span> 
     </span>
     <span class='ocr_line' id='line_1_23' title="bbox 667 3565 1840 3662; baseline 0 -23"><span class='ocrx_word' id='word_1_174' title='bbox 667 3567 831 3660; x_wconf 91' lang='lat' dir='ltr'><strong>rapiebat</strong></span> <span class='ocrx_word' id='word_1_175' title='bbox 856 3568 925 3660; x_wconf 90' lang='lat' dir='ltr'><strong>leo,</strong></span> <span class='ocrx_word' id='word_1_176' title='bbox 950 3568 1106 3641; x_wconf 90' lang='lat' dir='ltr'><strong>alteram</strong></span> <span class='ocrx_word' id='word_1_177' title='bbox 1138 3587 1351 3662; x_wconf 71' lang='lat' dir='ltr'><strong>aheneum</strong></span> <span class='ocrx_word' id='word_1_178' title='bbox 1379 3565 1519 3640; x_wconf 91' lang='lat' dir='ltr'><strong>videret</strong></span> <span class='ocrx_word' id='word_1_179' title='bbox 1552 3566 1632 3639; x_wconf 90' lang='lat' dir='ltr'><strong>illos</strong></span> <span class='ocrx_word' id='word_1_180' title='bbox 1663 3567 1840 3640; x_wconf 88' lang='lat' dir='ltr'><strong>habentes</strong></span> 
     </span>
    </p>
   </div>
   <div class='ocr_carea' id='block_1_4' title="bbox 664 3685 1842 4868">
    <p class='ocr_par' dir='ltr' id='par_1_4' title="bbox 664 3685 1842 4868">
     <span class='ocr_line' id='line_1_24' title="bbox 665 3685 1842 3782; baseline 0.002 -24"><span class='ocrx_word' id='word_1_181' title='bbox 665 3685 808 3760; x_wconf 89' lang='lat' dir='ltr'><strong>animos</strong></span> <span class='ocrx_word' id='word_1_182' title='bbox 833 3693 870 3760; x_wconf 88' lang='lat' dir='ltr'><strong>et</strong></span> <span class='ocrx_word' id='word_1_183' title='bbox 896 3686 1018 3760; x_wconf 88' lang='lat' dir='ltr'><strong>vultus</strong></span> <span class='ocrx_word' id='word_1_184' title='bbox 1045 3687 1199 3782; x_wconf 76' lang='lat' dir='ltr'><strong>regales,</strong></span> <span class='ocrx_word' id='word_1_185' title='bbox 1216 3686 1281 3780; x_wconf 84' lang='lat' dir='ltr'><strong>qui</strong></span> <span class='ocrx_word' id='word_1_186' title='bbox 1305 3686 1388 3759; x_wconf 84' lang='lat' dir='ltr'><strong>lacti</strong></span> <span class='ocrx_word' id='word_1_187' title='bbox 1413 3686 1540 3782; x_wconf 86' lang='lat' dir='ltr'><strong>generi</strong></span> <span class='ocrx_word' id='word_1_188' title='bbox 1568 3685 1664 3782; x_wconf 88' lang='lat' dir='ltr'><strong>regis</strong></span> <span class='ocrx_word' id='word_1_189' title='bbox 1690 3686 1842 3760; x_wconf 86' lang='lat' dir='ltr'><strong>suerunt</strong></span> 
     </span>
     <span class='ocr_line' id='line_1_25' title="bbox 665 3805 1840 3902; baseline -0.001 -22"><span class='ocrx_word' id='word_1_190' title='bbox 665 3813 791 3902; x_wconf 90' lang='lat' dir='ltr'><strong>postea</strong></span> <span class='ocrx_word' id='word_1_191' title='bbox 817 3805 948 3880; x_wconf 80' lang='lat' dir='ltr'><strong>iratres</strong></span> <span class='ocrx_word' id='word_1_192' title='bbox 965 3817 1002 3882; x_wconf 87' lang='lat' dir='ltr'><strong>et</strong></span> <span class='ocrx_word' id='word_1_193' title='bbox 1019 3807 1107 3880; x_wconf 92' lang='lat' dir='ltr'><strong>socii</strong></span> <span class='ocrx_word' id='word_1_194' title='bbox 1132 3807 1390 3900; x_wconf 81' lang='lat' dir='ltr'><strong>amantissimi3</strong></span> <span class='ocrx_word' id='word_1_195' title='bbox 1407 3808 1454 3881; x_wconf 90' lang='lat' dir='ltr'><strong>de</strong></span> <span class='ocrx_word' id='word_1_196' title='bbox 1473 3826 1635 3900; x_wconf 87' lang='lat' dir='ltr'><strong>quorum</strong></span> <span class='ocrx_word' id='word_1_197' title='bbox 1659 3807 1840 3880; x_wconf 91' lang='lat' dir='ltr'><strong>mortibus</strong></span> 
     </span>
     <span class='ocr_line' id='line_1_26' title="bbox 665 3924 1838 4021; baseline 0.001 -20"><span class='ocrx_word' id='word_1_198' title='bbox 665 3927 763 4021; x_wconf 85' lang='lat' dir='ltr'><strong>apud</strong></span> <span class='ocrx_word' id='word_1_199' title='bbox 793 3926 933 4000; x_wconf 84' lang='lat' dir='ltr'><strong>Thebas</strong></span> <span class='ocrx_word' id='word_1_200' title='bbox 962 3924 1099 4000; x_wconf 89' lang='lat' dir='ltr'><strong>dictum</strong></span> <span class='ocrx_word' id='word_1_201' title='bbox 1131 3934 1187 4000; x_wconf 82' lang='lat' dir='ltr'><strong>est</strong></span> <span class='ocrx_word' id='word_1_202' title='bbox 1215 3928 1322 4021; x_wconf 91' lang='lat' dir='ltr'><strong>plene</strong></span> <span class='ocrx_word' id='word_1_203' title='bbox 1351 3928 1387 4000; x_wconf 92' lang='lat' dir='ltr'><strong>in</strong></span> <span class='ocrx_word' id='word_1_204' title='bbox 1419 3927 1574 4002; x_wconf 89' lang='lat' dir='ltr'><strong>lnlerno.</strong></span> <span class='ocrx_word' id='word_1_205' title='bbox 1609 3927 1663 4002; x_wconf 84' lang='lat' dir='ltr'><strong>Ad</strong></span> <span class='ocrx_word' id='word_1_206' title='bbox 1694 3929 1838 4002; x_wconf 87' lang='lat' dir='ltr'><strong>literam</strong></span> 
     </span>
     <span class='ocr_line' id='line_1_27' title="bbox 665 4045 1842 4144; baseline 0.001 -23"><span class='ocrx_word' id='word_1_207' title='bbox 665 4067 776 4144; x_wconf 89' lang='lat' dir='ltr'><strong>ergo:</strong></span> <span class='ocrx_word' id='word_1_208' title='bbox 802 4047 887 4121; x_wconf 91' lang='lat' dir='ltr'><strong>dicit</strong></span> <span class='ocrx_word' id='word_1_209' title='bbox 913 4045 1084 4142; x_wconf 84' lang='lat' dir='ltr'><strong>Virgilius</strong></span> <span class='ocrx_word' id='word_1_210' title='bbox 1116 4046 1250 4120; x_wconf 88' lang='lat' dir='ltr'><strong>Statio:</strong></span> <span class='ocrx_word' id='word_1_211' title='bbox 1282 4052 1341 4140; x_wconf 77' lang='lat' dir='ltr'><strong>gat</strong></span> <span class='ocrx_word' id='word_1_212' title='bbox 1370 4051 1403 4120; x_wconf 83' lang='lat' dir='ltr'><strong>st</strong></span> <span class='ocrx_word' id='word_1_213' title='bbox 1436 4050 1583 4138; x_wconf 68' lang='lat' dir='ltr'><strong>aeonion</strong></span> <span class='ocrx_word' id='word_1_214' title='bbox 1616 4051 1659 4122; x_wconf 83' lang='lat' dir='ltr'><strong>de</strong></span> <span class='ocrx_word' id='word_1_215' title='bbox 1688 4051 1719 4121; x_wconf 89' lang='lat' dir='ltr'><strong>le</strong></span> <span class='ocrx_word' id='word_1_216' title='bbox 1746 4051 1842 4140; x_wconf 72' lang='lat' dir='ltr'><strong>genti</strong></span> 
     </span>
     <span class='ocr_line' id='line_1_28' title="bbox 664 4168 1838 4264; baseline -0.003 -20"><span class='ocrx_word' id='word_1_217' title='bbox 664 4179 732 4263; x_wconf 80' lang='lat' dir='ltr'><strong>tac,</strong></span> <span class='ocrx_word' id='word_1_218' title='bbox 757 4170 803 4245; x_wconf 93' lang='lat' dir='ltr'><strong>de</strong></span> <span class='ocrx_word' id='word_1_219' title='bbox 835 4168 969 4264; x_wconf 90' lang='lat' dir='ltr'><strong>quihus</strong></span> <span class='ocrx_word' id='word_1_220' title='bbox 1002 4169 1162 4246; x_wconf 88' lang='lat' dir='ltr'><strong>tractasti</strong></span> <span class='ocrx_word' id='word_1_221' title='bbox 1192 4170 1229 4242; x_wconf 92' lang='lat' dir='ltr'><strong>in</strong></span> <span class='ocrx_word' id='word_1_222' title='bbox 1258 4169 1453 4262; x_wconf 86' lang='lat' dir='ltr'><strong>Thebaide,</strong></span> <span class='ocrx_word' id='word_1_223' title='bbox 1486 4173 1608 4263; x_wconf 76' lang='lat' dir='ltr'><strong>Deistle</strong></span> <span class='ocrx_word' id='word_1_224' title='bbox 1637 4172 1681 4243; x_wconf 86' lang='lat' dir='ltr'><strong>ed</strong></span> <span class='ocrx_word' id='word_1_225' title='bbox 1709 4172 1838 4261; x_wconf 74' lang='lat' dir='ltr'><strong>Argia,</strong></span> 
     </span>
     <span class='ocr_line' id='line_1_29' title="bbox 664 4289 1836 4385; baseline -0.003 -20"><span class='ocrx_word' id='word_1_226' title='bbox 664 4311 829 4385; x_wconf 84' lang='lat' dir='ltr'><strong>sorores3</strong></span> <span class='ocrx_word' id='word_1_227' title='bbox 856 4297 894 4364; x_wconf 88' lang='lat' dir='ltr'><strong>et</strong></span> <span class='ocrx_word' id='word_1_228' title='bbox 919 4290 1083 4363; x_wconf 85' lang='lat' dir='ltr'><strong>nominat</strong></span> <span class='ocrx_word' id='word_1_229' title='bbox 1107 4289 1201 4363; x_wconf 88' lang='lat' dir='ltr'><strong>duas</strong></span> <span class='ocrx_word' id='word_1_230' title='bbox 1225 4289 1314 4363; x_wconf 83' lang='lat' dir='ltr'><strong>alias</strong></span> <span class='ocrx_word' id='word_1_231' title='bbox 1331 4309 1478 4364; x_wconf 93' lang='lat' dir='ltr'><strong>sorores</strong></span> <span class='ocrx_word' id='word_1_232' title='bbox 1503 4289 1731 4383; x_wconf 76' lang='lat' dir='ltr'><strong>infeliciores,</strong></span> <span class='ocrx_word' id='word_1_233' title='bbox 1751 4308 1836 4382; x_wconf 78' lang='lat' dir='ltr'><strong>que</strong></span> 
     </span>
     <span class='ocr_line' id='line_1_30' title="bbox 664 4410 1838 4504; baseline -0.001 -19"><span class='ocrx_word' id='word_1_234' title='bbox 664 4413 814 4488; x_wconf 88' lang='lat' dir='ltr'><strong>luerunt</strong></span> <span class='ocrx_word' id='word_1_235' title='bbox 840 4411 923 4484; x_wconf 85' lang='lat' dir='ltr'><strong>liliae</strong></span> <span class='ocrx_word' id='word_1_236' title='bbox 947 4410 1073 4504; x_wconf 88' lang='lat' dir='ltr'><strong>OEdipi</strong></span> <span class='ocrx_word' id='word_1_237' title='bbox 1100 4417 1137 4484; x_wconf 88' lang='lat' dir='ltr'><strong>et</strong></span> <span class='ocrx_word' id='word_1_238' title='bbox 1162 4411 1325 4503; x_wconf 77' lang='lat' dir='ltr'><strong>locastae,</strong></span> <span class='ocrx_word' id='word_1_239' title='bbox 1344 4416 1382 4484; x_wconf 91' lang='lat' dir='ltr'><strong>et</strong></span> <span class='ocrx_word' id='word_1_240' title='bbox 1401 4430 1549 4484; x_wconf 87' lang='lat' dir='ltr'><strong>sorores</strong></span> <span class='ocrx_word' id='word_1_241' title='bbox 1572 4410 1838 4485; x_wconf 83' lang='lat' dir='ltr'><strong>infelicissimo-</strong></span> 
     </span>
     <span class='ocr_line' id='line_1_31' title="bbox 665 4531 1838 4627; baseline -0.003 -19"><span class='ocrx_word' id='word_1_242' title='bbox 665 4556 751 4608; x_wconf 93' lang='lat' dir='ltr'><strong>rum</strong></span> <span class='ocrx_word' id='word_1_243' title='bbox 777 4534 946 4627; x_wconf 89' lang='lat' dir='ltr'><strong>lratrum,</strong></span> <span class='ocrx_word' id='word_1_244' title='bbox 973 4532 1119 4625; x_wconf 84' lang='lat' dir='ltr'><strong>scilicet,</strong></span> <span class='ocrx_word' id='word_1_245' title='bbox 1145 4531 1300 4606; x_wconf 84' lang='lat' dir='ltr'><strong>Eteoclis</strong></span> <span class='ocrx_word' id='word_1_246' title='bbox 1324 4536 1362 4606; x_wconf 91' lang='lat' dir='ltr'><strong>et</strong></span> <span class='ocrx_word' id='word_1_247' title='bbox 1386 4531 1576 4627; x_wconf 81' lang='lat' dir='ltr'><strong>Polynicis,</strong></span> <span class='ocrx_word' id='word_1_248' title='bbox 1598 4531 1738 4606; x_wconf 89' lang='lat' dir='ltr'><strong>dicens:</strong></span> <span class='ocrx_word' id='word_1_249' title='bbox 1760 4538 1838 4604; x_wconf 76' lang='lat' dir='ltr'><strong>Aa·</strong></span> 
     </span>
     <span class='ocr_line' id='line_1_32' title="bbox 664 4651 1838 4748; baseline -0.005 -18"><span class='ocrx_word' id='word_1_250' title='bbox 664 4659 801 4747; x_wconf 60' lang='lat' dir='ltr'><strong>ligerem</strong></span> <span class='ocrx_word' id='word_1_251' title='bbox 828 4675 901 4728; x_wconf 95' lang='lat' dir='ltr'><strong>non</strong></span> <span class='ocrx_word' id='word_1_252' title='bbox 927 4652 1092 4746; x_wconf 87' lang='lat' dir='ltr'><strong>loquitur</strong></span> <span class='ocrx_word' id='word_1_253' title='bbox 1116 4651 1164 4726; x_wconf 88' lang='lat' dir='ltr'><strong>de</strong></span> <span class='ocrx_word' id='word_1_254' title='bbox 1188 4651 1369 4748; x_wconf 77' lang='lat' dir='ltr'><strong>Antigone</strong></span> <span class='ocrx_word' id='word_1_255' title='bbox 1385 4651 1456 4725; x_wconf 84' lang='lat' dir='ltr'><strong>tilia</strong></span> <span class='ocrx_word' id='word_1_256' title='bbox 1475 4651 1734 4726; x_wconf 90' lang='lat' dir='ltr'><strong>Laumedontis</strong></span> <span class='ocrx_word' id='word_1_257' title='bbox 1750 4673 1838 4724; x_wconf 89' lang='lat' dir='ltr'><strong>mu·</strong></span> 
     </span>
     <span class='ocr_line' id='line_1_33' title="bbox 664 4766 1838 4868; baseline -0.007 -14"><span class='ocrx_word' id='word_1_258' title='bbox 664 4783 740 4854; x_wconf 87' lang='lat' dir='ltr'><strong>lata</strong></span> <span class='ocrx_word' id='word_1_259' title='bbox 778 4776 813 4849; x_wconf 95' lang='lat' dir='ltr'><strong>in</strong></span> <span class='ocrx_word' id='word_1_260' title='bbox 853 4773 1042 4868; x_wconf 93' lang='lat' dir='ltr'><strong>ciconiam,</strong></span> <span class='ocrx_word' id='word_1_261' title='bbox 1074 4781 1108 4846; x_wconf 84' lang='lat' dir='ltr'><strong>et</strong></span> <span class='ocrx_word' id='word_1_262' title='bbox 1135 4777 1270 4846; x_wconf 82' lang='lat' dir='ltr'><strong>Ismene</strong></span> <span class='ocrx_word' id='word_1_263' title='bbox 1305 4766 1337 4846; x_wconf 82' lang='lat' dir='ltr'><strong>sl</strong></span> <span class='ocrx_word' id='word_1_264' title='bbox 1374 4775 1476 4847; x_wconf 78' lang='lat' dir='ltr'><strong>trtstc</strong></span> <span class='ocrx_word' id='word_1_265' title='bbox 1512 4795 1608 4847; x_wconf 76' lang='lat' dir='ltr'><strong>conto</strong></span> <span class='ocrx_word' id='word_1_266' title='bbox 1641 4777 1714 4867; x_wconf 77' lang='lat' dir='ltr'><strong>sue,</strong></span> <span class='ocrx_word' id='word_1_267' title='bbox 1751 4773 1838 4866; x_wconf 85' lang='lat' dir='ltr'><strong>quia</strong></span> 
     </span>
    </p>
   </div>
   <div class='ocr_carea' id='block_1_5' title="bbox 1731 4939 1838 4952">
    <p class='ocr_par' dir='ltr' id='par_1_5' title="bbox 1731 4939 1838 4952">
     <span class='ocr_line' id='line_1_34' title="bbox 1731 4939 1838 4952; baseline -0.009 -4"><span class='ocrx_word' id='word_1_268' title='bbox 1731 4939 1838 4952; x_wconf 59' lang='lat'>...—</span> 
     </span>
    </p>
   </div>
   <div class='ocr_carea' id='block_1_6' title="bbox 723 5031 1622 5095">
    <p class='ocr_par' dir='ltr' id='par_1_6' title="bbox 723 5031 1622 5095">
     <span class='ocr_line' id='line_1_35' title="bbox 723 5031 1622 5095; baseline -0.011 -12"><span class='ocrx_word' id='word_1_269' title='bbox 723 5031 752 5095; x_wconf 77' lang='lat'><strong>(¹]</strong></span> <span class='ocrx_word' id='word_1_270' title='bbox 769 5037 823 5090; x_wconf 85' lang='lat' dir='ltr'><strong>ll&#39;l,</strong></span> <span class='ocrx_word' id='word_1_271' title='bbox 839 5031 925 5082; x_wconf 80' lang='lat' dir='ltr'><strong>omli</strong></span> <span class='ocrx_word' id='word_1_272' title='bbox 941 5037 1008 5082; x_wconf 73' lang='lat' dir='ltr'><strong>sunt.</strong></span> <span class='ocrx_word' id='word_1_273' title='bbox 1334 5031 1365 5094; x_wconf 57' lang='grc' dir='ltr'><strong>(ἦ</strong></span> <span class='ocrx_word' id='word_1_274' title='bbox 1378 5037 1433 5094; x_wconf 77' lang='lat' dir='ltr'><strong>m,</strong></span> <span class='ocrx_word' id='word_1_275' title='bbox 1449 5033 1622 5084; x_wconf 60' lang='lat' dir='ltr'><strong>mmmm,</strong></span> 
     </span>
    </p>
   </div>
   <div class='ocr_carea' id='block_1_7' title="bbox 0 0 2176 6692">
    <p class='ocr_par' dir='ltr' id='par_1_7' title="bbox 0 0 2176 6692">
     <span class='ocr_line' id='line_1_36' title="bbox 0 0 2176 6692; baseline 0 1"><span class='ocrx_word' id='word_1_276' title='bbox 0 0 2176 6692; x_wconf 95' lang='lat' dir='ltr'><strong> </strong></span> 
     </span>
    </p>
   </div>
  </div>
 </body>
</html>
