4342 6692
658 893 731 963 388
1048 903 1252 961 corrmrmr
1277 906 1445 961 ransom

656 1053 746 1127 dens
770 1072 811 1127 se
828 1050 1075 1147 propinquum
1095 1050 1202 1124 morti
1219 1050 1403 1126 commisit
1420 1050 1493 1125 lilio
1506 1044 1544 1143 (¹)
1563 1050 1684 1127 Tobiae
1701 1057 1742 1125 ut
1759 1050 1829 1126 iret

657 1176 702 1249 in
720 1174 840 1270 Reges
865 1171 1050 1247 civitatem
1069 1170 1265 1246 medorum
1291 1171 1338 1247 ad
1363 1172 1584 1269 exigendum
1602 1179 1746 1247 certum
1764 1172 1834 1246 de-

657 1295 774 1369 bitum
800 1314 823 1367 a
848 1290 1009 1387 quodam
1035 1291 1197 1386 hebreo,
1214 1292 1274 1365 cui
1301 1312 1437 1367 nomeu
1462 1297 1543 1367 erat
1566 1291 1835 1367 6316111111]-

655 1416 762 1513 gelus
777 1419 906 1487 autem
923 1411 1084 1505 Raphml
1103 1411 1274 1487 informa
1296 1412 1413 1507 pulcri
1428 1403 1466 1504 (¹)
1482 1412 1631 1506 juvenis
1651 1432 1834 1508 apparens

656 1534 806 1610 sociavit
831 1534 942 1607 istum
963 1532 1143 1626 juvenem
1161 1531 1335 1627 fideliter3
1353 1539 1391 1609 et
1411 1532 1448 1607 in
1466 1532 1596 1609 itinere
1616 1533 1721 1607 duxit
1739 1553 1829 1608 eum

655 1655 703 1731 ad
721 1654 874 1728 domum
893 1651 1083 1727 cuiusdam
1101 1651 1275 1748 Raguelis
1293 1652 1360 1727 viri
1379 1654 1516 1727 lrebraei
1535 1652 1699 1729 habentis
1716 1652 1825 1728 filiam

657 1774 805 1849 nomine
825 1773 1070 1866 seramque
1095 1771 1276 1848 habuerat
1301 1780 1439 1870 septem
1462 1774 1571 1868 viros,
1589 1794 1682 1870 quos
1699 1794 1828 1849 omnes

655 1896 801 1969 daemon
822 1898 1020 1967 necaverat
1036 1891 1154 1987 prima
1179 1900 1296 1969 nocte.
1316 1895 1360 1967 Et
1375 1892 1459 1969 lecit
1475 1895 1629 1989 angelus
1654 1894 1824 1990 Raplrael

656 2013 755 2109 quod
779 2013 921 2109 Raguel
946 2011 1044 2087 dedit
1069 2011 1180 2087 liliam
1213 2012 1250 2087 in
1279 2033 1438 2089 uxorem
1468 2014 1592 2088 Tobiae
1624 2034 1709 2087 cum
1743 2013 1826 2089 dote

656 2155 811 2230 magna3
836 2132 966 2208 deinde
990 2133 1114 2229 exegit
1138 2131 1302 2207 debitum
1328 2153 1350 2208 a
1374 2132 1525 2227 demto,
1545 2140 1582 2207 et
1604 2132 1750 2207 redurdt
1763 2132 1828 2229 ju-

655 2276 788 2331 venem
808 2260 1007 2328 uxoratum
1032 2263 1070 2329 et
1091 2253 1247 2328 ditatum
1265 2254 1434 2351 sospitem
1454 2255 1501 2329 ad
1518 2260 1673 2349 patrem.
1691 2253 1735 2326 Et
1750 2254 1828 2348 ipse

654 2374 786 2450 l'olrias
810 2373 905 2447 tilius
931 2373 1070 2469 iugavit
1094 2371 1295 2449 cecitatem
1321 2395 1344 2449 a
1369 2379 1473 2469 patre
1495 2393 1583 2448 cum
1609 2371 1692 2447 telle
1718 2372 1825 2445 unius

655 2496 773 2591 piscis,
793 2514 974 2589 cumque
994 2494 1185 2590 fugaverat
1200 2494 1407 2571 daemonem
1425 2496 1473 2571 ab
1491 2515 1619 2570 uxore.
1639 2496 1682 2568 ur
1697 2494 1826 2568 Tobiae

655 2622 760 2712 pater
773 2614 863 2689 vixit
876 2613 938 2687 diu
952 2635 1064 2688 sanus
1075 2604 1125 2708 (³),
1144 2621 1182 2688 et
1193 2614 1344 2690 tandem
1361 2622 1531 2690 mortuus
1548 2621 1603 2690 est
1620 2614 1703 2689 lelix
1721 2614 1758 2687 in
1775 2614 1827 2689 ci-

655 2737 767 2811 vitate
791 2734 930 2830 Ninive,
957 2741 995 2810 et
1019 2734 1186 2829 praedivit
1204 2736 1240 2807 in
1258 2742 1379 2811 morte
1394 2735 1677 2811 destructionem
1699 2734 1828 2809 Ninive

654 2864 692 2933 et
718 2856 967 2932 reversionem
1000 2856 1233 2931 lrebraeorum
1266 2856 1303 2931 in
1334 2862 1471 2931 terram
1498 2856 1652 2931 Domini.
1665 2898 1715 2911 -
1731 2860 1824 2944 Orici.

653 2980 759 3053 Nunc
783 2976 931 3052 Beatrix
957 2984 1127 3052 removet
1151 2998 1302 3053 causam
1329 2979 1466 3053 erroris
1490 3000 1515 3053 a
1539 2979 1667 3071 Dante,
1685 2984 1721 3052 et
1741 2977 1826 3051 dicit

654 3098 815 3174 breviter
840 3096 940 3191 quod
958 3118 1031 3171 uon
1049 3102 1106 3171 est
1122 3097 1240 3172 simile
1257 3098 1303 3171 de
1319 3098 1496 3173 sententia
1515 3097 1673 3173 Platonis
1692 3097 1738 3171 ad
1759 3118 1826 3193 ap-

653 3219 870 3316 paritionem
898 3218 1131 3311 umbrarum,
1149 3217 1236 3312 quia
1254 3217 1334 3291 talis
1353 3217 1530 3313 apparitio
1549 3218 1630 3292 licta
1657 3227 1711 3293 est
1735 3239 1828 3313 poe-

653 3340 724 3415 tice
747 3339 795 3415 ad
820 3338 1158 3432 reprarseomndum
1191 3338 1455 3413 distinctionem
1488 3338 1711 3433 animarum,
1741 3360 1826 3433 quae

653 3459 843 3534 solvantur
867 3458 936 3531 sub
958 3458 1058 3531 varia
1076 3458 1309 3534 inclinatione
1326 3459 1567 3553 planetarum.
1585 3459 1714 3555 Opinio
1734 3478 1826 3533 vero

572 3630 576 3638 ·
653 3578 812 3654 Platonis
836 3578 982 3653 videtur
1008 3578 1218 3673 simpliciter
1244 3579 1338 3655 velle
1363 3580 1462 3673 quod
1487 3578 1621 3654 animm
1644 3578 1680 3652 in
1706 3586 1826 3653 morte

653 3705 888 3775 revertantur
913 3698 960 3772 ad
986 3698 1108 3772 stellas
1134 3719 1230 3773 suas.
1257 3698 1349 3773 Dicit
1375 3720 1484 3795 ergo:
1507 3702 1594 3787 Qoel
1616 3701 1676 3772 rte
1697 3702 1824 3789 llmro,

652 3822 755 3913 idest,
777 3819 919 3894 libellus
936 3818 1107 3911 Platonis,
1126 3840 1238 3913 quem
1258 3820 1359 3894 Plato
1377 3820 1572 3895 intitulavit
1596 3826 1634 3895 et
1658 3820 1827 3894 denomi-

653 3940 752 4016 navit
776 3940 824 4015 ab
848 3939 968 4014 amico
985 3959 1054 4012 suo
1067 3927 1116 4029 (⁸).
1135 3940 1219 4013 Fuit
1236 3939 1332 4013 enim
1352 3940 1512 4015 Timaeus
1528 3940 1574 4014 de
1591 3938 1738 4015 civitate
1754 3940 1825 4014 Lo·

651 4081 816 4155 crorum,
842 4080 927 4153 quae
953 4058 1020 4132 luit
1044 4060 1131 4133 olim
1159 4058 1413 4134 florentissima
1430 4058 1556 4135 civitas
1574 4058 1761 4134 Calabriae.
1780 4059 1828 4132 lit

652 4182 710 4257 lric
734 4181 893 4255 Timaeus
917 4178 1073 4252 obtinuit
1097 4200 1221 4253 arcem
1238 4170 1274 4271 (⁵)
1295 4179 1480 4275 sapientiae
1499 4198 1544 4254 eo
1565 4185 1824 4274 temporeque

651 4302 751 4377 veuit
776 4302 877 4373 Plato
902 4298 939 4371 in
963 4298 1116 4392 ltaliam,
1144 4305 1185 4372 ut
1210 4298 1333 4374 scribit
1364 4299 1465 4375 Plato
1491 4300 1528 4373 in
1558 4298 1662 4374 dicto·
1684 4298 1824 4391 libello;

651 4423 729 4496 drlt’
743 4424 859 4493 anime
875 4427 1097 4510 ornamenta,
1114 4417 1217 4512 idest,
1234 4418 1359 4515 arguit
1382 4419 1428 4494 de
1454 4419 1666 4494 reversione
1689 4418 1822 4493 animae

651 4543 704 4616 ad
723 4542 855 4634 stellas,
871 4561 945 4614 ooo
969 4534 990 4613 e*
1010 4542 1121 4614 dmde
1145 4561 1170 4612 α
1194 4532 1248 4613 rid
1273 4542 1456 4632 claudici
1475 4542 1571 4632 oede,
1589 4541 1658 4613 sub
1679 4540 1822 4633 umbre,

650 4659 831 4757 porocrtd,
857 4682 952 4735 come
977 4665 1064 4748 dice,
1085 4664 1379 4755 parciorem,
1404 4642 1509 4756 quasi
1538 4660 1652 4735 dicat:
1680 4660 1834 4735 videtur·

652 4784 750 4878 quod
775 4783 952 4858 sententia
978 4781 1137 4857 Platonis
1162 4782 1207 4856 sit
1234 4782 1313 4856 talis
1338 4780 1384 4857 de
1410 4781 1547 4855 virtute
1572 4779 1760 4856 sermonis.
1774 4820 1824 4835 -

713 4968 741 5030 (¹)
758 4975 782 5027 t,
798 4970 853 5021 lilio
868 4984 916 5020 ruo
933 4971 1030 5021 Totis.
1141 4970 1167 5031 l'i
1183 4976 1207 5032 'o
1225 4969 1388 5034 Pulcerrlml.
1499 4968 1573 5031 (¹113.
1590 4972 1702 5017 nomm.

714 5046 741 5108 (⁸)
757 5046 789 5096 Ε.
806 5059 854 5095 suo
870 5047 969 5096 Timeo
984 5046 1029 5111 qui
1045 5045 1096 5097 luit
1111 5047 1143 5097 de
1160 5048 1271 5099 eiurare·
1496 5045 1525 5109 (⁸)
1541 5050 1564 5103 t,
1581 5050 1667 5095 arten
1681 5044 1821 5108 umentia.
