4342 6692
758 904 897 961 esurus
920 907 1064 962 narnus.
1424 899 1493 966 299

289 1049 392 1125 ·loci
419 1070 467 1124 an
489 1049 665 1130 malcolm
680 1040 716 1142 (¹)
751 1048 815 1124 hei
846 1051 928 1146 plus
960 1052 1093 1128 haheat
1125 1053 1386 1130 admirationis.
1423 1055 1497 1130 lle-

322 1169 425 1244 dinm
451 1178 579 1248 autem
605 1190 736 1246 saxum
763 1178 936 1246 cavatum
962 1177 1018 1246 est
1041 1171 1219 1249 informa
1247 1174 1379 1250 theatri
1401 1174 1497 1249 intra
1544 1197 1547 1202 ·

324 1290 423 1386 quod
449 1291 590 1366 clamor
616 1289 808 1369 hominum
834 1297 873 1365 et
897 1312 1010 1369 sonus
1036 1292 1209 1368 tuharum
1241 1313 1328 1368 cum
1365 1313 1498 1390 magno

173 1457 177 1463 .
326 1411 482 1488 rohoatu
498 1402 536 1504 (¹)
562 1409 609 1485 ibi
636 1411 676 1485 lit
700 1411 981 1506 personantibus
1006 1413 1116 1508 saris,
1135 1414 1233 1508 quod
1253 1421 1442 1509 stuporem
1461 1419 1500 1488 et

323 1539 508 1612 ‚torrorem
535 1532 620 1607 lacit
645 1530 791 1628 ignaris.
811 1533 903 1606 Nam
929 1538 967 1607 et
992 1535 1096 1628 qnasi
1114 1534 1151 1608 in
1173 1533 1292 1610 media
1310 1533 1500 1609 altitudine

325 1652 446 1728 cavati
472 1653 605 1727 montis
624 1659 686 1734 ,est
719 1672 833 1748 parra
863 1653 1040 1749 planities,
1066 1660 1104 1730 et
1136 1654 1242 1730 inea
1275 1655 1499 1751 prolundum

328 1779 437 1848 lerrae
462 1770 641 1868 loramen,
666 1794 734 1870 per
759 1773 859 1868 quod
884 1775 959 1849 exit
983 1779 1116 1849 ventus
1133 1775 1311 1871 inspirans
1329 1776 1500 1873 virgines

326 1892 374 1968 de
398 1914 474 1987 quo
499 1894 669 1969 Lucanus
682 1883 744 1986 (³)³
771 1901 956 1987 ventosque
981 1897 1153 1987 loquaces.
1180 1897 1285 1970 Modo
1302 1895 1349 1970 ad
1366 1916 1501 1991 propo—

327 2015 438 2090 situm
463 2015 548 2090 dicit
572 2021 691 2110 poeta,
709 2014 808 2108 quod
830 2037 947 2090 unum
960 2017 1097 2111 jugum
1116 2017 1265 2091 Parnasi
1282 2017 1499 2111 deputatum

327 2136 470 2210 Baccho
503 2134 647 2210 suffecit
678 2135 745 2209 sihi
772 2136 989 2230 hucusque3
1023 2156 1122 2211 nunc
1155 2156 1246 2210 vero
1275 2144 1312 2211 et
1342 2136 1432 2211 illud
1463 2141 1502 2212 et

326 2254 426 2329 aliud
439 2260 696 2330 consecratum
713 2255 866 2350 Apollini
884 2261 940 2330 est
956 2254 1023 2329 sihi
1041 2255 1309 2330 necessarium:
1327 2275 1395 2351 per
1409 2255 1502 2330 Bac-

327 2374 441 2449 chum
465 2380 592 2448 autem
614 2373 797 2471 liguratur
814 2373 962 2450 scientia
982 2375 1169 2468 naturalis,
1188 2395 1272 2469 quae
1290 2375 1417 2451 hahori
1435 2396 1501 2471 po-

328 2501 399 2569 test
416 2513 482 2590 per
499 2494 776 2588 acquisitionem
797 2495 1009 2589 humanam,
1027 2494 1121 2569 sicut
1148 2495 1296 2591 physica
1313 2501 1350 2570 et
1366 2496 1498 2590 ethica,

328 2613 431 2709 idest,
461 2613 685 2710 philosophia
721 2615 898 2690 naturalis
931 2620 969 2690 et
1002 2615 1171 2690 moralis:
1199 2636 1264 2711 per
1299 2616 1500 2712 Apollinem

330 2755 421 2810 vero
441 2734 592 2809 scientia
611 2735 901 2830 supernaturalis
918 2741 956 2810 et
973 2734 1108 2829 divina,
1130 2735 1224 2810 sicul
1243 2737 1500 2833 metaphysica,

329 2852 433 2947 idest,
459 2874 564 2929 sacra
589 2854 749 2929 scientia.
776 2855 836 2930 Sol
862 2855 961 2930 enim
988 2853 1131 2949 estqui
1158 2855 1295 2930 virtute
1320 2877 1387 2932 sua
1418 2857 1502 2934 lacit
1543 2929 1549 2950 ,

329 2973 429 3048 viros
453 2973 634 3069 sapientes
658 2981 696 3050 et
720 2975 940 3050 excellentes
964 2975 1145 3067 doctores,
1162 2974 1257 3048 siout
1273 2981 1383 3049 autor
1400 2977 1500 3071 ponit

330 3093 425 3167 inira
450 3093 513 3167 uhi
538 3100 671 3168 tractat
690 3093 737 3168 de
761 3114 867 3189 spera
886 3093 989 3188 solis;
1008 3093 1090 3168 ideo
1107 3093 1256 3169 scientia
1279 3095 1454 3170 naturalis
1465 3084 1502 3188 (⁴)

330 3215 475 3290 sullecit
499 3214 565 3290 sihi
591 3215 629 3288 in
653 3214 799 3290 dnobus
814 3215 1104 3310 precedentibus
1122 3215 1221 3289 libris
1236 3239 1246 3309 ;
1264 3236 1362 3290 nunc
1381 3216 1416 3290 in
1434 3216 1502 3290 isto

240 3427 250 3447 ,
331 3334 440 3410 tertio
458 3331 594 3431 indiget
609 3334 759 3410 scientia
776 3334 909 3410 divine.
927 3334 982 3408 Ad
999 3335 1143 3408 literam
1165 3355 1256 3431 ergo
1273 3334 1358 3410 dicit
1376 3342 1502 3430 poeta:

329 3456 412 3528 lun
435 3457 554 3547 pinpo,
575 3453 671 3528 istud
691 3455 826 3550 jugum
849 3459 1003 3530 vocatur
1020 3455 1147 3550 Nyssa,
1169 3460 1282 3530 etesi
1307 3456 1506 3550 Bacchidi

332 3581 512 3669 Parnaso,
544 3575 640 3650 hene
663 3575 834 3653 convenit
860 3595 1010 3668 nomen,
1036 3573 1292 3652 diciturenim
1320 3577 1503 3651 Parnasus
1619 3645 1621 3650 ,

332 3696 438 3791 quasi
463 3715 597 3792 parans
623 3715 694 3791 noy
719 3715 881 3789 sensum,
908 3695 999 3770 idest
1025 3697 1138 3770 menti
1159 3695 1385 3791 sapientiam,
1406 3701 1505 3770 assai

331 3819 381 3890 mi
400 3819 455 3910 su,
480 3814 584 3908 idest,
609 3814 753 3891 suffecit
772 3815 872 3909 mihi,
890 3818 1045 3890 issima
1072 3819 1144 3908 qut,
1165 3816 1311 3911 scilicet,
1329 3817 1366 3890 in
1384 3817 1503 3911 primo
1640 3803 1645 3812 ’

331 3935 426 4010 lihro
450 3935 583 4011 lnlerni
608 3942 646 4010 et
670 3936 832 4011 secundo
856 3935 1075 4033 Purgatorii,
1101 3956 1161 4008 mo
1186 3956 1244 4023 or,
1260 3935 1363 4029 idest,
1386 3955 1503 4030 nuper

331 4057 379 4132 de
402 4057 584 4153 praesenti,
609 4050 688 4130 m’d
709 4077 814 4149 tropo,
839 4055 943 4150 idest,
969 4056 1115 4151 expedit
1141 4055 1240 4148 mihi,
1266 4063 1409 4130 cuhara
1429 4059 1504 4130 ael-

332 4179 520 4267 l'orn’apo
542 4179 692 4267 nmmo,
717 4175 820 4271 idest,
845 4196 998 4250 cursum
1020 4181 1058 4250 et
1077 4182 1275 4250 tractatum
1295 4175 1390 4249 tertii
1411 4175 1504 4268 lihri,

333 4297 396 4392 qui
421 4297 554 4371 dicitur
579 4297 785 4392 ParadisuS,
802 4297 866 4391 qui
888 4302 1000 4371 restat
1016 4295 1288 4389 describendus,
1305 4317 1372 4370 coo
1387 4299 1504 4370 onme-

331 4420 412 4508 droe,
438 4417 541 4511 idest,
566 4425 728 4513 utroque
743 4418 848 4514 jugo,
867 4417 971 4511 quasi
988 4416 1096 4510 dicat,
1116 4437 1214 4491 nunc
1240 4417 1277 4490 iu
1303 4416 1369 4490 ista
1386 4417 1504 4496 ardua

333 4537 488 4626 materia
516 4558 608 4634 egeo
633 4538 771 4614 auxilio
795 4538 955 4612 duorum
981 4537 1151 4630 deorum,
1176 4537 1312 4612 scilicet
1334 4536 1505 4632 Apollinis

332 4664 371 4733 et
395 4657 538 4732 Baochi.
564 4656 636 4732 Sed
662 4657 720 4732 hic
744 4663 800 4732 est
824 4678 917 4752 opus
942 4676 1076 4753 magna
1094 4656 1361 4751 speculatione:
1388 4678 1505 4750 quare

332 4785 443 4853 autor
462 4777 560 4854 dicat
584 4799 626 4853 se
650 4797 763 4874 egere
779 4785 940 4872 utroque
956 4778 1053 4872 Deo;
1072 4779 1170 4872 quia,
1192 4778 1318 4853 dicunt
1334 4799 1505 4854 commu·

397 4961 426 5026 (¹)
443 4964 473 5014 E.
488 4965 627 5014 maioslatis
643 4963 700 5014 Del.
959 4964 986 5025 (Ἴ
1003 4967 1026 5022 i,
1045 4963 1176 5014 robornlu,

398 5040 425 5100 ς’)
440 5041 470 5091 Ρ.
486 5042 607 5092 Lucanus
621 5043 674 5092 alls
689 5048 828 5105 oculosque.
960 5041 987 5103 (⁵)
1003 5041 1029 5090 S.
1044 5054 1060 5091 e
1076 5041 1107 5091 Ε.
1125 5041 1250 5112 naturalis
1265 5042 1378 5092 humana
1393 5041 1504 5094 rullecll.
