4342 6692
742 911 882 968 murus
906 912 1082 978 Quanrus.
1428 898 1499 966 387

328 1056 396 1133 nisi
420 1078 487 1153 per
511 1056 692 1150 auditum,
711 1055 845 1149 visum,
863 1060 932 1129 etr„
945 1095 996 1108 -
1009 1060 1079 1129 Per
1104 1062 1230 1147 questo.
1257 1052 1322 1129 llio
1352 1054 1499 1129 Beatrix

328 1176 523 1253 oonllrmat
547 1176 684 1251 dictum
712 1196 822 1249 suum
849 1175 1020 1268 exemplo
1043 1194 1158 1249 sacrae
1189 1174 1391 1272 scripturae,
1417 1193 1503 1267 quae

331 1297 449 1373 utitur
474 1297 537 1372 tali
562 1296 672 1371 modo
697 1295 869 1390 loquendi
887 1294 1045 1392 figurato
1071 1296 1108 1368 in
1134 1295 1209 1371 lieo
1235 1303 1272 1370 et
1298 1294 1502 1392 intelligen-

332 1417 402 1511 tiis,
427 1417 568 1493 dicens:
595 1422 667 1491 Per
687 1422 817 1509 questo,
837 1414 941 1508 idest,
958 1415 1006 1489 ob
1030 1415 1137 1489 istam
1159 1435 1322 1509 eausam,
1341 1419 1377 1489 lo
1394 1418 1503 1489 Serit-

333 1545 428 1630 tura,
454 1558 539 1631 quae
567 1543 622 1612 est
651 1536 726 1632 ipsa
753 1536 913 1629 Beatrix,
938 1538 1171 1609 condescende
1195 1557 1219 1609 α
1244 1544 1365 1609 vostro
1387 1538 1503 1630 samt-

333 1665 414 1749 tute,
431 1657 534 1751 idest,
552 1655 711 1732 scientiae
736 1657 921 1749 bumanae,
938 1656 1171 1729 cetetonem
1195 1677 1220 1728 a
1245 1660 1314 1729 Dio
1330 1677 1348 1728 e
1366 1657 1462 1749 predi
1485 1676 1504 1727 e

333 1798 456 1868 meno,
464 1776 702 1852 sicutdieitnr
715 1774 890 1871 principio
902 1774 1052 1849 Genesis
1065 1775 1164 1869 quod
1177 1775 1353 1849 Dominus
1361 1770 1504 1869 llensl')

333 1897 548 1972 ambulabat
563 1916 630 1991 per
642 1894 864 1992 paradisum,
877 1901 914 1969 et
932 1894 1031 1989 quod
1047 1916 1180 1969 manus
1198 1896 1278 1969 eius
1291 1895 1375 1969 lecit
1387 1894 1507 1970 bomi-

334 2038 433 2110 nem,
451 2023 490 2091 et
511 2016 561 2090 ita
580 2016 627 2090 de
651 2014 793 2108 multis,
810 2020 844 2087 et
862 2017 956 2088 altro
976 2018 1127 2105 intende,
1149 2014 1235 2109 quia
1262 2036 1328 2110 per
1352 2036 1505 2089 manum

335 2136 501 2232 intelligit
524 2126 777 2231 potentiam&
804 2140 842 2209 et
866 2134 1129 2229 operationem,
1155 2156 1222 2231 per
1245 2136 1375 2230 pedem
1401 2158 1508 2212 arno-

337 2264 473 2332 remei
491 2256 734 2332 allectionem.
761 2256 806 2330 Et
831 2255 888 2330 bic
910 2265 995 2331 nota
1014 2256 1112 2349 quod
1133 2261 1238 2349 poeta
1259 2256 1395 2351 optime
1411 2256 1508 2351 dicit,

336 2376 422 2471 qnia
449 2375 648 2470 spiritualia
674 2395 746 2449 non
778 2381 929 2470 possunt
961 2374 1064 2450 nobis
1097 2375 1320 2449 manifestari
1352 2375 1418 2449 nisi
1444 2397 1510 2472 per

337 2496 559 2572 sensibilium
586 2495 876 2589 similitudinem3
902 2516 971 2570 noo
1001 2495 1082 2570 talis
1111 2495 1243 2569 modus
1267 2498 1511 2592 persuadendi

338 2615 589 2711 despiciendus
610 2624 666 2692 est
681 2616 886 2692 secundum
904 2617 1149 2713 augustinum
1169 2617 1215 2691 de
1232 2618 1396 2693 doctrina
1414 2620 1512 2693 ebri-

340 2735 477 2831 stiana3
503 2736 578 2812 imo
602 2742 657 2812 est
681 2736 927 2831 pulcerrimus
945 2736 1076 2810 modus
1103 2736 1285 2830 loquendi.
1313 2738 1389 2812 lloc
1415 2738 1511 2813 idem

341 2855 428 2929 lacit
451 2857 497 2931 de
521 2858 672 2953 angelis,
690 2858 754 2951 qui
770 2863 857 2931 sunt
873 2856 1008 2931 similes
1025 2858 1121 2951 lieo;
1141 2856 1238 2932 unde
1255 2857 1357 2932 dicit:
1375 2880 1394 2931 e
1409 2868 1514 2934 santo

342 2978 469 3069 rbere,
485 2976 632 3070 scilicet,
650 2975 847 3071 apostoliea
865 2975 1023 3051 militans
1042 2977 1120 3051 lieo
1145 2976 1182 3050 in
1207 2977 1356 3072 mundo,
1375 2981 1410 3052 ui
1425 3000 1515 3073 rop-

339 3102 505 3188 presente
529 3117 597 3170 eon
620 3102 752 3189 orpetto
777 3115 921 3187 unone,
946 3095 1048 3187 idest,
1073 3096 1110 3169 in
1136 3095 1228 3171 lacie
1253 3097 1420 3193 bominis,
1442 3101 1516 3172 Ga-

343 3216 472 3306 nnn,
498 3215 560 3309 qui
587 3215 848 3310 interpretatur
875 3215 1049 3290 tortitudo
1079 3216 1155 3310 liei,
1195 3216 1277 3291 ideo
1293 3208 1329 3309 (³)
1362 3218 1517 3293 mittitur

343 3335 391 3410 ad
416 3336 580 3430 llariam,
605 3359 625 3409 e
649 3339 790 3411 llicltete
805 3358 825 3409 e
840 3338 863 3410 t
875 3339 982 3426 altro,
1000 3336 1147 3430 scilicet,
1166 3337 1314 3411 tertium
1340 3340 1516 3436 angelum

344 3456 579 3552 Rapbaolem,
605 3456 669 3551 qui
693 3456 957 3551 interpretatur
992 3455 1171 3531 medicina
1201 3458 1278 3552 Dei,
1313 3459 1395 3534 ideo
1433 3460 1519 3534 mit-

346 3576 436 3652 titur
460 3577 507 3652 ad
533 3576 701 3672 lobiam,
729 3576 827 3652 unde
850 3576 953 3652 dicit:
979 3580 1039 3651 elle
1064 3578 1171 3651 rone
1188 3580 1293 3672 risere
1311 3600 1415 3672 sono,
1432 3601 1518 3655 cnm
1606 3613 1631 3643 s

347 3702 443 3772 osset
467 3717 620 3793 pauper,
642 3716 754 3772 senex
782 3703 820 3772 θῖ
844 3717 976 3771 rarus.
1003 3696 1073 3771 Sed
1099 3718 1148 3772 no
1172 3696 1309 3791 aliquid
1332 3706 1521 3776 remaneat

350 3819 471 3893 minus
495 3818 652 3911 clarum,
679 3824 735 3892 ast
764 3817 979 3891 brevissime
1004 3817 1223 3891 summanda
1250 3819 1411 3914 historia,
1438 3840 1523 3915 quae

350 3944 406 4013 ost
430 3938 617 4011 notissima
642 3936 738 4032 apud
765 3936 990 4030 christianos,
1008 3944 1046 4011 et
1070 3958 1144 4012 non
1171 3938 1375 4013 admittitur
1391 3941 1439 4014 ab
1456 3941 1522 4015 be-

350 4056 469 4132 braeis.
495 4056 625 4131 'lobias
650 4075 741 4151 ergo
766 4056 834 4130 luit
854 4056 1030 4152 galilaeus,
1048 4056 1106 4131 vir
1121 4058 1255 4152 justus,
1276 4058 1369 4153 pins,
1392 4059 1524 4134 timens

351 4180 482 4271 lienum
500 4178 565 4270 qui
581 4176 745 4272 captivus
769 4176 807 4249 in
831 4176 978 4251 civitate
994 4176 1123 4251 Ninive
1142 4178 1255 4251 semel
1278 4178 1449 4274 fatigatus
1466 4200 1525 4255 se-

353 4299 501 4394 pultura
519 4298 629 4371 unius
645 4296 702 4371 sui
720 4295 855 4371 bebraei
874 4296 1063 4391 interlecti,
1081 4296 1171 4372 dnm
1191 4297 1301 4373 vellet
1313 4320 1446 4394 purum
1464 4319 1525 4374 re-

353 4418 545 4513 quiescere
570 4424 733 4492 stercora
757 4415 873 4491 calida
889 4415 1128 4491 birundinum
1151 4416 1363 4493 oeciderunt
1380 4418 1417 4492 in
1434 4438 1526 4493 ocu·

352 4540 408 4613 los
433 4540 513 4614 eius
537 4544 575 4613 et
601 4538 716 4613 laetus
741 4542 797 4613 est
821 4556 951 4612 oaecus.
978 4536 1047 4611 Sed
1080 4537 1212 4612 lobias
1242 4538 1279 4611 in
1307 4539 1528 4617 adversitate

355 4680 423 4734 sua
448 4658 731 4754 patientissimus
750 4677 896 4752 semper
915 4658 1052 4753 gratias
1068 4658 1143 4754 egit
1160 4659 1249 4733 Deo.
1268 4659 1428 4735 Tandem
1446 4682 1528 4738 oro-

419 4890 446 4953 l')
462 4890 493 4941 ll.
509 4890 580 4940 Daue
595 4890 673 4940 Pater
688 4890 851 4953 omnipotens
866 4857 1022 4941 ambulabat.

419 4962 448 5027 (¹)
463 4970 488 5027 l,
503 4965 652 5029 “pisanam
668 4971 696 5016 at
709 4967 896 5029 operationem.

420 5039 490 5107 t'lS.
505 5042 579 5104 liert,
594 5042 716 5094 mittitur.
725 5048 789 5105 -t,
805 5043 865 5095 inde
880 5044 1000 5095 mittitur.
