4342 6692
769 911 907 968 cuncus
931 915 1076 969 ramus.
1433 905 1503 974 313

333 1067 480 1156 portum
497 1061 568 1134 hoc
593 1059 630 1134 in
656 1057 784 1154 pennis
799 1058 957 1154 alarum,
974 1060 1025 1135 ita
1042 1061 1186 1136 volatus
1203 1059 1306 1135 istius
1323 1061 1507 1138 altissimae

331 1180 466 1274 aquilae
491 1180 663 1277 deprimit
688 1179 852 1255 volatum
870 1179 1026 1255 aliarum
1049 1179 1284 1256 scientiarum
1313 1201 1396 1276 qnae
1420 1191 1508 1260 sunt

334 1302 461 1397 tardae,
486 1303 580 1376 sicut
604 1320 755 1375 anseres
781 1304 949 1394 respectu
974 1299 1108 1393 aquilae
1123 1292 1172 1393 (⁴).
1192 1301 1254 1374 Est
1269 1302 1380 1376 etiam
1404 1323 1508 1397 qure-

334 1421 420 1496 dam
447 1419 829 1514 nobilissimaequila,
855 1439 940 1513 quae
965 1439 1039 1494 uon
1064 1419 1270 1514 depascitur
1302 1421 1370 1495 nisi
1396 1421 1508 1498 corda

334 1541 491 1616 aliarum
517 1541 656 1635 avium,
682 1559 776 1634 quas
800 1538 897 1634 mpit
921 1538 959 1613 in
984 1538 1251 1614 nutrimentum
1270 1541 1347 1636 sui3
1366 1540 1418 1616 ita
1439 1541 1507 1616 ista

335 1659 558 1734 nobilissima
583 1659 819 1736 scientiarum
851 1659 973 1734 solum
1006 1659 1103 1755 capit
1134 1661 1302 1754 quaedam
1333 1661 1506 1758 principia

334 1779 505 1855 aliarum.
531 1780 585 1855 nd
610 1781 755 1856 literam
781 1800 872 1876 ergo
897 1779 982 1854 dicit
1006 1787 1132 1876 poeta:
1165 1785 1309 1874 apnptr'a
1336 1776 1379 1873 sl,
1405 1782 1506 1878 idest,

335 1906 412 1976 tam
430 1900 597 1995 tirmiter,
614 1921 687 1975 non
705 1903 758 1991 pn·
771 1902 1137 1993 §ulisse-mmmmm
1158 1901 1263 1996 quasi
1278 1901 1390 1976 dicat:
1409 1901 1508 1996 quod

335 2019 459 2115 aquila
484 2019 684 2116 corporalis
709 2039 783 2093 non
809 2024 884 2094 tam
910 2019 983 2094 dne
1006 2019 1173 2094 intuetur
1192 2022 1307 2096 solem
1335 2041 1508 2116 corpora-

335 2137 421 2232 lem,
447 2138 542 2215 sicut
565 2139 634 2214 ista
660 2137 810 2213 scientia
835 2137 1030 2232 spiritualis
1053 2139 1168 2214 solem
1196 2139 1421 2236 spiritualem
1444 2140 1508 2235 qui

334 2258 434 2333 Deus
458 2266 524 2334 est.
552 2260 598 2333 Et
628 2257 686 2334 lric
719 2264 805 2334 nota
837 2258 933 2334 bene
965 2258 1065 2353 quod
1096 2269 1205 2336 autor
1238 2260 1376 2355 optime
1406 2259 1508 2353 dicit3

335 2377 512 2475 quoniam
537 2378 662 2473 aquila
687 2398 762 2453 nou
787 2385 909 2474 posset
942 2378 1038 2454 hene
1070 2378 1252 2478 respicere
1277 2385 1396 2454 rotam
1423 2378 1510 2453 solis

335 2518 383 2573 ex
408 2497 487 2573 sola
511 2497 608 2572 oculi
635 2496 805 2593 puritate,
826 2497 912 2593 quia
938 2497 1004 2572 lux
1028 2497 1114 2572 solis
1137 2497 1344 2592 fortissima,
1365 2497 1508 2590 calidis-

335 2617 429 2692 sima
460 2637 573 2713 super
606 2617 758 2692 oculum
786 2617 970 2712 spericum
1005 2624 1044 2694 et
1071 2617 1225 2713 politum
1259 2618 1343 2692 iacit
1374 2619 1508 2692 multas

337 2737 555 2814 reflexiones
589 2736 777 2813 radiorum
802 2737 850 2812 ad
876 2737 1039 2812 medium
1064 2738 1174 2833 oculi,
1199 2737 1262 2812 ubi
1292 2745 1348 2812 est
1372 2739 1508 2812 humor

335 2859 509 2956 glacialis,
526 2858 564 2933 in
589 2879 664 2953 quo
689 2857 893 2954 sigillantur
917 2858 1047 2932 sormae
1069 2857 1277 2952 visibilium,
1302 2865 1340 2934 et
1359 2855 1508 2934 rellexio

336 2980 398 3054 illa
423 2977 589 3054 calefacit
613 2983 651 3054 ct
675 2977 836 3052 dissolvit
860 2978 1056 3052 humorem
1083 2977 1206 3071 illum;
1231 2977 1312 3052 ideo
1338 2976 1435 3052 oculi
1452 2977 1509 3052 la-

336 3106 554 3198 crymantur
571 3097 719 3192 quando
744 3097 827 3191 quis
851 3097 950 3171 videt
974 3097 1136 3172 lucidum
1160 3097 1351 3172 excellens.
1370 3098 1508 3172 Oculus

337 3221 435 3296 enim
462 3224 518 3295 est
543 3217 649 3313 quasi
673 3217 865 3313 speculum
883 3216 1088 3292 animatum
1110 3237 1336 3311 convexum3
1355 3216 1419 3291 sed
1439 3237 1507 3292 na·

337 3345 422 3414 tura
448 3339 563 3413 solers
588 3343 627 3412 et
652 3357 767 3433 sagax
796 3335 894 3411 dedit
924 3335 1058 3431 aquilae
1090 3335 1264 3432 pupillam
1295 3335 1438 3432 nigram
1470 3341 1509 3410 et

330 3458 418 3534 cilia
442 3477 582 3555 grossa,
609 3463 652 3531 nt
677 3456 809 3532 melius
834 3456 997 3550 resistat3
1013 3460 1052 3532 et
1068 3463 1194 3531 tamen
1210 3477 1283 3530 non
1301 3461 1421 3551 posset
1438 3456 1507 3530 hoc

329 3577 460 3654 ‚iacere
484 3576 559 3670 diu,
578 3576 665 3670 quia
692 3576 829 3649 humor
846 3574 905 3650 ille
921 3575 1072 3672 frigidus
1088 3574 1351 3652 dissolveretur
1367 3581 1404 3650 et
1423 3595 1508 3650 cor-

338 3702 597 3792 rumperetur:
615 3694 711 3770 sicut
726 3693 845 3769 simile
861 3693 1028 3769 videmus
1044 3693 1081 3767 in
1099 3693 1329 3770 salamandra
1343 3715 1427 3790 qure
1439 3694 1508 3771 ali-

337 3815 500 3913 quandiu
528 3815 618 3891 vivit
642 3814 680 3888 in
705 3813 801 3911 igne,
826 3814 913 3908 qnia
946 3813 1183 3910 frigidissima
1216 3822 1359 3890 naturae
1389 3815 1509 3890 extin-

336 3937 418 4034 guit
448 3935 571 4032 ignem
604 3933 699 4008 sicut
729 3933 886 4029 glaciem
918 3933 982 4008 sed
1013 3934 1043 4007 si
1077 3934 1139 4009 diu
1173 3935 1313 4010 steterit
1350 3935 1386 4008 in
1424 3934 1508 4031 igne

338 4055 498 4130 vincitur
522 4059 560 4128 et
585 4052 755 4127 moritur.
782 4051 882 4127 Beue
905 4073 997 4149 ergo
1021 4051 1106 4128 dicit
1131 4059 1237 4149 poeta
1263 4053 1361 4149 quod
1386 4052 1507 4146 aquila

338 4194 532 4268 uunquam
553 4172 714 4268 respexit
738 4171 865 4266 solem,
882 4172 977 4247 sicut
1001 4193 1102 4248 nnuc
1127 4173 1291 4249 Beatrir:
1311 4195 1395 4248 nam
1417 4193 1508 4248 ocu-

339 4294 398 4368 lus
422 4291 676 4368 intellectualis
700 4291 917 4387 purissimus
946 4291 1050 4366 istius
1077 4292 1235 4368 dominre
1259 4299 1397 4386 quanto
1426 4291 1508 4367 diu-

338 4413 412 4489 tins
436 4420 475 4488 et
499 4413 608 4486 tirius
634 4412 779 4508 respicit
802 4413 918 4488 solem
943 4419 1138 4506 remmom,
1165 4419 1265 4487 tanto
1297 4412 1425 4486 lortius
1455 4412 1510 4487 vi-

337 4540 493 4630 goratur
518 4539 556 4607 et
580 4531 811 4607 convalescit.
824 4537 920 4606 -Ε
939 4523 972 4605 ri
994 4553 1101 4605 corne.
1128 4531 1192 4606 llic
1217 4537 1325 4626 poeta
1354 4531 1510 4608 ostendit

337 4653 525 4748 quomodo
542 4653 660 4728 iactus
676 4659 733 4726 est
749 4659 878 4747 potens
893 4651 940 4727 ad
959 4651 1225 4747 respiciendum
1245 4652 1357 4727 solem
1374 4652 1510 4730 virtute

338 4771 513 4848 Beatricis
543 4791 612 4866 per
640 4771 952 4866 comparationem
984 4771 1150 4866 pulcram
1176 4777 1214 4846 et
1238 4771 1441 4867 propriam;
1471 4779 1508 4852 et

402 5037 430 5098 (¹)
445 5033 476 5084 Ε.
492 5031 594 5097 aquila,
610 5031 710 5084 rdttoet
723 5031 836 5082 md·
851 5031 929 5083 natm
944 5031 1090 5096 theologia.
1107 5031 1163 5082 Eat.
