4342 6692
775 904 915 960 murus
939 903 1084 962 murus.
1437 888 1513 960 sse

340 1047 423 1134 b'cot
449 1050 605 1142 Cessero,
623 1053 659 1124 et
680 1047 867 1142 promittit
893 1047 991 1147 quod
1012 1047 1113 1142 juste
1137 1045 1232 1140 cepit
1249 1066 1356 1120 arma
1381 1052 1512 1125 contro

339 1169 461 1250 bootes
477 1167 695 1246 arnonius
714 1175 865 1246 serram
882 1175 919 1244 et
937 1168 1125 1244 voluntate
1141 1165 1263 1262 populi
1282 1165 1437 1258 romani,
1455 1165 1512 1244 ‹fi-

338 1309 445 1371 oons.:
473 1293 539 1368 roi
558 1293 686 1370 onore
699 1292 728 1364 il
742 1291 834 1379 tollo,
853 1288 939 1366 illud
957 1287 1117 1383 signum,
1132 1309 1199 1380 per
1216 1290 1313 1360 soler
1329 1289 1366 1361 rii
1382 1291 1510 1377 Romo,

339 1411 442 1506 idest,
470 1411 658 1492 runculo
682 1416 831 1488 senous
855 1419 893 1486 et
919 1408 1039 1505 populi
1068 1409 1222 1503 romani,
1247 1413 1371 1485 umen
1397 1426 1512 1503 opera

342 1532 504 1628 Pompeii
528 1538 567 1610 ct
590 1530 723 1624 Crassi,
743 1531 818 1606 imo
844 1537 992 1610 senatus
1019 1529 1115 1604 ultra
1140 1529 1294 1606 Galliam
1319 1527 1512 1622 transabi-

343 1671 429 1734 nsm
454 1652 553 1730 dedit
578 1651 645 1730 sibi
669 1651 880 1746 cisalpinam
900 1650 1031 1728 timens
1058 1670 1105 1724 ne
1123 1651 1280 1745 populus
1299 1649 1366 1723 sibi
1385 1647 1509 1724 dara:

343 1772 411 1854 ortt
436 1771 536 1852 cuius
559 1771 682 1852 Cesar
708 1771 824 1867 magis
849 1771 992 1848 amicus
1015 1770 1140 1866 populi
1165 1790 1279 1864 quam
1309 1769 1510 1861 nobilium3

343 1898 380 1974 ol
405 1893 475 1971 boc
501 1893 598 1987 iecit,
616 1913 741 1986 presso
767 1895 808 1966 ol
829 1899 954 1988 cmpo,
982 1891 1117 1969 scilicet
1140 1891 1307 1987 Augusti,
1334 1890 1438 1985 quasi
1458 1889 1514 1965 (liv

343 2019 413 2108 cot,
438 2013 623 2096 numm
641 2020 727 2090 ante
746 2011 1183 2108 subsessoresque
1199 2018 1282 2085 nrtto
1293 2013 1320 2083 'l
1333 2014 1397 2084 ciel
1410 2013 1513 2102 ocio,

343 2132 446 2228 idest,
471 2132 591 2214 onais
615 2133 840 2212 constellatio
866 2131 949 2208 coeli
974 2130 1103 2225 voluit,
1135 2133 1239 2206 ridor
1268 2133 1304 2203 lo
1336 2131 1463 2203 montio
1488 2149 1514 2202 a

342 2273 407 2326 suo
432 2257 537 2331 morlo
560 2273 697 2344 sereno
730 2251 835 2347 quasi
865 2252 971 2346 dicat,
1001 2251 1047 2326 ad
1082 2273 1201 2326 unum
1230 2250 1442 2346 principem,
1466 2249 1516 2325 ad

346 2393 464 2453 ouum
490 2374 740 2467 monarcham,
759 2381 800 2450 ut
817 2373 910 2448 sicut
929 2393 1024 2446 uuus
1045 2378 1100 2446 est
1120 2371 1287 2466 princeps
1307 2370 1343 2442 in
1365 2390 1515 2444 summo

345 2494 439 2578 coelo
464 2513 486 2570 s
512 2511 586 2587 quo
611 2492 815 2588 dependent
839 2511 979 2586 ornnes,
998 2485 1242 2589 *intelligslb
1266 2497 1437 2586 regentes
1452 2511 1516 2564 or·

346 2613 444 2707 bem,
470 2613 520 2688 ita
545 2621 641 2693 osset
667 2633 763 2690 unus
789 2613 957 2709 princeps
981 2613 1019 2688 iu
1045 2621 1156 2706 terra,
1182 2631 1206 2686 a
1231 2632 1306 2705 quo
1332 2611 1516 2706 donem

348 2739 429 2808 rent
453 2733 616 2808 omues*
631 2724 668 2824 (¹)
695 2753 800 2829 reges
828 2733 954 2807 mundi
982 2733 1230 2830 gubernantes
1261 2751 1386 2828 regna.
1416 2730 1516 2808 lstud

347 2857 473 2934 ouem
492 2850 559 2926 luit
576 2857 743 2945 tempore
762 2853 929 2947 Augusti,
947 2853 1053 2926 ouius
1073 2853 1196 2928 Caesar
1214 2851 1281 2925 luit
1298 2851 1403 2946 quasi
1420 2872 1517 2947 proo-

348 2991 489 3064 cursor,
510 2991 579 3048 uec
604 2991 769 3066 unquam
787 2972 880 3046 alius
897 2979 984 3048 ante
1009 2992 1095 3048 sum
1122 2978 1293 3068 potuerat
1317 2972 1519 3050 obtinuisse

349 3091 444 3168 istud
469 3090 758 3168 bravium-E
780 3094 867 3182 quel.
887 3092 950 3166 llic
967 3091 1192 3166 iustinianus
1217 3092 1312 3168 mira
1339 3093 1522 3177 breritute

348 3218 511 3291 cosroen
535 3211 673 3288 bellum
698 3211 884 3307 gallicum,
910 3211 955 3287 de
981 3231 1056 3306 quo
1080 3213 1197 3287 lulius
1214 3213 1340 3288 Celsus
1357 3214 1462 3288 mileo
1481 3218 1522 3288 st·

349 3330 471 3411 socius
494 3331 657 3425 curru,
675 3332 739 3426 qui
757 3331 927 3408 omnbus
948 3333 1122 3427 interluit,
1136 3333 1220 3408 lacit
1235 3334 1322 3408 satis
1339 3355 1522 3431 magnust

350 3453 534 3528 volumen.
553 3453 623 3528 Sed
641 3452 763 3547 aliqua
790 3471 907 3548 pauca
934 3458 1232 3534 transcurrenter
1249 3457 1439 3553 attingam.
1457 3458 1520 3532 list

350 3571 460 3668 igitur
485 3571 688 3665 sciendum,
713 3572 811 3667 quod
829 3573 950 3650 Caesur
968 3574 1003 3648 iu
1022 3574 1137 3649 Gallia
1156 3575 1275 3672 primo
1296 3578 1423 3652 babuit
1440 3599 1521 3653 rorn

349 3713 436 3773 cunt
462 3693 633 3769 llelvetiis
659 3694 785 3773 rubis
810 3694 1005 3787 Gcbennae,
1032 3696 1096 3790 qui
1116 3717 1189 3769 non
1206 3697 1360 3771 audacia
1380 3699 1444 3774 sen
1461 3719 1522 3772 ras

350 3811 409 3888 bie
433 3811 588 3888 nicensis
615 3814 723 3888 terris
749 3833 893 3907 eorum,
920 3815 1098 3911 parabant
1123 3815 1227 3889 orire
1251 3815 1341 3889 lines
1368 3816 1520 3911 putrire3

352 3951 445 4025 quos
477 3933 687 4010 recedentes
713 3935 846 4028 Caesar,
873 3933 1024 4011 transito
1041 3934 1229 4027 Rhodano,
1246 3934 1416 4010 citissime
1433 3955 1523 4010 oum

352 4049 550 4136 incredibili
569 4052 748 4130 occisione
765 4052 909 4147 delevit,
928 4053 990 4146 qui
1008 4053 1124 4130 coacti
1147 4060 1233 4127 sunl
1251 4073 1424 4149 reparare
1445 4067 1524 4132 icr-

355 4193 413 4257 ras
438 4193 582 4248 corum.
610 4173 732 4250 cesar
757 4173 887 4250 deindo
911 4173 1134 4248 Ariovistum
1167 4195 1293 4272 regem
1323 4196 1523 4272 germano·

355 4313 451 4386 rum,
468 4294 531 4386 qui
555 4292 746 4388 Sequanos
771 4295 969 4371 crudeliter
994 4295 1236 4390 opprimebat,
1264 4297 1451 4391 requisivit
1476 4299 1526 4382 so

353 4411 577 4505 colloquium
602 4433 743 4507 secum,
777 4415 840 4509 qui
872 4415 1031 4509 superbe
1062 4417 1264 4510 respondit:
1290 4425 1327 4490 et
1357 4417 1438 4511 quis
1468 4424 1525 4494 est

353 4530 500 4610 Gaesori
512 4541 641 4610 contra
654 4551 766 4627 quern
786 4534 909 4611 Gtesar
927 4536 992 4610 ivit
1007 4537 1044 4610 in
1065 4537 1266 4631 Sequanos,
1286 4545 1324 4612 et
1340 4540 1524 4616 acerrimo

354 4672 477 4749 pruna
504 4653 705 4730 Ariovistus
736 4654 855 4732 rictus
881 4655 1023 4752 lugiens
1049 4659 1214 4733 transivit
1238 4659 1409 4734 Rbeuur'n
1435 4658 1526 4740 curs

355 4793 468 4868 porra
495 4775 664 4858 uaricula
684 4771 848 4871 deposito
865 4776 1006 4852 sarcina
1024 4778 1205 4872 superbie
1229 4799 1331 4854 suae:
1350 4786 1387 4855 et
1401 4781 1525 4858 Cesar

418 4959 446 5022 (Ἰ
461 4961 519 5014 Μ
535 4968 559 5022 l.
574 4964 752 5029 hlelliflsutio
767 4971 896 5030 regentes,

419 5035 448 5102 (¹)
463 5039 500 5090 Le
515 5041 603 5104 porois
619 5040 659 5092 irs
674 5042 684 5092 t
700 5044 750 5094 dus
767 5043 898 5095 utorlscbl
914 5057 978 5095 ηοω
993 5044 1105 5109 inpolito
1121 5045 1189 5110 lugu
1205 5045 1265 5097 altri
1280 5051 1323 5096 trs
1336 5045 1432 5099 cata,
1458 5041 1463 5050 “
