4342 6692
651 901 791 957 CANTUS
815 902 1007 957 vicesimus
1031 901 1203 957 octavus.
1442 892 1510 958 177

342 1047 491 1143 quaudo
515 1046 674 1144 portabit
698 1030 837 1123 semen'
850 1048 994 1123 arboris
1019 1048 1066 1123 ad
1090 1047 1251 1143 aliquam
1270 1056 1413 1144 partem
1431 1051 1512 1124 lon·

340 1168 529 1264 ginquam‚
547 1169 642 1243 sicut
666 1168 834 1243 videmus
859 1168 958 1263 quod
980 1167 1165 1244 interdum
1183 1168 1295 1243 arbor
1311 1169 1511 1245 domestica

343 1288 526 1383 reperitur
551 1288 728 1386 inspira,
757 1288 869 1362 arbor
899 1288 1085 1385 sylvestris
1116 1288 1299 1383 reperitur
1329 1289 1367 1363 in
1393 1290 1510 1365 borto.

341 1407 432 1483 llicit
456 1429 567 1505 ergo:
594 1413 675 1483 Non
705 1409 879 1503 potrebbe
899 1413 962 1501 poi
985 1412 1193 1500 mantelia
1222 1412 1260 1483 cli
1293 1399 1341 1501 ld,
1376 1410 1512 1484 scilicet

341 1529 536 1603 inmundo
563 1536 698 1624 nostro,
716 1533 811 1603 odito
836 1539 966 1622 mesto,
983 1530 1118 1605 scilicet
1135 1530 1233 1625 quod
1256 1536 1355 1606 terra
1380 1553 1446 1626 per
1472 1550 1512 1606 se

342 1649 521 1744 concipiat
545 1649 624 1724 sine
647 1649 800 1743 semine,
817 1652 960 1742 quondo
982 1654 1111 1724 alcuna
1124 1654 1261 1746 pionte,
1281 1650 1383 1747 idest,
1401 1652 1512 1726 arbor

341 1770 498 1863 novella,
524 1772 560 1843 al
581 1772 792 1862 s'apptptia,
819 1769 922 1864 idest,
947 1769 1102 1865 pullulat
1127 1769 1188 1865 ibi,
1205 1792 1314 1875 senza
1338 1792 1429 1846 seme
1440 1793 1511 1864 po-

341 1892 422 1981 tere,-
453 1887 555 1983 idest,
586 1888 789 1983 manifesto,
818 1889 917 1983 quod
947 1896 1114 1984 patenter
1144 1898 1328 1985 appareat,
1359 1891 1405 1965 de
1436 1911 1511 1986 quo

341 2009 510 2085 homines
532 2008 725 2103 mirantur,
753 2008 963 2105 ignorantes
987 2029 1151 2103 causam,
1170 2009 1233 2084 sed
1253 2009 1377 2084 audita
1400 2030 1510 2086 causa

341 2150 415 2204 non
441 2128 686 2223 mirarentur3
712 2129 820 2204 etita
844 2136 885 2203 tu
910 2128 1034 2204 audita
1060 2149 1172 2203 causa
1203 2150 1276 2204 non
1305 2130 1416 2205 debes
1442 2130 1512 2202 mi-

340 2249 416 2325 rari
440 2249 469 2322 si
495 2255 629 2325 ventus
653 2249 731 2323 sive
756 2254 879 2323 motus
911 2249 1008 2323 aeris
1037 2255 1093 2323 est
1122 2268 1233 2322 eausa
1263 2248 1510 2345 generationis

339 2369 528 2443 arborum.
556 2368 600 2442 Et
624 2366 807 2443 concludit
832 2373 1013 2462 quantum
1038 2367 1085 2441 ad
1111 2369 1180 2443 boc
1201 2367 1291 2442 dans
1308 2389 1426 2443 unum
1445 2389 1511 2443 no·

339 2488 461 2583 labile,
487 2487 630 2563 dicens:
656 2508 676 2561 c
698 2508 805 2580 saper
829 2490 886 2561 det
910 2489 969 2561 cle
994 2490 1031 2560 ln
1055 2507 1256 2580 campoque
1272 2494 1388 2580 sunm,
1406 2488 1510 2584 idest,

341 2611 409 2684 ista
433 2616 534 2685 terra
559 2608 666 2705 plana
691 2610 808 2683 multo
826 2607 978 2683 fertilior
994 2629 1108 2702 quam
1126 2609 1323 2705 Campania
1345 2630 1511 2703 romana,

340 2751 405 2803 noc
430 2736 464 2803 tu
487 2726 563 2805 see*
581 2733 693 2835 picato¹
710 2732 843 2821 depol
857 2750 1033 2820 semma,
1051 2729 1138 2822 quia
1155 2729 1289 2805 scilicet
1307 2730 1343 2803 in
1364 2748 1409 2804 ea
1426 2734 1512 2802 sunt

341 2849 701 2947 germinaomnium
727 2849 917 2943 arborum,
940 2848 1042 2941 idest,
1061 2849 1240 2923 virtutum
1267 2856 1305 2924 et
1329 2849 1512 2924 virtuosa-

343 2991 428 3043 rum
453 2969 720 3065 operationum,
747 2978 780 3043 et
801 2971 849 3041 ltu
867 2973 981 3062 ¹[rutto
1005 2972 1043 3041 in
1061 2990 1099 3041 sc
1119 2972 1179 3041 etc
1203 2988 1275 3041 aton
1300 2972 1331 3041 si
1354 2971 1511 3042 solicola

342 3091 380 3164 di
403 3080 454 3182 ld,
480 3089 581 3184 idest,
607 3090 671 3183 qui
697 3110 771 3163 non
795 3087 958 3183 carpitur
984 3095 1020 3163 et
1045 3088 1226 3185 colligitur
1255 3080 1343 3180 in(¹)
1372 3089 1512 3162 mundo

343 3216 467 3284 vestro
491 3208 587 3283 inter
608 3215 660 3283 tot
679 3208 917 3283 turbationes.
940 3207 1093 3283 Felicior
1110 3208 1207 3283 enim
1226 3214 1281 3283 est
1299 3208 1440 3283 tructus
1458 3208 1512 3283 la-

342 3328 504 3403 borantis
529 3329 599 3403 sub
625 3329 771 3424 virtute,
797 3350 911 3423 quam
938 3329 1136 3403 laborantis
1161 3330 1230 3402 sub
1255 3328 1412 3403 fortuna.

416 3452 588 3541 L'ocpuo.
605 3450 676 3523 lsta
701 3456 757 3524 est
781 3455 915 3543 quarta
940 3456 978 3524 et
1002 3449 1132 3524 ultima
1148 3440 1184 3542 (²)
1204 3448 1383 3544 particula
1400 3470 1514 3547 gene-

345 3568 440 3663 ralis,
458 3568 495 3641 in
515 3587 590 3661 qua
613 3568 808 3663 eomitissa,
825 3578 970 3643 ostenso
991 3568 1090 3643 unde
1106 3568 1225 3643 oritur
1242 3575 1373 3644 ventus
1391 3569 1427 3643 in
1448 3590 1513 3664 pa-

344 3688 464 3763 radiso
483 3688 710 3783 deliciarum,
728 3709 827 3763 nunc
843 3696 1113 3783 consequenter
1129 3689 1324 3784 respondet
1340 3690 1386 3765 de
1403 3711 1513 3785 aqua,

343 3808 538 3883 ostendens
562 3808 660 3903 quod
685 3808 753 3883 ista
778 3828 874 3902 aqua
901 3808 1123 3883 transcendit
1148 3815 1318 3883 naturam
1345 3811 1511 3885 omnium

343 3950 528 4024 aquarum
566 3928 851 4023 mundanarum,
886 3929 1000 4002 immo
1032 3935 1088 4003 est
1123 3929 1357 4004 immutabilis
1390 3937 1427 4004 et
1456 3930 1513 4003 in·

344 4048 537 4123 variabilis.
563 4048 665 4123 Unde
689 4048 796 4123 dicit:
823 4050 984 4139 L'ocpuu
1016 4050 1076 4121 obe
1100 4052 1190 4139 cedi,
1216 4054 1448 4152 temporam
1476 4060 1513 4124 et

344 4168 502 4244 lucidam
528 4169 737 4243 subuculis
762 4168 856 4263 tuis3
883 4168 1087 4243 eratenim
1114 4176 1221 4261 poeta
1247 4177 1335 4243 tunc
1365 4170 1402 4243 in
1435 4171 1512 4267 ripa

344 4289 503 4364 fluminis
527 4289 673 4385 lethaei,
698 4310 771 4363 nnn
794 4311 901 4380 corpe
924 4291 962 4363 di
987 4290 1217 4382 vcna,··sicut
1243 4297 1374 4366 vestrae
1405 4312 1513 4385 aquae

344 4409 535 4487 interiores
559 4430 624 4504 per
649 4411 910 4485 subterraneos
936 4416 1080 4484 meatus
1106 4430 1127 4485 a
1155 4410 1259 4485 mari.
1287 4410 1388 4486 Sicut
1413 4411 1510 4487 enim

344 4533 381 4605 iu
406 4531 621 4626 corporibus
651 4531 784 4605 nostris
815 4530 964 4627 sanguis
996 4530 1196 4605 effunditur
1229 4554 1251 4607 a
1284 4552 1388 4628 vena,
1416 4532 1466 4607 ita
1490 4554 1513 4607 a

345 4652 446 4727 venis
470 4658 581 4726 terre
606 4651 707 4725 rivus
732 4658 770 4725 et
793 4651 933 4725 llumen
958 4650 1172 4747 effunditur,
1189 4656 1261 4743 cte,
1280 4652 1381 4747 idest,
1399 4674 1510 4747 quam

345 4792 489 4864 venam,
506 4773 629 4845 melori
644 4792 770 4863 uapor,
787 4770 890 4865 idest,
909 4770 1077 4845 restituat
1094 4772 1222 4867 nuch,
1235 4774 1295 4845 cle
1306 4776 1332 4846 'l
1345 4776 1416 4863 piel
1429 4794 1513 4846 cou-

406 4959 434 5020 <¹l
450 4958 481 5007 E.
498 4957 525 5006 ln
541 4958 639 5009 mundo
654 4964 742 5010 restro
756 4960 826 5010 inter
841 4963 880 5010 lot
896 4957 1085 5019 trlbolallonea,
1102 4960 1177 5010 aliter
1193 4960 1360 5011 turbationes.

407 5034 481 5096 (¹)ss
497 5034 589 5085 ultima
606 5048 665 5099 pm
679 5036 809 5100 generalis
823 5036 901 5086 bolus
916 5034 1032 5098 capituli,
1048 5036 1074 5084 in
1091 5050 1151 5099 qua.

476 5141 514 5185 IV.
1357 5144 1383 5187 12
