4342 6692
661 878 800 933 causus
825 880 1017 935 vrcasmus
1041 880 1212 935 ocutvus.
1446 868 1517 935 tlt

346 1023 502 1117 sinistra,
535 1026 569 1109 si
599 1025 739 1097 raama
762 1027 853 1114 Lete,
881 1043 1016 1120 graecu,
1045 1030 1083 1098 et
1112 1023 1223 1099 latine
1258 1024 1520 1118 interpretatur

347 1144 501 1237 oblivio;
525 1136 598 1217 cosi
624 1147 710 1218 dall'
723 1147 817 1219 albo
840 1148 927 1235 lato,
951 1144 1099 1236 scilicet,
1130 1144 1294 1239 dextero,
1319 1147 1351 1217 ri
1381 1146 1520 1217 ellim

348 1261 488 1357 mmcd·
508 1263 559 1339 sic
583 1263 721 1339 dictum
738 1266 786 1338 ab
802 1271 867 1359 Ea,
884 1264 985 1359 quod
1000 1272 1057 1339 est
1074 1264 1227 1358 bonurn,
1245 1272 1283 1339 et
1300 1286 1403 1357 noys,
1422 1262 1519 1357 quod

347 1391 405 1461 cst
429 1406 553 1478 mens,
579 1384 684 1479 quasi
718 1385 814 1459 bona
847 1406 963 1479 meus,
989 1385 1092 1479 idest,
1120 1384 1299 1461 memoria
1324 1386 1520 1479 bonorum,

349 1524 436 1599 quae
472 1504 568 1579 bene
599 1504 768 1597 sequitur
792 1504 840 1579 ad
865 1504 1085 1579 oblivionem
1115 1505 1310 1579 malorum.
1337 1506 1381 1577 lit
1406 1504 1522 1601 tangit

351 1624 607 1699 correlativam
642 1623 817 1699 virtutem
854 1624 1052 1699 amborum
1086 1624 1297 1719 fluviorum,
1331 1623 1523 1699 dimasto

351 1766 424 1817 sorr
448 1747 603 1837 odoprc,
620 1744 722 1838 idest,
746 1765 820 1817 uon
846 1752 994 1838 praestat
1017 1746 1175 1821 salutem
1203 1745 1352 1838 bomini,
1378 1767 1416 1817 sc
1436 1747 1523 1837 prio

352 1885 426 1938 noa
450 1862 472 1938 e*
492 1870 642 1955 motato,
668 1862 765 1938 istud
793 1864 944 1958 flumen,
969 1868 1085 1959 amari
1109 1887 1128 1938 c
1156 1868 1287 1957 mindi,
1330 1864 1522 1961 primodo

352 1986 511 2078 Letbaeo,
531 1984 692 2059 secundo
720 1983 768 2059 de
796 1986 935 2079 liuuoe,
952 1986 1040 2080 quia
1071 2007 1144 2060 non
1174 1986 1307 2061 sufficit
1338 1987 1522 2061 abstinero

352 2126 373 2179 a
402 2105 510 2198 malo,
536 2103 603 2178 nisi
629 2104 692 2179 fiat
716 2104 815 2198 quod
841 2105 980 2179 bonum
997 2112 1065 2179 est.
1084 2105 1169 2179 ldeo
1195 2106 1289 2180 bene
1313 2106 1399 2180 dicit
1414 2114 1523 2201 poeta

352 2225 452 2317 quod
476 2224 649 2299 oriuntur
667 2223 862 2299 abeodem
882 2224 981 2299 sonte
995 2224 1127 2298 divinae
1144 2225 1284 2320 gratim,
1303 2224 1366 2317 qui
1385 2225 1459 2301 exit
1476 2224 1522 2301 de

352 2350 455 2439 petra
482 2344 577 2437 viva,
594 2364 678 2443 quaej
704 2351 759 2419 est
782 2344 959 2437 Christus,
980 2344 1018 2418 in
1042 2366 1205 2439 quorum
1233 2351 1391 2439 utruque
1417 2352 1523 2440 poeta

352 2463 546 2557 lavabitur,
571 2464 679 2538 etde
706 2463 900 2559 utriusque
923 2484 1022 2558 aqua
1046 2464 1218 2560 gustabit,
1246 2472 1286 2540 ut
1312 2466 1457 2559 patebit.
1478 2468 1525 2541 Et

353 2585 536 2660 concludit
561 2584 760 2659 bonitatem
783 2584 893 2659 buius
910 2605 1019 2679 aqum
1044 2606 1129 2680 quae
1156 2606 1228 2660 non
1253 2586 1363 2661 babet
1384 2604 1526 2680 parem,

354 2705 496 2781 dicens:
525 2711 611 2795 erto,
639 2704 742 2797 idest,
775 2704 844 2779 iste
872 2725 981 2799 sapor
1007 2726 1130 2800 aquae,
1156 2702 1177 2779 c*
1204 2708 1241 2781 di
1268 2726 1379 2798 sopra
1403 2727 1428 2777 a
1452 2708 1527 2779 tutti

355 2829 439 2899 oltra·
461 2828 598 2918 aaron,
623 2824 726 2919 idest,
752 2824 1007 2920 superexcedit
1027 2845 1157 2901 omnes
1177 2846 1336 2919 saporeS,
1355 2826 1442 2919 quia
1459 2826 1526 2899 ba·

357 2947 419 3022 bet
442 2946 480 3019 iu
505 2966 546 3019 se
571 2966 700 3021 omnes
724 2966 884 3040 sapores,
911 2946 974 3019 ubi
998 2966 1097 3039 aqua
1124 2952 1247 3019 nostra
1277 2945 1409 3019 dicitur
1441 2966 1527 3041 per-

357 3066 451 3140 lecta
468 3065 553 3159 quia
569 3058 607 3156 (¹)
626 3066 768 3139 nullum
790 3065 901 3140 babet
917 3086 1158 3159 saporem-
1171 3070 1216 3138 Et
1231 3086 1401 3155 ovoepno.
1421 3066 1526 3139 Nunc

357 3185 486 3259 ultimo
512 3186 580 3259 ista
604 3185 678 3280 alta
702 3184 851 3259 domina
875 3184 976 3259 addit
1002 3206 1114 3260 uuam
1141 3185 1366 3280 potissimam
1382 3176 1418 3277 ς’)
1438 3205 1527 3259 cou-

355 3305 557 3380 clusionem
573 3305 620 3381 ad
631 3304 894 3380 ostendendam
908 3305 1117 3381 felicitatem
1134 3308 1242 3381 buius
1256 3306 1336 3382 loci.
1350 3308 1394 3381 Et
1407 3307 1528 3401 primo

358 3431 398 3499 ut
423 3426 551 3501 reddat
575 3446 662 3501 eum
689 3432 871 3501 attentum
897 3426 1075 3520 promittit
1093 3448 1199 3513 suam
1224 3434 1369 3523 gratam
1396 3428 1529 3503 libera-

356 3544 506 3619 litatem.
533 3545 626 3620 llicit
642 3540 753 3641 ergo:
772 3551 817 3619 Et
834 3564 996 3637 compita
1012 3549 1063 3620 cb'
1075 3550 1174 3621 assai
1184 3568 1296 3640 possa
1312 3569 1407 3622 esser
1426 3551 1528 3621 sazia

357 3668 395 3739 la
413 3674 482 3741 sete
499 3674 572 3758 ota,
588 3665 692 3757 idest,
709 3666 862 3741 aviditas
878 3667 1014 3743 sciendi
1034 3667 1081 3743 de
1095 3688 1191 3743 aura
1209 3676 1246 3745 et
1262 3690 1360 3762 aqua
1378 3669 1479 3743 istius
1491 3658 1527 3761 (³)

359 3786 504 3879 montis,
519 3788 690 3878 ‚percl'io
711 3780 774 3877 pot
798 3806 871 3859 noa
895 3790 921 3860 t·
944 3808 1111 3879 smmpro,
1127 3788 1348 3864 declarando
1365 3794 1402 3864 et
1426 3788 1530 3863 dete-

358 3908 479 4004 gendo
503 3907 609 3981 istam
636 3905 843 3999 materiam,
869 3927 954 4000 qum
978 3907 1173 3983 ridebatur
1189 3896 1225 4001 (⁸)
1260 3909 1322 3983 tibi
1356 3909 1442 3983 satis
1467 3928 1531 3983 oc-

359 4029 470 4121 culta,
484 4030 617 4101 darotti
632 4048 680 4099 ao
695 4029 887 4099 corollario
894 4053 909 4118 ,·
926 4027 1160 4102 corollarium
1180 4029 1383 4123 appellatur
1402 4028 1530 4103 ultima

360 4146 655 4241 conclusioque
671 4146 781 4221 datur
798 4152 878 4241 post
893 4146 983 4221 alias
999 4148 1105 4241 quasi
1123 4148 1307 4223 conclusio
1327 4147 1531 4223 conclusio-

360 4288 463 4361 num,
480 4267 532 4341 sic
549 4266 687 4342 dictum
704 4288 728 4342 a
744 4269 894 4360 corolla,
912 4266 1015 4359 idest,
1033 4288 1148 4361 parva
1169 4288 1316 4363 corona,
1335 4269 1440 4364 quasi
1466 4290 1531 4344 co-

360 4388 563 4481 ronarium,
588 4386 675 4481 quia
690 4378 728 4480 (ὖ)
753 4388 864 4462 datur
888 4387 1155 4481 disputantibus
1172 4388 1208 4462 in
1232 4389 1445 4484 premium,
1463 4411 1532 4463 aa·

358 4528 423 4581 cor
436 4529 508 4600 per
525 4512 671 4602 mazio,
698 4508 786 4602 quia
806 4509 876 4582 boc
902 4513 942 4580 tu
970 4528 1043 4582 uon
1068 4507 1289 4602 somniabas,
1316 4517 1449 4605 elego
1466 4509 1529 4585 tibi

360 4648 434 4703 non
451 4628 705 4724 promiseram.
731 4630 776 4703 lit
799 4634 953 4704 excusat
969 4648 1011 4703 se
1027 4628 1078 4703 de
1098 4628 1166 4703 ista
1190 4628 1425 4725 digressione,
1444 4632 1529 4726 quia

361 4748 431 4823 hoc
455 4748 540 4824 iacit
564 4756 715 4844 propter
739 4747 1042 4843 complacentiam
1060 4768 1181 4842 suam,
1198 4748 1339 4823 dicens:
1365 4744 1531 4825 ederedo

423 4932 453 4994 (¹)
469 4935 515 4982 117
530 4946 546 4983 e
562 4932 593 4983 B.
609 4946 667 4996 qun
683 4931 786 4983 nudum
802 4931 886 4983 babel.
973 4932 1001 4994 (¹)
1017 4932 1048 4983 lt
1065 4934 1276 4997 potentissimam.

426 5008 453 5071 (¹)
469 5009 501 5059 Ε.
518 5009 596 5059 bulas
611 5008 715 5060 montis.
974 5008 1002 5075 (⁶)
1018 5014 1072 5071 11⁷,
1090 5010 1200 5063 ridetur.
1303 5010 1330 5073 (Ἰ
1346 5011 1378 5061 It.
1394 5012 1472 5075 quod.
