4342 6692
751 901 892 957 cuncus
916 902 1061 956 numus.
1352 942 1355 948 .
1420 887 1490 982 303

319 1046 439 1140 tertio,
457 1046 545 1140 quia
570 1065 763 1139 nunquam
785 1045 1012 1140 fulminatur,
1040 1045 1087 1120 ita
1115 1044 1215 1118 nulla
1233 1044 1298 1136 vis,
1319 1050 1490 1140 potestas,

320 1166 378 1241 vel
396 1172 560 1242 vetustas
577 1170 696 1261 potest
711 1165 837 1241 delere
853 1165 989 1240 lamam
1010 1165 1176 1239 istorum.
1192 1164 1234 1236 Et
1252 1169 1349 1257 nota,
1364 1164 1492 1257 lector,

321 1286 420 1380 quod
451 1286 570 1360 solum
605 1286 681 1359 duo
715 1305 854 1382 genera
888 1285 1081 1359 hominum
1114 1303 1289 1357 coronam
1325 1284 1489 1358 lauream

320 1406 640 1500 promerebantur,
666 1405 813 1499 scilicet,
839 1405 1019 1501 principes
1037 1403 1303 1498 triumphantes
1321 1409 1358 1477 et
1375 1411 1492 1498 poetae

321 1526 537 1602 scribentes:
564 1547 611 1602 ex
643 1546 719 1622 quo
748 1526 923 1622 colligere
953 1533 1057 1622 potes
1090 1524 1187 1620 quod
1220 1524 1320 1599 nulla
1354 1524 1490 1600 artium

321 1646 389 1722 luit
415 1669 577 1742 unquam
610 1653 753 1722 tantum
787 1649 966 1722 honorata
998 1652 1039 1719 ut
1067 1646 1197 1741 poesis.
1230 1645 1322 1720 Nam
1353 1645 1492 1740 antiqui

321 1766 573 1863 sapientissimi
599 1767 719 1862 primo
744 1766 867 1864 greci,
888 1767 1019 1842 deinde
1036 1765 1179 1840 romani
1196 1767 1357 1840 cultores
1375 1766 1493 1840 virtu-

284 1924 286 1928 Α
322 1894 415 1983 tum,
441 1887 691 1981 scientiarum,
716 1888 854 1983 legum,
880 1906 1029 1961 morum
1060 1891 1099 1961 et
1128 1885 1295 1960 omniurn
1329 1885 1494 1962 laudabi-

323 2008 413 2084 lium
439 2007 623 2082 bonorum
650 2006 850 2081 voluerunt
875 2013 918 2080 ut
942 2012 1060 2102 poetae
1085 2006 1165 2100 pari
1195 2006 1348 2100 praemio
1376 2007 1493 2082 hono-

324 2135 496 2203 rarentur
533 2148 621 2202 cum
655 2127 876 2222 principibus
900 2127 1111 2204 victoribus.
1151 2127 1231 2200 Non
1270 2146 1360 2222 ergo
1398 2126 1494 2201 dicat

321 2248 472 2342 aliquis:
492 2254 531 2323 et
548 2247 646 2323 unde
658 2255 714 2323 ert
730 2248 829 2342 quod
844 2252 922 2322 haec
934 2247 1084 2322 scientia
1103 2253 1158 2321 est
1177 2247 1285 2322 bodie
1302 2247 1352 2321 ita
1369 2249 1496 2344 negle-

322 2373 390 2461 cta,
404 2368 471 2442 nisi
492 2369 579 2463 qula
592 2369 668 2443 risa
689 2375 745 2443 est
763 2369 909 2463 inutilis,
923 2369 1144 2444 inhonesta?
1168 2369 1277 2444 Certe
1290 2369 1492 2444 hncsnlum

325 2487 410 2564 lecit
434 2489 589 2564 avaritia
613 2495 651 2564 et
675 2489 820 2587 ignavia
847 2490 1122 2583 modernorum,
1142 2489 1228 2584 quia
1249 2510 1348 2564 nunc
1373 2491 1494 2566 solum

325 2615 477 2682 vacatur
501 2609 697 2685 commodo
723 2609 915 2703 lucrativo,
933 2609 1032 2684 unde
1049 2610 1149 2706 viget
1170 2609 1362 2684 decretalis
1378 2612 1495 2686 hono·

289 2738 292 2744 “
327 2735 430 2803 ratur
455 2735 494 2805 et
516 2731 737 2805 sublimatur
758 2751 824 2825 per
841 2729 1059 2825 sacerdotes,
1075 2731 1123 2804 de
1140 2750 1217 2824 quo
1233 2736 1341 2824 poeta
1361 2731 1496 2806 nantes

325 2851 567 2944 conqueritur
584 2850 642 2926 hic
662 2856 700 2925 et
723 2851 820 2926 alibi.
838 2850 996 2926 Ulterius
1013 2850 1099 2925 volo
1117 2855 1154 2926 te
1170 2850 1264 2925 scire
1282 2851 1379 2945 quod
1401 2851 1497 2926 sicut

328 2970 456 3044 laurus
476 2971 588 3045 arbor
605 2969 732 3045 Phoebi
757 2970 914 3046 dabatur
934 2969 1051 3064 poetis
1075 2969 1112 3042 in
1139 2969 1333 3065 premium
1356 2971 1496 3048 studio·

327 3110 425 3183 rum,
450 3089 501 3164 ita
526 3089 663 3166 hedera
679 3090 792 3164 arbor
812 3089 944 3165 Bacchi
960 3089 1158 3184 aliquando
1177 3090 1336 3166 dabatur
1357 3091 1494 3167 eisdem

232 3227 237 3235 ·
326 3209 452 3305 poetis,
474 3231 563 3304 ‚quae
589 3217 644 3286 est
673 3210 787 3286 calida
813 3211 919 3286 valde
944 3215 981 3286 et
1011 3209 1221 3286 firmissime
1246 3210 1408 3286 udhaeret
1432 3233 1496 3287 ar·

326 3329 478 3404 boribus
502 3337 540 3404 et
565 3329 682 3404 muris
699 3350 793 3423 quos
811 3335 931 3404 rectos
943 3325 982 3421 (¹)
1000 3335 1111 3405 tenet.
1130 3331 1192 3403 llst
1210 3336 1335 3405 autem
1363 3331 1500 3408 hedera

328 3469 373 3524 er
403 3471 476 3524 una
501 3456 606 3545 parte
623 3449 764 3545 pallida,
783 3449 882 3544 quod
904 3448 1080 3546 significat
1106 3449 1281 3543 pallorem
1302 3457 1497 3546 poetarum

328 3591 375 3648 ex
393 3570 506 3645 nimio
524 3571 656 3666 studio,
674 3591 720 3646 ex
738 3571 854 3645 altera
871 3569 1006 3665 viridis,
1025 3569 1124 3664 quod
1141 3569 1319 3667 significat
1337 3571 1500 3646 viridita-

328 3696 402 3765 tem
429 3689 547 3764 lhmae.
575 3689 677 3764 Unde
702 3690 901 3764 Martianus
931 3687 1076 3784 Capella
1102 3689 1139 3763 in
1164 3690 1258 3764 libro
1290 3691 1336 3766 de
1367 3691 1501 3786 nuptiis

329 3809 498 3885 Mercurii
528 3809 632 3904 dicit,
668 3809 768 3905 quod
804 3809 1005 3902 Homerus,
1037 3808 1228 3906 Virgilius,
1267 3809 1398 3905 Linus,
1431 3812 1496 3886 (lr-

329 3933 455 4026 pheus,
474 3938 511 4006 et
528 3932 686 4004 Musaeus
707 3936 813 4005 erant
838 3930 957 4004 ornati
975 3929 1132 4004 hedera:
1158 3929 1315 4006 dabatur
1331 3937 1375 4018 et¹
1389 3931 1497 4006 tertio
1616 4004 1625 4026 x

216 4127 221 4135 ,
329 4052 397 4126 alia
416 4071 553 4126 corona
571 4050 697 4145 poetis,
716 4049 863 4143 scilicet,
880 4069 927 4124 ex
947 4050 1105 4145 myrtho,
1124 4069 1208 4144 quae
1228 4055 1284 4124 est
1300 4051 1412 4126 arbor
1430 4049 1500 4126 Ve-
1643 4051 1645 4056 ’

330 4171 428 4246 neris
447 4171 494 4245 ad
514 4171 772 4245 insinuandum
795 4171 956 4246 calorem
975 4169 1110 4266 ingenii
1128 4175 1321 4264 poetarum
1340 4176 1377 4245 et
1394 4192 1499 4247 amo-

331 4311 409 4366 rem
436 4291 499 4384 qui
523 4311 670 4385 semper
684 4281 721 4383 (¹)
741 4290 858 4364 servet
883 4289 920 4363 in
945 4289 1153 4384 pectoribus
1180 4309 1328 4383 eorum;
1347 4292 1405 4366 rel
1423 4293 1500 4368 cla·

333 4410 476 4484 ritatem
501 4417 710 4506 poetarum,
735 4411 823 4505 quia
848 4411 970 4486 Venus
996 4416 1051 4485 est
1076 4409 1275 4485 clarissima
1301 4413 1416 4508 stella,
1444 4415 1503 4490 rel

332 4529 419 4623 quia
444 4538 550 4624 poeta
576 4530 698 4605 divino
725 4530 885 4624 quodam
912 4530 1042 4625 spiritu
1073 4529 1336 4626 inflammatur,
1370 4540 1411 4610 ut
1446 4541 1504 4612 tc-

330 4656 449 4724 statur
465 4650 615 4724 Tullius.
634 4650 686 4725 dd
704 4651 847 4725 literam
870 4671 978 4748 ergo:
999 4651 1134 4726 Dantes
1152 4654 1202 4727 ex'
1219 4673 1354 4749 magna
1371 4654 1504 4732 fiducia

333 4769 389 4842 sui
420 4769 555 4867 ingenii
586 4776 775 4864 tamquam
806 4777 913 4864 poeta
949 4792 1107 4867 magnus
1138 4773 1316 4866 promittit
1351 4774 1504 4869 Apollini

394 4955 421 5014 (¹)
438 4955 468 5004 Ε.
485 4960 571 5005 rectos
586 4955 684 5005 dicunt
701 4955 740 5005 Ex
755 4955 807 5005 hoc
822 4960 918 5006 autem.

393 5033 420 5096 (¹)
436 5033 462 5082 S.
478 5047 494 5084 c
510 5034 541 5084 ll.
557 5046 660 5096 semper
675 5032 780 5084 ferbuit.
790 5038 854 5093 -t,
872 5033 975 5084 torruit.
