4342 6692
689 866 758 933 106
1043 876 1250 933 commun
1272 878 1493 933 curcumitu

683 1024 930 1119 cupiscibilem
957 1022 994 1098 in
1020 1030 1138 1120 epate,
1163 1022 1380 1100 irascibilem
1411 1024 1450 1097 in
1480 1024 1573 1120 lelle,
1599 1027 1853 1122 generativam

682 1143 719 1218 in
746 1144 940 1221 testiculist
966 1142 1029 1219 sed
1055 1144 1261 1219 secundum
1286 1144 1534 1241 augustinum
1562 1166 1636 1221 una
1662 1153 1701 1221 et
1725 1146 1857 1223 eadem

683 1264 805 1339 anima
831 1263 1015 1339 rationalis
1039 1270 1096 1338 est
1120 1284 1204 1357 quae
1228 1260 1328 1357 vivit,
1353 1264 1473 1358 sentit,
1490 1272 1528 1340 et
1552 1265 1739 1362 intelligit3
1759 1266 1858 1343 rande

683 1383 784 1459 dicit:
809 1388 870 1458 cte
894 1388 982 1475 uiue,
1008 1389 1189 1479 quantum
1214 1384 1262 1458 ad
1287 1384 1544 1481 vegetativam.
1570 1386 1702 1462 Anima
1722 1382 1856 1461 (licitur

684 1504 810 1581 uvore
834 1503 1029 1579 causaliter
1049 1504 1136 1598 quia
1152 1512 1208 1579 est
1226 1524 1339 1579 causa
1357 1504 1454 1599 vitae,
1470 1513 1509 1582 et
1524 1504 1650 1581 vivens
1666 1507 1705 1581 in
1720 1526 1762 1581 se
1777 1507 1856 1601 ipsa

684 1624 778 1699 sicut
796 1626 859 1699 lux
877 1624 1010 1699 dicitur
1026 1622 1207 1699 luminosa
1220 1630 1258 1699 el
1270 1644 1383 1699 causa
1400 1624 1565 1719 luminis;
1577 1647 1597 1698 c
1611 1633 1717 1717 smtc,
1731 1625 1854 1720 quoad

685 1741 1084 1839 sensitivamestinse*
1094 1747 1415 1838 naquaquantum
1428 1745 1476 1821 ad
1488 1743 1757 1841 intellectivam,
1767 1746 1854 1842 quia

684 1864 887 1941 intellectus
908 1864 1073 1961 intelligit
1098 1865 1180 1957 *se,
1207 1864 1300 1939 sicut
1325 1863 1491 1963 intelligit
1503 1867 1523 1910 *
1535 1860 1572 1959 (¹)
1591 1867 1680 1961 alia;
1697 1866 1796 1941 unde
1816 1866 1856 1941 in

684 1980 763 2061 eius
789 1984 1000 2081 operatione
1019 1984 1095 2079 ipse
1115 1991 1170 2059 est
1187 1984 1405 2079 principium
1431 1993 1469 2060 et
1495 1984 1587 2079 linis,
1604 1987 1663 2061 rel
1684 1988 1754 2061 lnoc
1770 1985 1855 2060 dicit

683 2100 769 2199 quia
794 2112 917 2179 motus
948 2086 1098 2179 rationis
1122 2104 1287 2199 procedit
1310 2126 1334 2179 a
1358 2111 1528 2180 creatore
1553 2106 1590 2179 in
1616 2112 1851 2198 creaturam

682 2224 812 2301 deinde
830 2245 851 2299 a
870 2232 1040 2299 creatura
1059 2225 1096 2297 in
1108 2232 1316 2299 creatorem
1333 2224 1572 2300 circulariter.
1587 2225 1631 2298 lit
1649 2225 1855 2299 manifestat

685 2346 857 2420 virtutem
875 2344 977 2419 istius
993 2344 1127 2419 animae
1143 2364 1210 2440 per
1232 2364 1346 2418 unam
1365 2344 1523 2419 nobilem
1541 2343 1854 2439 comparationem

683 2473 720 2541 et
736 2467 886 2560 claram,
903 2465 1046 2541 dicens:
1072 2484 1093 2537 c
1114 2468 1258 2557 quarela
1273 2467 1301 2538 u
1315 2467 1416 2537 calor
1432 2467 1490 2538 del
1503 2466 1561 2537 sol
1573 2467 1634 2537 cte
1649 2467 1735 2559 sisa
1756 2468 1854 2556 nno,

682 2589 802 2677 qualo
826 2588 885 2659 all'
897 2605 1001 2658 umor
1026 2587 1085 2659 cle
1109 2588 1208 2659 dallo
1232 2588 1299 2659 uite
1322 2588 1414 2675 cola,
1439 2585 1542 2680 idest,
1568 2585 1716 2680 quitali
1742 2585 1854 2660 modo

684 2705 768 2780 lacit
793 2704 919 2779 vinnm
947 2712 1022 2779 tam
1050 2704 1266 2779 mirabiliter
1294 2712 1333 2779 et
1357 2710 1543 2800 potenter3
1570 2725 1657 2779 nam
1683 2727 1730 2781 ex
1756 2706 1855 2781 vilis-
1988 2710 1990 2712 ’

683 2826 776 2899 simo
801 2826 959 2900 humore
984 2824 1068 2900 lacit
1093 2825 1358 2899 nobilissimum
1388 2826 1581 2920 liquorem.
1615 2828 1661 2900 Et
1689 2827 1741 2902 sic
1769 2826 1856 2903 vide

682 2950 861 3039 quantum
901 2946 1126 3041 comparatio
1155 2946 1202 3019 sit
1228 2944 1453 3041 pulcerrima
1484 2951 1522 3021 ct
1553 2946 1722 3040 propria:
1758 2947 1853 3022 sicut

682 3066 779 3139 enim
812 3068 866 3140 sol
896 3068 1019 3141 calore
1051 3086 1120 3139 suo
1153 3064 1237 3139 lacit
1272 3065 1412 3158 riuum,
1443 3064 1551 3139 cuius
1581 3064 1734 3140 ellectus
1767 3073 1853 3140 sunl

682 3185 806 3281 optimi
833 3192 870 3260 et
894 3185 1052 3281 pessimi,
1079 3186 1178 3259 unde
1211 3192 1345 3260 natura
1370 3184 1444 3258 vini
1469 3205 1492 3259 a
1518 3184 1735 3277 quibusdam
1761 3186 1853 3260 assi·

683 3304 804 3379 milata
823 3312 878 3379 est
896 3304 1064 3400 potentiae
1080 3305 1266 3398 Deorum3
1286 3304 1338 3377 ita
1353 3304 1408 3379 sol
1426 3308 1588 3378 aeternus
1605 3302 1766 3379 bonimte
1783 3322 1851 3381 sua

683 3427 767 3501 lacit
792 3426 954 3501 animam
982 3427 1212 3519 rationalem,
1228 3426 1335 3499 cuius
1353 3424 1584 3520 operationes
1599 3430 1686 3499 sunt
1705 3424 1852 3520 optimae

681 3552 719 3621 ct
743 3548 919 3642 pessimae.
946 3542 1049 3622 Unde
1073 3553 1207 3631 natura
1232 3545 1368 3620 animae
1392 3548 1448 3621 est
1472 3546 1578 3639 quasi
1601 3545 1734 3641 divina,
1764 3545 1851 3640 quia

681 3674 737 3741 est
762 3666 866 3761 quasi
894 3666 1081 3742 resultatio
1106 3666 1198 3741 lucis
1221 3672 1383 3772 sternte,
1408 3665 1484 3740 imo
1517 3674 1574 3741 est
1597 3666 1702 3760 quasi
1727 3665 1851 3741 omnia

681 3794 723 3861 ut
748 3781 866 3881 inquit
890 3784 1119 3861 Themistius.
1152 3787 1196 3860 lit
1226 3781 1330 3860 dicit:
1357 3784 1487 3879 perotus*
1515 3807 1616 3860 meno
1647 3789 1790 3859 amantii
1814 3789 1851 3860 ln

678 3909 832 4001 perolu3
849 3906 935 4000 quia
954 3926 1043 3981 vere
1059 3924 1184 3981 sermo
1201 3914 1257 3981 est
1271 3907 1320 3981 de
1343 3926 1385 3981 re
1404 3905 1573 3981 mirabili.
1586 3912 1678 3979 -Ε
1695 3909 1848 3998 quando.

680 4028 745 4103 Hic
777 4027 926 4101 Statius¹
945 4027 1060 4123 posita
1094 4026 1333 4121 productione
1367 4025 1501 4099 anima
1532 4025 1716 4100 rationalis
1750 4025 1851 4119 ponit

680 4146 776 4223 illius
801 4150 1067 4243 separationem
1093 4168 1116 4221 a
1141 4166 1297 4242 corpore
1321 4146 1463 4241 poetice
1486 4146 1630 4221 ‹licemz
1655 4152 1689 4220 E
1706 4149 1850 4238 quando

681 4271 840 4342 Lacteus
869 4288 941 4341 non
970 4270 1017 4341 ia
1046 4262 1111 4362 plat
1136 4269 1178 4340 di
1204 4269 1290 4358 lino,
1328 4264 1426 4360 quod
1458 4272 1514 4341 est
1545 4265 1684 4360 (licere,
1718 4265 1851 4341 deinde

679 4388 826 4484 quando
852 4386 925 4463 vita
951 4388 1109 4462 hominis
1133 4392 1191 4461 est
1213 4386 1339 4461 linita:
1357 4386 1428 4461 tria
1447 4384 1547 4461 enim
1567 4386 1641 4461 lata
1661 4393 1851 4481 ponuntur

678 4530 700 4583 a
726 4509 852 4605 poetis,
878 4508 924 4583 de
950 4508 1083 4602 quibus
1109 4506 1209 4582 clare
1233 4506 1307 4580 diri
1332 4526 1444 4601 snpra
1469 4505 1628 4601 capitulo
1647 4506 1739 4581 xxi.
1765 4506 1848 4580 Cal-

678 4628 792 4703 cidius
818 4648 908 4702 vero
932 4629 1205 4703 commentator
1222 4646 1337 4721 super
1352 4626 1533 4722 'lymeunr
1551 4626 1721 4720 Platonis,
1746 4626 1849 4700 dicit:

678 4750 793 4822 latum
819 4746 972 4822 dicimus
1006 4767 1050 4822 er
1078 4746 1306 4843 providentia
1329 4747 1419 4841 lore,
1446 4767 1519 4821 non
1544 4746 1770 4843 providentia
1801 4766 1849 4821 ex

740 5012 768 5073 (¹)
783 5010 820 5059 La
835 5008 924 5072 parole
940 5009 981 5059 lra
998 5011 1005 5059 l
1021 5009 1072 5060 duc
1088 5010 1221 5059 asterisclrl
1237 5023 1284 5061 son
1299 5008 1343 5059 tel
1358 5008 1453 5061 Codice
1466 5009 1585 5060 Mun.
