4342 6692
744 926 884 983 murus
906 926 1103 983 amuranus
1435 916 1507 985 343

334 1079 446 1147 natur
470 1092 494 1147 a
517 1072 604 1147 soie
629 1071 715 1148 Ideo
740 1072 835 1147 bene
859 1070 967 1168 fingit
987 1077 1096 1167 poeta
1121 1090 1162 1147 se
1186 1069 1318 1145 vidisse
1336 1091 1416 1145 rem
1435 1072 1507 1146 mi·

336 1191 490 1268 rabilem
527 1192 564 1265 in
601 1191 720 1286 prima
756 1210 875 1286 spera.
914 1192 960 1267 Et
998 1190 1096 1265 addit
1132 1190 1319 1284 quomodo
1359 1190 1507 1269 Beatrix

337 1310 621 1387 manifestaverit
644 1309 714 1385 sibi
739 1311 833 1385 franc
859 1331 941 1387 rem
965 1309 1184 1403 mirabilem,
1210 1309 1348 1385 dicens:
1374 1332 1395 1385 e
1418 1305 1508 1404 pero

336 1435 462 1525 emto,
491 1433 638 1527 scilicet,
670 1430 830 1525 Beatus,
858 1435 916 1505 cati
945 1452 1018 1505 non
1050 1437 1156 1523 poteo
1186 1434 1259 1503 mro
1292 1452 1380 1505 curo
1413 1454 1508 1507 esser·

336 1572 476 1645 maora,
500 1550 599 1647 quia,
625 1552 772 1646 scilicet,
801 1552 1046 1649 cognoscebat
1077 1571 1139 1625 me
1168 1551 1341 1649 ignorare
1371 1558 1408 1627 et
1436 1552 1508 1627 nri·

337 1673 422 1767 rari,
449 1691 534 1766 quae
559 1693 619 1747 res
643 1680 739 1748 esset
764 1673 844 1767 ista,
869 1676 965 1746 ootto
988 1668 1052 1746 ve
1075 1693 1142 1764 mc,
1165 1672 1227 1747 uhi
1247 1672 1366 1767 primo
1391 1673 1507 1768 respi-

336 1790 457 1869 ciebat
481 1793 786 1887 remuneratum,
810 1786 842 1867 si
865 1796 946 1868 tteta
969 1814 1066 1867 come
1091 1794 1194 1885 bella,
1218 1794 1265 1869 de
1289 1793 1347 1867 sui
1373 1801 1505 1869 natum

339 1915 562 2011 pulcerrima
586 1921 680 2008 erat,
696 1920 734 1989 et
752 1915 1009 2011 gratulabatur
1034 1934 1147 2009 super
1164 1914 1334 1989 felicitate
1354 1915 1506 2009 autoris,

336 2035 401 2131 qui
434 2033 626 2130 incipiebat
663 2033 803 2108 intrare
837 2054 993 2130 regnum
1026 2032 1287 2128 desideratum,
1322 2037 1370 2108 nri
1401 2037 1508 2126 duee,

334 2159 464 2231 maa
488 2158 526 2230 to
549 2162 660 2227 mente
682 2162 791 2245 proto
814 2159 852 2227 ia
877 2158 960 2243 Dio,
990 2154 1096 2249 quasi
1120 2154 1236 2229 dicat:
1256 2160 1362 2251 grata
1383 2160 1508 2230 mente

335 2277 540 2373 regratiare
563 2276 641 2349 lieo
665 2274 729 2368 qui
755 2274 840 2349 fecit
870 2274 934 2349 tibi
963 2280 1104 2349 tantam
1134 2274 1305 2371 gratiam,
1330 2276 1390 2347 cte
1412 2278 1448 2347 η’
1461 2278 1509 2349 tn

335 2399 512 2488 mspionti
534 2414 602 2469 con
625 2398 663 2469 to
684 2397 806 2487 primo
828 2396 941 2487 seua,
965 2394 1113 2488 scilicet,
1140 2395 1228 2470 iuna
1243 2388 1509 2487 (¹).-Poreon

338 2538 442 2591 core.
469 2516 535 2592 Hic
558 2522 668 2591 autor
693 2514 864 2593 describit
880 2515 1000 2610 ipsum
1018 2534 1153 2611 corpus
1179 2515 1276 2589 iunae
1302 2516 1506 2591 secundum
1590 2554 1602 2573 ·

334 2635 586 2733 apparentiam
612 2655 679 2731 per
702 2634 1016 2730 comparationem
1042 2635 1340 2731 propriissimum,
1366 2636 1507 2711 dicens:

338 2762 481 2831 Pareae
498 2776 588 2830 ante
600 2756 992 2848 oteaabenecopnssc,
1006 2756 1101 2831 berre
1117 2757 1274 2851 appellat
1293 2757 1418 2829 lunam
1438 2776 1508 2829 nu·-

337 2875 543 2969 itemquae
569 2874 684 2949 habet
703 2875 740 2949 in
765 2896 806 2949 se
830 2874 968 2949 nubem
994 2883 1032 2950 et
1056 2876 1243 2970 umbram,
1269 2878 1397 2968 teddo,
1419 2876 1506 2970 quia

339 2994 467 3090 recipit
491 2996 618 3069 tumen
642 3014 666 3069 n
690 2995 779 3089 sole,
803 3014 936 3087 apsaro,
965 2994 1053 3089 quia
1083 2995 1193 3071 habet
1221 2995 1259 3069 in
1292 3016 1332 3071 se
1364 3001 1506 3091 partem

337 3114 500 3208 densam,
528 3114 714 3189 utstatim
739 3114 893 3208 dicetur,
927 3118 1055 3207 solido,
1084 3115 1183 3190 unde
1208 3114 1298 3190 radii
1323 3116 1407 3191 sotis
1433 3136 1507 3190 non

338 3241 531 3330 penetrant
555 3256 622 3329 per
648 3240 766 3309 totum
783 3254 918 3329 corpus
934 3235 1026 3327 eius,
1049 3238 1207 3330 epotata,
1227 3256 1250 3309 a
1271 3236 1390 3330 simili,
1408 3240 1510 3328 quast

339 3357 528 3429 momente
552 3358 613 3427 cte
628 3358 663 3428 to
679 3358 735 3427 sot
746 3358 881 3449 seriose.
908 3356 952 3427 nt
977 3355 1035 3431 iric
1060 3363 1147 3430 nota
1165 3356 1270 3449 bene,
1289 3356 1387 3450 quod
1405 3376 1509 3431 com-

337 3475 480 3571 paratio
503 3481 559 3550 cst
582 3474 721 3569 optima
745 3474 793 3549 de
816 3475 1012 3579 adamante
1031 3475 1078 3551 ad
1102 3477 1228 3549 lunam
1256 3476 1292 3550 in
1318 3478 1453 3571 colore,
1472 3477 1509 3551 in

338 3594 486 3693 virtute,
511 3594 548 3669 in
574 3595 735 3691 potentia
760 3594 928 3670 mirabili.
955 3596 1018 3669 Est
1041 3595 1140 3670 eninr
1166 3596 1318 3671 adamas
1334 3597 1423 3693 lapis
1440 3598 1510 3671 du-

340 3714 505 3789 rissimus
529 3735 663 3811 parum
683 3715 854 3810 crystalio
874 3715 1078 3809 obscurior,
1095 3715 1230 3791 coloris
1247 3722 1371 3791 tamen
1398 3716 1508 3793 incidi

339 3833 527 3931 fulgentis:
545 3834 609 3928 qui
634 3833 724 3928 lapis
748 3841 916 3929 penetrat
941 3834 1082 3909 ferrum
1101 3841 1139 3909 et
1160 3842 1312 3911 caeteras
1329 3856 1507 3933 gemmas,

340 3962 378 4031 et
402 3961 458 4029 est
483 3953 635 4029 modicae
660 3952 882 4047 quantitatis,
899 3953 949 4028 ita
967 3962 1010 4028 ut
1034 3975 1108 4029 non
1133 3956 1304 4031 videatur
1328 3955 1509 4032 excedere

341 4072 582 4168 quantitatem
600 4073 794 4167 avellanae3
821 4079 858 4147 et
881 4073 980 4166 quod
1006 4074 1173 4150 mirabile
1194 4081 1261 4169 est,
1282 4075 1312 4149 si
1329 4072 1509 4172 superpo·

341 4185 490 4286 nitur(¹)
507 4193 667 4289 magneti
685 4194 771 4289 figat
788 4203 1011 4289 magnetem,
1025 4199 1062 4268 et
1075 4215 1149 4268 non
1167 4195 1343 4290 permittit
1361 4197 1509 4273 trahere

340 4313 640 4390 ferrum-Per
663 4320 775 4387 entro.
792 4312 858 4388 Hic
883 4318 989 4407 poeta
1014 4314 1171 4389 ostendit
1196 4335 1400 4409 perquem
1428 4326 1508 4391 m'o·

339 4434 429 4508 dum
455 4432 604 4509 intrarit
627 4453 762 4527 corpus
787 4434 902 4526 tuna3
928 4439 967 4508 ot
991 4433 1070 4508 vult
1091 4433 1253 4509 breviter
1268 4434 1393 4510 dicere
1408 4435 1508 4529 quod

339 4552 419 4629 sine
446 4553 608 4647 tasone,
633 4552 712 4628 sine
741 4551 928 4647 fractione,
959 4573 1027 4647 per
1055 4573 1169 4627 unam
1195 4554 1508 4649 comparationem

340 4675 489 4768 claram,
515 4694 601 4767 quac
624 4674 672 4748 de
694 4693 736 4748 se
759 4679 870 4767 patet
895 4672 999 4748 Unde
1027 4672 1133 4747 dicit:
1161 4676 1197 4746 L'
1210 4680 1331 4747 eterno
1360 4695 1510 4767 marpa-

340 4798 426 4887 riu,
451 4794 552 4890 idest,
579 4794 677 4887 tuna,
703 4812 788 4887 quae
819 4812 893 4867 non
918 4793 1100 4889 frangitur
1131 4794 1223 4869 sicut
1250 4800 1383 4870 nostrae
1409 4816 1511 4871 nrar·

404 5052 434 5117 (¹)
448 5052 479 5103 E.
496 5052 557 5102 tuna
572 5050 635 5116 ipsa.
644 5052 831 5105 -Pmmt
1032 5049 1060 5117 (¹)
1076 5053 1108 5105 B.
1123 5054 1285 5118 supponitur.
