4342 6692
647 896 718 963 502
1037 905 1240 962 counurnm
1265 906 1430 961 namursi

646 1053 759 1149 pitulo
784 1049 1012 1148 precedenti,
1035 1051 1180 1143 [creole
1202 1071 1340 1143 semprc
1363 1053 1391 1123 il
1413 1071 1477 1124 suo
1506 1054 1696 1143 committo,
1713 1051 1815 1145 idest,

643 1193 808 1267 cursum,
836 1173 928 1246 simil
955 1174 993 1244 ai
1019 1173 1215 1262 pmcne,
1248 1170 1351 1263 idest,
1383 1170 1520 1246 laceret
1554 1170 1647 1246 lilios
1680 1170 1817 1247 similes

641 1290 863 1389 parentibus,
884 1313 922 1364 sc
942 1313 1015 1367 ooo
1040 1293 1191 1366 oiocessc
1214 1292 1242 1366 il
1261 1295 1461 1384 provveder
1480 1294 1612 1386 divion
1633 1291 1817 1366 mediante

641 1410 777 1486 virtute
806 1411 968 1486 coelesti:
995 1413 1066 1487 hoc
1097 1417 1225 1487 autem
1260 1411 1344 1486 iacit
1376 1418 1418 1486 ut
1449 1418 1737 1508 recognoscatur
1769 1411 1818 1486 ab

641 1549 696 1604 eo.
713 1570 763 1583 —
776 1535 838 1605 Or.
861 1530 925 1606 Hic
944 1532 1073 1607 ultimo
1098 1531 1262 1625 Carolus,
1288 1530 1473 1606 declarata
1498 1531 1733 1608 conclusione
1748 1552 1816 1628 ge·

643 1651 769 1745 nerali,
787 1650 884 1727 addit
902 1673 1016 1726 unam
1035 1651 1309 1728 conclusionem
1324 1650 1532 1746 specialem,
1550 1651 1696 1746 scilicet,
1714 1651 1813 1747 quod

642 1770 824 1846 inclinatio
850 1772 1026 1847 naturalis
1052 1793 1125 1848 non
1150 1773 1285 1848 sufficit
1310 1771 1356 1846 ad
1382 1770 1535 1846 ellectus
1560 1771 1764 1867 homiuum,
1782 1773 1813 1845 si

642 1891 788 1967 fortuna
814 1912 887 1966 non
912 1893 1110 1968 concordat
1135 1913 1275 1986 secum,
1306 1891 1400 1966 sicut
1431 1891 1597 1966 videmus
1621 1891 1667 1966 de
1693 1891 1811 1965 lacto:

642 2012 747 2086 multi
773 2034 866 2107 quos
892 2021 1026 2089 natura
1051 2012 1135 2088 lecit
1162 2011 1393 2088 mechanicos
1422 2011 1722 2106 philosophantur
1752 2011 1813 2085 illa

640 2132 769 2226 invita,
796 2139 875 2208 ete
901 2140 1029 2208 contra
1055 2133 1197 2227 aliquos
1214 2140 1319 2228 aptos
1344 2139 1450 2206 natos
1474 2131 1521 2206 ad
1547 2130 1812 2226 philosophiam

639 2252 785 2327 fortuna
810 2253 946 2329 detinet
972 2255 1007 2328 in
1034 2253 1183 2349 campis,
1210 2253 1247 2326 in
1278 2251 1403 2327 baucis
1435 2251 1631 2346 artificum,
1656 2251 1695 2325 in
1719 2251 1813 2326 sedi-

639 2374 708 2450 bus
734 2374 904 2468 navium3
932 2374 1029 2450 unde
1056 2375 1237 2449 miramur
1261 2372 1469 2466 aliquando,
1502 2373 1602 2467 quod
1626 2372 1663 2445 in
1690 2371 1809 2448 medio

640 2494 734 2570 mari
759 2495 995 2570 inveniuntur
1023 2495 1155 2570 nobilia
1172 2494 1330 2590 ingenia,
1348 2493 1385 2568 iu
1403 2493 1523 2568 studio
1541 2493 1624 2568 vilia
1634 2518 1645 2587 ;
1663 2500 1700 2568 et
1715 2493 1810 2567 sicut

640 2635 712 2689 non
738 2621 1014 2710 prosperantur,
1041 2621 1165 2690 tamm
1190 2614 1336 2690 difficile
1369 2622 1425 2689 est
1452 2614 1599 2690 vincere
1624 2621 1807 2689 naturam.

638 2736 692 2810 Ad
716 2735 860 2812 literam
886 2757 978 2832 ergo
1004 2737 1158 2811 Carolus
1183 2736 1400 2810 continuans
1425 2735 1519 2810 dicta
1539 2735 1700 2810 dicendis
1725 2757 1812 2833 pro

639 2855 746 2930 mittit
771 2856 866 2932 hanc
889 2857 1163 2932 conclusionem
1195 2857 1330 2951 autori,
1357 2863 1397 2930 ut
1424 2856 1550 2932 reddat
1575 2877 1663 2931 eum
1689 2863 1812 2932 atten-

639 2983 730 3070 tum,
748 2975 894 3051 dicens:
921 2997 965 3050 or
990 2979 1069 3070 quel
1086 2979 1146 3050 cle
1170 2980 1270 3050 l'era
1286 2980 1411 3067 deuo,
1432 2975 1534 3070 idest,
1555 2977 1809 3051 absconditum

639 3097 714 3192 tibi,
739 3093 797 3170 de*
817 3099 976 3191 Mouet,
996 3097 1130 3172 scilicet
1155 3103 1241 3172 ante
1257 3097 1384 3172 oculos
1404 3097 1537 3172 mentis
1555 3097 1809 3190 manifestum3

487 3209 490 3217 ’
638 3238 698 3290 mo
731 3218 846 3308 ooplio
879 3219 938 3292 cle
969 3219 1187 3309 dammnati,
1213 3217 1315 3312 idest,
1341 3217 1583 3313 superinducas
1617 3215 1680 3290 tibi
1713 3218 1810 3292 ultra

638 3338 795 3435 primam
835 3344 973 3412 vestem
1012 3340 1191 3433 pulcram,
1226 3360 1274 3410 uo
1309 3340 1515 3429 corollario,
1552 3337 1655 3432 idest,
1693 3359 1807 3414 unam

637 3459 909 3534 conclusionem
935 3458 1074 3533 claram
1101 3459 1344 3553 spiritualem:
1365 3458 1602 3534 corollarium
1627 3458 1725 3534 enim
1751 3459 1805 3532 di-

637 3579 734 3654 citur
758 3600 780 3654 a
806 3578 953 3671 corolla,
977 3577 1077 3672 idest,
1098 3600 1210 3673 parva
1236 3599 1384 3674 corona,
1411 3579 1497 3674 quia
1522 3578 1632 3653 datur
1649 3578 1751 3672 quasi
1770 3579 1806 3652 in

636 3698 831 3795 praemium
857 3698 1077 3794 disputanti;
1109 3697 1239 3794 percle
1268 3703 1372 3794 coppi
1401 3703 1460 3774 cltc
1490 3702 1587 3774 dite
1618 3702 1667 3773 mi
1688 3701 1807 3791 pmcn,

635 3819 722 3915 quia
748 3819 846 3894 luisti
870 3820 1011 3895 amicus
1039 3840 1145 3896 meus
1170 3820 1208 3894 in
1233 3821 1352 3915 terris,
1378 3827 1417 3895 et
1436 3819 1590 3895 nuncin
1607 3821 1702 3895 coelo
1719 3840 1807 3917 gra·

634 3940 685 4017 tia
709 3939 776 4015 Dei
800 3946 837 4016 et
862 3939 997 4017 virtute
1024 3949 1089 4016 tua
1113 3941 1241 4016 vivens
1267 3941 1351 4016 talia
1377 3940 1522 4035 quaeris.
1555 3941 1600 4014 Et
1628 3961 1715 4016 ecce
1746 3961 1809 4016 co·

637 4060 851 4135 collarium:
890 4069 1041 4154 nemra,
1074 4062 1210 4138 scilicet
1247 4068 1431 4157 naturate,
1461 4081 1598 4154 sonpre
1630 4064 1674 4155 [α
1711 4064 1807 4136 mola

630 4201 761 4274 mono,
788 4181 874 4276 quia
901 4203 974 4256 non
1000 4188 1150 4258 exercet
1174 4183 1350 4258 virtutem
1384 4201 1503 4276 suam,
1535 4203 1573 4257 sc
1601 4189 1706 4255 trono
1726 4186 1806 4277 sor-
1868 4175 1873 4181 ’

635 4310 718 4377 torta
743 4307 904 4380 discorde
928 4326 953 4377 o
969 4300 1018 4398 sd,
1039 4304 1127 4397 quia
1144 4302 1172 4377 si
1191 4303 1286 4377 lilius
1304 4302 1397 4378 labri
1414 4302 1525 4377 habet
1548 4300 1751 4376 dominium
1766 4295 1803 4394 (¹)

634 4424 862 4500 ascendentis
887 4425 1035 4500 dantem
1061 4423 1128 4497 sibi
1154 4423 1381 4499 influentiam
1408 4423 1582 4520 regalem,
1604 4422 1708 4498 faber
1732 4441 1806 4496 non

635 4544 765 4641 poterit
790 4544 967 4640 consequi
994 4543 1187 4637 ellectum3
1214 4563 1237 4618 a
1261 4543 1380 4638 simili,
1405 4564 1501 4618 come
1524 4545 1610 4635 opni
1634 4545 1729 4616 dtu
1752 4563 1808 4615 oc-

635 4673 756 4758 mcrdc,
784 4664 920 4740 scilicet
945 4664 1031 4740 lacit
1058 4665 1193 4740 malam
1220 4663 1386 4758 probam,
1406 4667 1492 4759 soor
1517 4666 1555 4739 di
1577 4683 1645 4736 sua
1667 4664 1807 4754 repleo,

633 4785 778 4880 scilicet,
804 4785 841 4860 iu
866 4786 947 4860 loco
965 4806 1037 4861 non
1055 4784 1285 4860 convenienti
1302 4783 1380 4879 sibi,
1398 4784 1494 4860 sicut
1510 4783 1612 4880 piper
1628 4801 1702 4857 non
1719 4802 1807 4878 pro·

696 5031 723 5095 (¹)
738 5031 770 5082 E.
785 5031 929 5084 dominum.
