4342 6692
622 850 760 908 murus
785 853 977 910 vrassmus
1001 853 1179 921 quaeres.
1440 844 1490 916 77.

314 994 524 1093 dignatione
548 1016 689 1071 caecum
706 996 887 1092 judicium
906 998 1168 1093 quorumdam,
1188 997 1253 1092 qui
1275 998 1488 1095 ignoranter

313 1116 539 1218 contendunt
556 1117 602 1192 de
618 1118 699 1192 boc.
717 1116 820 1193 Unde
839 1116 942 1192 dicit:
963 1140 983 1191 e
1002 1121 1099 1210 quot,
1120 1117 1222 1211 idest,
1246 1118 1485 1215 quicumque,

314 1238 346 1310 si
360 1243 459 1311 mette
468 1230 533 1329 pat
552 1238 640 1310 oltra
664 1258 688 1310 a
711 1239 889 1328 marcar,
919 1237 966 1311 de
991 1237 1072 1332 boc,
1098 1258 1171 1311 non
1181 1240 1276 1314 ‚cede
1291 1232 1367 1331 piri,
1385 1237 1487 1333 idest,

314 1375 388 1430 nou
405 1355 591 1453 cognoscit
607 1356 699 1452 plus,
717 1358 878 1431 daturo
894 1360 986 1449 eblo,
1004 1357 1150 1452 scilicet,
1169 1377 1192 1432 a
1218 1363 1283 1432 tuo
1307 1356 1487 1432 moderno

315 1478 375 1551 eli
387 1480 495 1569 altra
520 1476 666 1571 scilicet,
692 1481 819 1551 nostro
843 1477 1018 1573 antiquo,
1044 1485 1083 1553 et
1107 1476 1213 1554 dicit:
1238 1499 1257 1551 c
1282 1482 1384 1569 qnasi
1403 1499 1495 1573 corr-¹

316 1602 444 1671 eatan
467 1599 499 1669 st
523 1603 654 1690 tacette,
674 1595 822 1692 scilicet,
839 1598 939 1693 quod
963 1606 1039 1673 tam
1066 1599 1195 1694 pulcre
1214 1598 1406 1675 detexerat
1423 1619 1488 1673 ve·

318 1716 474 1792 ritatem.
500 1717 544 1790 lta
569 1718 627 1793 bio
652 1726 738 1794 nota
764 1724 944 1814 quantum
967 1699 1077 1815 poeta
1099 1725 1224 1794 noster
1248 1720 1342 1793 banc
1368 1726 1488 1795 mate-

317 1838 409 1913 riam
435 1837 580 1912 bassam
605 1838 823 1913 exaltaverit
848 1843 886 1913 et
910 1838 1087 1915 velaverit
1108 1838 1231 1913 verbis
1246 1860 1321 1913 non
1337 1839 1485 1933 apertis.

315 1996 365 2011 -
381 1961 493 2031 omne.
511 1956 576 2032 llic
594 1964 703 2053 poeta
728 1957 828 2033 linita
853 1959 916 2033 tali
941 1959 1108 2055 materia,
1135 1979 1322 2034 recessum
1348 1959 1487 2035 descri-

314 2077 368 2153 bit
392 2077 539 2152 illarum
569 2077 779 2152 animarum
811 2099 877 2173 per
910 2100 1023 2154 unam
1056 2079 1368 2175 comparationem
1400 2078 1487 2153 satis
1515 2139 1538 2181 ν.

314 2198 465 2291 claram,
491 2196 633 2272 dicens:
666 2203 765 2272 little
790 2201 827 2273 ln
850 2208 949 2291 qma
974 2202 1034 2273 cle
1059 2191 1083 2272 li
1107 2220 1185 2290 era,
1207 2198 1354 2294 scilicet,
1379 2198 1488 2295 gulo·

315 2337 456 2411 sorum,
485 2335 571 2411 quae
600 2324 681 2393 erat
710 2318 819 2393 turba
848 2318 934 2393 satis
964 2338 1112 2416 magna,
1136 2321 1307 2410 vulgando
1335 2322 1364 2393 il
1395 2322 1483 2412 viso,

316 2456 429 2532 quem
456 2436 557 2533 prius
589 2438 737 2514 tenebat
762 2438 878 2513 lixum
910 2439 947 2514 iu
972 2459 1044 2532 me,
1076 2430 1238 2531 roffrettd
1268 2460 1333 2512 suo
1359 2460 1486 2531 passo,

315 2555 582 2632 festinaverunt
607 2565 762 2655 tantum,
781 2565 962 2654 quantum
985 2559 1263 2635 retardaverunt
1287 2558 1333 2633 ad
1359 2558 1492 2634 viden-

316 2674 405 2751 dum
432 2676 587 2751 Dantem
622 2677 763 2774 rivum,
793 2678 882 2753 dum
913 2678 1135 2773 loquebatur
1159 2699 1245 2753 cum
1271 2678 1421 2753 Foresio
1450 2686 1488 2754 et

317 2796 569 2893 Bouagiunta:
595 2799 655 2873 illa
679 2799 761 2875 dieo
785 2820 887 2895 gens,
913 2802 1056 2891 leqqcra
1074 2820 1144 2892 per
1169 2820 1364 2890 meqrezzc
1383 2821 1403 2871 c
1422 2820 1490 2892 per
1561 2841 1564 2847 -

318 2919 448 3010 coine,
467 2918 553 3013 quia
572 2918 728 2995 libenter
744 2919 944 2994 currebant
956 2919 1002 2994 ad
1016 2918 1285 3016 purgationem,
1302 2912 1487 2993 cosicome

317 3040 369 3129 qt·
393 3042 508 3131 mqet,
535 3038 680 3133 scilicet,
706 3058 833 3137 grues,
859 3041 919 3112 cte
944 3060 1078 3113 onaan
1105 3042 1249 3131 lnnqo'l
1271 3043 1365 3130 Nilo,
1382 3039 1485 3134 idest,

318 3157 494 3254 byemant
532 3158 569 3233 in
599 3158 756 3255 AEgypto
787 3180 853 3255 per
891 3179 1005 3253 quam
1042 3157 1178 3233 labitur
1212 3158 1324 3253 Nilus,
1356 3162 1490 3233 olem

318 3281 412 3353 volta
436 3281 475 3352 di
497 3300 535 3352 sc
556 3281 670 3372 saona
695 3282 844 3371 scltiera,
862 3300 947 3355 cum
972 3298 1108 3376 magno
1133 3278 1274 3373 ordine,
1296 3283 1359 3371 poi
1383 3283 1490 3354 volan

312 3394 376 3489 pn
392 3401 430 3471 tn
443 3403 551 3493 fratta
567 3422 586 3473 e
602 3421 720 3475 vanno
735 3404 774 3475 in
787 3402 860 3493 filo.
883 3400 925 3473 Et
950 3406 1036 3474 nota
1057 3400 1156 3495 quod
1182 3403 1407 3495 comparatio
1433 3408 1490 3477 est

317 3518 424 3593 valde
453 3519 600 3616 propria
634 3520 681 3595 de
711 3520 906 3595 animabus
937 3520 1078 3595 levibus
1103 3519 1150 3594 ad
1181 3540 1269 3595 aves
1299 3521 1484 3597 volantes:

318 3636 535 3713 sicutenim
561 3660 675 3736 grues
699 3660 786 3714 cum
814 3659 948 3735 magno
974 3638 1103 3714 ordine
1128 3639 1277 3714 solicite
1301 3640 1348 3715 de
1372 3642 1491 3716 salute

319 3782 388 3836 sua
414 3760 552 3835 iaciunt
577 3761 622 3837 de
648 3780 689 3835 sc
714 3766 854 3835 rectam
879 3759 1024 3855 lineam,
1050 3758 1200 3855 quando
1226 3766 1417 3835 transeunt
1441 3762 1489 3839 de

319 3880 472 3956 Tbracia
498 3880 648 3977 regione
673 3880 801 3976 frigida
826 3880 863 3953 in
883 3878 1082 3976 AEgyptum
1104 3879 1294 3976 regionem
1312 3881 1489 3975 calidam;

319 3999 369 4076 ita
396 4006 496 4075 recte
521 4000 653 4075 animae
679 4000 756 4074 istae
781 3998 898 4075 avidae
923 4020 1000 4073 suae
1029 3999 1256 4095 purgationis
1281 3999 1419 4075 iaciunt
1442 4000 1489 4076 de

320 4140 361 4197 se
377 4120 524 4217 longam
545 4124 581 4196 et
597 4120 802 4195 ordinatam
819 4119 948 4215 aciem,
966 4120 1114 4213 quando
1130 4120 1256 4195 volant
1280 4140 1347 4215 per
1367 4120 1489 4194 circu-

320 4238 398 4315 lum
420 4238 609 4336 trigidum,
635 4238 697 4314 ubi
732 4244 818 4313 suut
842 4260 953 4335 poma
979 4237 1119 4337 frigida,
1149 4245 1186 4314 et
1220 4260 1318 4335 aqua
1347 4239 1489 4337 frigida,

319 4360 563 4456 temperantia
588 4360 735 4457 cibaria,
753 4366 791 4435 et
808 4360 891 4436 vina
908 4359 1037 4455 calida,
1054 4380 1184 4435 versus
1201 4360 1382 4436 circulum
1399 4362 1488 4437 cali·

319 4480 421 4575 dum,
447 4480 511 4555 ubi
537 4487 593 4556 est
617 4480 709 4576 ignis
734 4500 896 4577 purgans
920 4478 1146 4555 luxuriosos:
1164 4479 1295 4556 deinde
1310 4481 1435 4557 volant
1450 4472 1488 4575 (¹)

317 4620 449 4677 versus
462 4600 643 4675 circulum
657 4620 870 4694 avarorum,
884 4620 1047 4694 quorum
1059 4600 1164 4696 regio
1177 4606 1231 4677 est
1244 4600 1486 4697 frigidissima,

320 4721 413 4797 sicut
437 4742 551 4819 grues
577 4720 741 4796 similiter
764 4726 1004 4796 revertuntur
1024 4720 1072 4796 ad
1096 4721 1284 4817 regionem
1308 4721 1490 4819 frigidam.

385 4980 414 5046 (¹)
429 4980 462 5033 B.
478 4926 604 5033 molat
702 5014 706 5023 .
