4342 6692
1451 894 1498 962 47

326 1303 491 1371 CANTUS
514 1305 746 1374 VIGESIMUS
770 1307 961 1386 TERTIUS,
985 1309 1020 1372 iu
1047 1327 1108 1390 quo
1136 1311 1254 1378 tractos
1274 1308 1356 1373 aiod
1375 1309 1499 1375 invene·

402 1424 479 1484 runt
499 1419 633 1500 spir-itm
652 1419 724 1484 citii
744 1419 826 1504 padre
849 1422 904 1503 poi
924 1419 1015 1486 ualde
1042 1424 1136 1486 mant
1164 1421 1272 1498 macri,
1295 1425 1327 1484 et
1348 1421 1388 1485 de
1408 1422 1499 1486 modo

398 1549 504 1612 prauo
525 1531 675 1612 bosonem,
697 1531 754 1596 aab
777 1531 868 1596 titulo
882 1531 1037 1596 Forensis
1059 1531 1286 1614 mossoopoinei
1299 1530 1429 1610 Dentis,
1446 1532 1501 1614 pai

405 1642 506 1708 molto
520 1643 679 1724 predixit
699 1648 808 1708 contro
823 1643 967 1708 minos
982 1642 1168 1720 Florentiae,
1184 1649 1215 1708 et
1228 1643 1267 1708 de
1283 1643 1392 1708 multis
1415 1643 1499 1710 alies.

404 1907 632 2077 Meam
647 2005 706 2077 obe
721 2006 772 2093 pli
787 2005 882 2076 ooobi
893 2023 960 2094 per
976 2006 1012 2075 la
1022 2005 1157 2095 srondo
1169 2004 1283 2075 verde.
1299 2003 1498 2096 Postquam

327 2119 561 2217 insuperiori
579 2123 738 2218 capitulo
756 2123 852 2197 circa
875 2121 984 2196 finem
1002 2129 1110 2217 poeta
1132 2129 1255 2196 noster
1276 2122 1445 2196 tractavit
1462 2129 1499 2196 et

327 2241 584 2319 determinavit
609 2243 655 2318 de
679 2265 789 2338 poeua
813 2251 851 2318 et
876 2243 1096 2339 purgatione
1127 2244 1346 2340 gulosorum
1372 2245 1409 2315 lu
1433 2263 1500 2339 ge·

328 2362 455 2458 uerali,
482 2384 579 2437 nuuc
604 2370 873 2457 cousequenter
898 2363 973 2460 agit
997 2370 1035 2438 et
1057 2370 1190 2438 tractat
1206 2363 1253 2436 de
1270 2362 1399 2438 eadem
1419 2383 1501 2436 ma-

330 2483 420 2557 teria
447 2483 564 2578 magis
589 2482 626 2556 iu
650 2483 807 2576 speciali.
834 2484 878 2557 Et
904 2503 1064 2578 praeseus
1083 2484 1286 2578 capitulum
1304 2483 1417 2556 lllllll
1434 2504 1501 2578 po·

331 2609 400 2676 test
432 2603 541 2677 dividi
572 2604 608 2677 iu
643 2612 804 2698 quatuor
837 2609 958 2698 partes
991 2605 1182 2700 generales
1213 2603 1260 2678 ad
1295 2604 1428 2678 miuus.
1460 2605 1502 2678 lu

330 2724 447 2818 prima
474 2745 634 2818 quarum
655 2725 826 2799 describit
843 2725 998 2799 sormam
1017 2724 1234 2820 gulosorum
1256 2724 1415 2797 multum
1433 2745 1501 2799 cu-

330 2845 435 2919 riose.
463 2846 503 2918 lu
527 2846 687 2920 secunda
713 2845 910 2920 introducit
935 2866 1052 2918 uuum
1078 2845 1245 2939 spiritum
1275 2845 1499 2940 singularem

329 2965 549 3040 modernum
578 2974 745 3041 notatum
771 2967 858 3041 vitio
878 2966 987 3063 gulae,
1005 2965 1069 3060 qui
1085 2965 1152 3038 sibi
1172 2964 1334 3038 declarat
1352 2985 1499 3059 poeuam

330 3105 413 3179 quae
438 3086 595 3160 obscure
621 3087 736 3182 posita
761 3094 816 3160 est
842 3087 879 3159 iu
905 3085 1122 3180 praecedenti
1148 3086 1319 3180 capitulo,
1340 3085 1408 3158 ibi:
1433 3075 1501 3158 (κὰ

329 3225 393 3278 ero
416 3209 455 3278 tu
478 3209 664 3278 ammiror.
691 3208 730 3278 lu
755 3207 863 3281 tertia
889 3213 996 3301 poeta
1029 3213 1154 3280 movet
1184 3226 1297 3279 uuam
1325 3205 1499 3298 quaestio-

329 3344 414 3399 uem
440 3325 535 3400 dicto
560 3326 712 3420 spiritui,
738 3326 804 3399 ibi:
833 3333 876 3400 Et
898 3330 933 3400 io
957 3348 982 3398 c
1007 3329 1064 3399 lui.
1083 3324 1124 3399 ln
1149 3331 1281 3419 quartu
1306 3331 1344 3398 et
1371 3325 1501 3398 ultima
1576 3354 1580 3362 -

329 3445 534 3521 manilestat
555 3467 595 3522 se
611 3454 648 3521 et
672 3467 759 3521 suos
783 3448 896 3522 duces
921 3447 1017 3522 dicto
1034 3447 1188 3542 spiritui,
1207 3446 1274 3519 ibi:
1293 3449 1381 3535 uel,
1395 3451 1500 3540 frate.

328 3564 382 3637 Ad
408 3565 568 3658 primum
595 3565 745 3642 venicus
776 3567 856 3642 dico
887 3566 986 3662 quod
1017 3573 1122 3662 poeta
1153 3567 1316 3641 declarat
1344 3567 1500 3640 sormam

329 3705 447 3779 poeuae
471 3687 708 3782 gulosorum3
735 3695 772 3762 et
791 3688 911 3782 primo
941 3688 1128 3782 praemittit
1159 3709 1266 3762 suam
1297 3687 1503 3782 dispositio·
1612 3705 1616 3712 ·

330 3824 414 3878 uem
441 3799 603 3901 suprad)
630 3807 802 3882 arborem
829 3808 1000 3902 superius
1025 3807 1244 3902 descriptam
1262 3827 1330 3901 per
1350 3827 1503 3901 compa·

331 3926 509 4000 rationem
540 3929 691 4020 claram,
722 3929 865 4002 diceus:
898 3933 1045 4017 Menae,
1075 3927 1178 4019 idest,
1211 3927 1370 4020 interim,
1402 3929 1502 3999 cb'io

327 4049 461 4139 flcoooo
485 4051 535 4138 pb·
559 4051 665 4140 occbt,
684 4049 956 4143 intellectuales,
971 4070 1038 4140 per
1055 4051 1092 4122 lo
1105 4051 1241 4142 sroado
1258 4051 1377 4138 verde,
1395 4047 1500 4139 idest,

329 4167 425 4240 illius
450 4168 591 4242 arboris
616 4191 638 4243 a
664 4169 783 4262 simili,
800 4163 829 4241 si
850 4189 945 4241 come
962 4173 1027 4260 sor
1050 4171 1147 4241 soob
1162 4170 1216 4241 olai
1231 4171 1344 4241 diatro
1369 4170 1428 4240 old
1440 4187 1502 4240 oc-
1604 4239 1608 4248 ,

329 4291 428 4360 callio
450 4311 516 4362 sua
551 4292 621 4363 utto
641 4291 772 4383 perde,·
797 4296 834 4364 et
865 4297 920 4364 ost
950 4288 1177 4384 comparatio
1210 4287 1374 4382 propria:
1407 4286 1501 4360 sicut

329 4410 425 4482 euim
452 4411 565 4483 bomo
585 4410 768 4484 interdum
791 4410 863 4484 fixe
882 4409 1027 4504 respicit
1045 4409 1139 4482 iutra
1158 4429 1282 4482 ramos
1299 4407 1442 4481 arboris
1460 4413 1502 4479 ut

329 4527 449 4602 videat
475 4530 657 4605 aviculam
680 4531 726 4605 ibi
746 4533 931 4624 latentem,
950 4534 987 4604 et
1006 4549 1104 4624 saepe
1121 4529 1238 4624 perdit
1256 4536 1401 4623 tempus
1418 4529 1502 4601 iuu-

328 4647 449 4743 tiliter,
471 4650 557 4743 quia
576 4671 648 4724 nou
666 4657 783 4746 potest
799 4651 898 4724 illam
918 4670 1061 4745 capere
1080 4649 1129 4722 ita
1157 4655 1258 4724 recte
1277 4657 1385 4745 poeta
1402 4670 1501 4723 nuuc

329 4771 543 4865 respiciebat
567 4777 705 4846 attente
731 4791 797 4866 per
823 4771 967 4844 frondes
995 4771 1092 4844 illius
1116 4771 1270 4862 arboris,
1294 4778 1337 4844 ut
1362 4769 1502 4846 videret

393 5036 419 5098 ζ’)
436 5037 467 5087 ll.
483 5051 498 5088 e
515 5041 569 5096 11¹1,
586 5037 655 5088 circa
671 5037 801 5089 arborem.
