4342 6692
700 890 769 956 128
1058 900 1263 958 connurun
1287 902 1509 958 runolronn

695 1044 958 1119 sententialiter
982 1043 1067 1119 dicit
1097 1046 1196 1139 quod
1230 1046 1303 1121 tale
1331 1066 1449 1142 genus
1481 1045 1672 1119 bominum
1705 1047 1869 1141 peccarit

695 1184 761 1261 per
786 1164 1002 1258 sodomiam,
1032 1164 1132 1257 quod
1159 1165 1287 1239 vitium
1313 1165 1450 1239 infame
1474 1164 1541 1238 luit
1567 1165 1654 1238 olim
1680 1164 1866 1240 obiectum

696 1285 829 1360 Caesari
862 1284 1063 1359 clarissimo
1096 1285 1257 1382 principi.
1284 1284 1339 1359 dd
1367 1286 1474 1359 cuius
1507 1284 1560 1359 rei
1591 1285 1863 1383 intelligentiam

696 1412 753 1481 est
778 1405 965 1481 sciendum
985 1405 1096 1500 quod,
1113 1406 1207 1482 sicut
1221 1406 1348 1481 scribit
1364 1405 1559 1481 Suetonius
1576 1406 1695 1501 primo
1711 1406 1758 1481 de
1773 1406 1867 1481 duo·

695 1526 813 1601 decim
841 1526 1056 1617 Caesaribus,
1082 1526 1204 1600 Caesar
1231 1528 1390 1600 multum
1416 1526 1505 1601 arsit
1529 1526 1613 1621 igne
1638 1525 1809 1620 libidinis3
1829 1531 1867 1599 et

696 1646 815 1741 primo
840 1646 987 1739 quidem
1014 1652 1181 1742 tempore
1198 1645 1453 1721 adolescentiae
1477 1667 1555 1720 suae
1580 1666 1668 1720 cum
1694 1645 1866 1722 militaret

695 1765 732 1838 in
757 1765 840 1839 Asia
857 1766 926 1839 sub
946 1766 1079 1839 'lermo
1100 1772 1270 1860 praerore,
1290 1765 1421 1840 missus
1438 1766 1486 1839 ab
1502 1785 1548 1839 eo
1565 1762 1613 1839 ad
1630 1764 1864 1840 Nicomedem

696 1906 822 1981 regem
841 1885 1028 1984 Bithyniae,
1047 1886 1310 1981 turpitudinem
1328 1907 1457 1981 passus
1481 1891 1551 1961 est:
1571 1892 1652 1959 erat
1673 1885 1770 1959 enim
1790 1885 1865 1959 lor-

695 2025 820 2079 mosus
845 2009 881 2080 et
907 2005 1056 2079 lloridus
1088 2005 1207 2099 nimis,
1232 2026 1280 2079 ex
1311 2026 1388 2099 quo
1419 2004 1581 2079 maxima
1612 2002 1760 2079 iniamia
1786 2004 1865 2100 luit,

693 2133 730 2201 et
755 2127 872 2200 multa
897 2125 1097 2199 obbrobria
1122 2125 1217 2201 dicta
1242 2126 1391 2201 suntin
1416 2146 1522 2201 eum:
1550 2147 1646 2199 unus
1672 2126 1769 2200 enim
1797 2146 1864 2201 vo-

693 2248 801 2321 cabat
826 2268 912 2321 eum
940 2245 1106 2342 pellicem
1133 2247 1311 2343 reginam,
1328 2246 1423 2321 alius
1442 2247 1629 2321 stabulum
1647 2246 1862 2343 Nicomedis,

694 2365 787 2441 alius
812 2366 1034 2463 bithynicam
1068 2366 1245 2462 reginam.
1277 2366 1370 2441 Cum
1396 2373 1522 2441 autem
1556 2366 1704 2461 quidam
1739 2367 1862 2443 latuus

694 2493 818 2562 mente
835 2486 873 2561 in
890 2486 1051 2561 maxima
1069 2486 1179 2560 turba
1200 2486 1392 2561 bominum
1413 2487 1629 2582 appellasset
1645 2488 1862 2585 Pompeium

694 2590 833 2705 regem,
851 2606 1022 2681 salutavit
1038 2606 1219 2681 Caesarem
1238 2607 1417 2703 reginam.
1435 2608 1506 2682 Sed
1527 2609 1564 2681 in
1589 2628 1756 2684 amorem
1776 2630 1861 2683 mu-

692 2728 825 2803 lierum
852 2727 919 2800 luit
945 2726 1051 2800 nimis
1080 2748 1232 2822 pronus,
1258 2749 1418 2821 quarum
1450 2729 1586 2803 multas
1615 2730 1774 2805 illustros
1797 2751 1863 2805 co-

691 2848 828 2945 gnovit‚
847 2852 884 2922 et
901 2847 1041 2941 aliquot
1056 2847 1202 2944 reginas
1222 2848 1405 2944 praeeipue
1422 2849 1666 2945 Cleopatram,
1680 2871 1767 2925 cum
1785 2872 1859 2945 qua

691 2968 786 3043 inter
821 2974 875 3042 tot
908 2965 1071 3062 pericula
1106 2967 1323 3061 dormiebat,
1356 2975 1395 3041 et
1428 2969 1487 3043 cui
1521 2968 1670 3045 donavit
1703 2991 1859 3067 regnum

690 3088 837 3186 AEgypti
857 3088 894 3161 in
911 3086 1105 3181 praemium
1124 3108 1277 3161 suarum
1297 3087 1497 3163 libidinum.
1515 3091 1693 3186 Cognovit
1710 3098 1747 3166 et
1767 3112 1860 3165 uxo-

690 3229 770 3284 rem
797 3207 960 3303 Pompei,
985 3212 1021 3281 et
1053 3212 1211 3281 matrem
1244 3207 1362 3289 Crassi
1377 3200 1413 3301 (¹)
1450 3216 1488 3283 et
1520 3209 1631 3283 filiam
1666 3210 1771 3305 otus3
1796 3211 1858 3285 sed

620 3392 625 3397 .
689 3330 784 3403 bene
812 3328 947 3423 recepit
972 3328 1091 3402 vicem
1117 3328 1154 3401 in
1170 3318 1207 3420 (²)
1235 3348 1353 3403 uxore
1370 3350 1435 3403 sua
1455 3330 1628 3425 Pompeia
1646 3352 1758 3425 quam
1776 3332 1859 3407 Clo-

688 3448 769 3523 dius
795 3447 856 3521 lex
881 3453 1094 3521 senatorum
1125 3448 1296 3544 cognovit
1325 3448 1362 3521 in
1394 3450 1529 3543 templo
1554 3450 1592 3523 in
1621 3450 1748 3525 babitu
1774 3472 1859 3525 mu-

690 3566 796 3642 lieris.
824 3567 918 3641 Cum
943 3572 1067 3640 autem
1097 3568 1219 3643 Caesar
1243 3573 1324 3661 post
1348 3568 1472 3642 omnia
1498 3568 1592 3644 bella
1613 3569 1713 3645 finita
1731 3579 1860 3668 ageret

688 3708 775 3762 suos
801 3686 1004 3782 triumphos
1022 3686 1085 3781 qui
1104 3686 1255 3761 luerunt
1272 3687 1437 3781 quinque
1454 3688 1492 3760 in
1508 3688 1628 3782 primo
1647 3691 1778 3787 gallico
1795 3691 1859 3785 qui

689 3807 757 3882 luit
769 3806 960 3905 gloriosior
973 3806 1266 3901 cacteris‚milites
1278 3812 1475 3901 sequentes
1487 3828 1642 3884 currum
1656 3810 1860 3906 triumpha-

690 3929 762 4003 lem
789 3926 835 4001 de
861 3926 1126 4002 consuetudine
1150 3934 1339 4003 cantantes
1363 3928 1529 4003 carmina
1549 3931 1766 4025 joculariter
1782 3932 1858 4006 cla-

689 4048 855 4123 mabant:
874 4046 1006 4122 Gallias
1024 4048 1145 4122 Caesar
1162 4046 1317 4145 subegit,
1339 4047 1554 4123 Nicomedes
1573 4050 1756 4126 Caesarem
1775 4056 1857 4143 etc,

687 4167 796 4243 etalii
811 4166 1034 4241 clamabant:
1046 4166 1177 4241 urbani
1191 4174 1336 4242 servate
1350 4188 1499 4263 uxores,
1508 4170 1695 4243 moecbum
1710 4170 1855 4245 calvum

686 4287 903 4362 adducimus
928 4293 995 4362 ete.
1023 4286 1076 4360 bd
1102 4286 1245 4361 literam
1276 4307 1367 4383 ergo
1396 4288 1481 4363 dicit
1514 4287 1652 4363 Guido:
1678 4294 1731 4362 Lo
1758 4297 1858 4380 pente

685 4411 745 4483 cle
770 4428 843 4481 noo
868 4410 945 4481 otoo
978 4428 1044 4479 con
1072 4409 1144 4497 noi,
1177 4406 1324 4499 scilicet,
1360 4428 1445 4502 quae
1474 4410 1656 4485 clamabat
1685 4410 1855 4504 Sodoma,

684 4534 801 4623 effosa,
827 4526 973 4621 scilicet,
995 4527 1114 4601 lleum
1132 4534 1169 4603 ct
1187 4533 1371 4622 naturam,
1392 4531 1430 4601 di
1448 4521 1677 4624 cid,‚scilicet‚
1695 4549 1741 4604 eo
1773 4548 1858 4624 pec-

1828 4639 1855 4669 ol

586 4663 589 4673 ’
685 4655 779 4743 cato,
805 4644 935 4741 percle
968 4652 1096 4721 cesare
1126 4650 1346 4742 tutonsoudo,
1379 4647 1524 4742 scilicet,
1558 4648 1604 4723 de
1641 4649 1766 4743 Gallia,
1796 4670 1858 4741 pm

680 4860 683 4867 ,
759 4864 765 4891 ¹
924 4866 939 4879 ,,

746 4868 776 5004 {¹3
791 4864 985 4991 dilemur
1001 4955 1074 4992 surm
1090 4940 1248 5004 Pompeiam.
1261 4966 1293 4978 -
1303 4944 1356 5001 nr,
1374 4946 1445 4991 certe
1462 4940 1526 4991 bene
1537 4943 1633 5006 recepit
1646 4942 1729 4992 vicem
1746 4942 1772 4993 in
1788 4954 1855 4991 uro-

688 5034 745 5072 rem
761 5032 835 5069 suam
851 5018 1011 5083 Pompeiam.
