4342 6692
702 881 776 951 368
1095 892 1300 949 couuuruu
1324 892 1492 949 ransom

700 1040 799 1115 illam
830 1039 974 1115 avidam
1008 1039 1180 1135 loquendi
1210 1046 1415 1133 serumst
1444 1039 1521 1135 ipse
1553 1038 1698 1115 volebat
1723 1058 1873 1115 servare

699 1167 924 1257 praeceptnm
950 1160 1134 1236 Beatricis.
1149 1164 1246 1235 -0
1270 1162 1345 1234 den.
1372 1160 1477 1237 Nunc
1504 1158 1639 1235 Dentes
1665 1159 1766 1255 ponit
1789 1180 1873 1235 ora·

658 1301 660 1304 ·
701 1280 837 1356 tionem
864 1301 970 1355 suam
996 1279 1042 1355 ad
1068 1279 1296 1375 Piclrardarn,
1314 1280 1351 1353 iu
1373 1300 1447 1374 qua
1465 1280 1551 1354 lacit
1570 1278 1762 1355 exordium
1786 1300 1872 1355 cunr

701 1400 875 1497 petitione
899 1404 1026 1496 potem
1042 1399 1089 1475 de
1107 1398 1255 1475 nomine
1272 1405 1309 1475 et
1330 1400 1551 1494 conditione;
1571 1400 1669 1475 unde
1685 1400 1770 1475 dicit
1785 1420 1870 1475 cunr

699 1518 965 1617 gratulatione:
988 1522 1019 1593 0
1041 1520 1106 1593 den
1130 1526 1248 1593 creato
1268 1522 1404 1615 muita,
1425 1520 1511 1615 quia
1537 1520 1582 1595 ad
1609 1520 1869 1595 beatitudiuem

701 1640 888 1734 destinate,
914 1642 974 1713 cte
998 1643 1036 1713 oi
1059 1642 1120 1713 rai
1143 1642 1181 1714 di
1206 1643 1276 1714 vito
1301 1648 1434 1731 esron,
1460 1640 1562 1735 idest,
1589 1642 1634 1717 ad
1666 1641 1786 1717 radios
1815 1641 1872 1715 di-

701 1760 796 1835 vinae
820 1760 960 1857 gratiae,
984 1764 1072 1833 send
1097 1762 1133 1833 lo
1156 1762 1338 1854 dolcezzc,
1364 1761 1465 1855 idest,
1487 1760 1633 1837 dulcem
1660 1761 1865 1837 fruitionem

702 1878 878 1956 felicitatis
902 1885 1063 1973 aeternae,
1081 1882 1141 1953 cte
1156 1900 1228 1953 non
1244 1888 1384 1973 coemto
1403 1883 1670 1955 consistendo
1690 1885 1763 1955 mol
1771 1908 1785 1975 ;
1803 1900 1871 1957 uo-

702 2006 822 2076 tauter
846 2000 942 2095 dicit,
969 2000 1155 2094 quianon
1182 2000 1282 2076 novit
1308 2002 1425 2077 mellis
1450 2002 1679 2077 dulcedinem
1706 2002 1769 2096 qui
1797 2002 1870 2077 mel

701 2142 774 2197 nou
799 2122 977 2219 gustavit3
1004 2121 1087 2197 hinc
1119 2127 1175 2196 est
1205 2120 1305 2216 quod
1338 2121 1543 2216 voluptates
1573 2121 1759 2197 sensibiles
1792 2122 1873 2216 plus

701 2244 882 2320 delectant
907 2264 974 2319 uos
999 2264 1112 2339 quarn
1138 2244 1256 2318 virtus
1281 2244 1339 2319 vel
1364 2244 1530 2339 felicitas3
1553 2239 1634 2320 ideo
1655 2242 1790 2319 Paulus
1810 2242 1872 2337 qui

702 2369 915 2462 gustaverat
939 2364 986 2439 de
1010 2364 1076 2437 ista
1103 2363 1306 2459 dulcedine,
1331 2362 1494 2439 dicebat:
1524 2365 1631 2460 cupio
1666 2363 1810 2438 dissolvi
1835 2371 1874 2438 et

703 2504 785 2559 esse
800 2504 888 2558 eum
906 2483 1065 2578 Christo,
1082 2487 1252 2575 ornatore
1269 2487 1317 2557 mi
1329 2487 1394 2576 fia,
1407 2476 1511 2579 idest,
1528 2484 1598 2559 erit
1616 2483 1703 2557 mihi
1723 2482 1769 2557 ad
1785 2504 1872 2579 gra-

704 2605 791 2680 tiam
818 2600 1055 2701 singularem,
1081 2605 1363 2713 semicorrecti
1392 2608 1449 2679 del
1476 2624 1579 2677 nome
1602 2611 1674 2695 tuo,
1701 2609 1743 2677 ut
1767 2622 1873 2679 reco-

703 2744 878 2822 gnoscam
905 2731 953 2819 te,
980 2724 1066 2818 quia
1092 2723 1226 2799 videris
1252 2743 1517 2821 recognoscere
1547 2744 1619 2819 me,
1646 2747 1664 2798 e
1694 2726 1786 2798 della
1812 2746 1875 2797 oo-

702 2852 780 2920 strc
802 2852 910 2935 sorta
935 2844 1023 2939 quia
1047 2844 1240 2919 audiverat
1265 2844 1362 2939 quod
1398 2850 1504 2919 erant
1529 2846 1701 2941 relegata
1731 2846 1768 2918 in
1794 2844 1875 2919 loco

703 2960 867 3040 inleriori
891 2984 938 3039 ex
959 2964 1102 3039 delectu
1126 2965 1210 3039 voti.
1225 3006 1274 3019 —-
1291 2968 1379 3039 Ond’
1392 2968 1470 3039 elta.
1489 2964 1553 3040 llic
1570 2973 1680 3041 autor
1696 2965 1796 3061 ponit
1814 2980 1873 3039 re-

704 3086 934 3182 sponsionem
961 3084 1148 3160 Picirardae
1172 3084 1217 3160 ad
1243 3106 1296 3179 se,
1322 3106 1406 3180 quae
1422 3086 1541 3182 primo
1562 3087 1749 3183 praemittit
1765 3105 1874 3161 exor-

704 3206 818 3300 dium,
845 3205 976 3281 deinde
1001 3207 1249 3282 narrationem
1268 3206 1357 3282 eius.
1376 3207 1478 3283 Unde
1498 3207 1713 3304 continuans
1728 3200 1766 3301 (⁴)
1791 3207 1874 3283 dicit

704 3332 831 3422 poeta:
863 3328 952 3399 Ond’
964 3329 1045 3420 ella,
1072 3326 1209 3403 scilicet
1225 3326 1415 3422 Piclrarda,
1427 3335 1563 3421 pronis
1588 3350 1607 3402 e
1630 3350 1697 3403 con
1713 3331 1808 3403 occdi
1822 3331 1876 3401 ri-

704 3448 811 3540 denti,
840 3444 1025 3541 respondit
1050 3446 1205 3522 libenter
1225 3448 1295 3521 sub
1315 3447 1384 3523 hac
1404 3448 1523 3523 lorma
1547 3455 1700 3547 tangens
1724 3468 1872 3523 causam

705 3586 784 3640 suae
803 3566 914 3662 juste
939 3564 1182 3662 responsionis
1207 3568 1253 3642 ad
1268 3558 1305 3661 (²)
1328 3569 1466 3665 justam
1488 3570 1719 3665 petitionem:
1746 3573 1782 3644 lc
1805 3590 1873 3644 no-

705 3694 783 3761 stra
806 3675 933 3778 camtd,
953 3684 1101 3781 scilicet,
1119 3686 1326 3783 beatorum,
1344 3710 1417 3762 non
1432 3710 1536 3763 serra
1548 3698 1665 3783 porte,
1682 3690 1786 3785 idest,
1805 3710 1877 3764 uon

706 3808 855 3883 obturat
879 3826 1000 3901 aures,
1026 3828 1052 3879 o
1075 3810 1190 3898 ylasio
1219 3808 1349 3901 υορὶἰα,
1377 3813 1414 3884 et
1439 3828 1527 3885 ecce
1552 3830 1714 3905 causam,
1741 3832 1778 3883 se
1802 3826 1877 3881 non

706 3946 803 4000 smne
832 3929 959 4019 quella,
989 3926 1135 4021 scilicet,
1167 3927 1299 4003 caritas
1324 3928 1456 4024 divina,
1487 3932 1547 4004 oltc
1572 3934 1670 4005 oncle
1695 3936 1780 4004 tutte
1808 3948 1876 4002 suo

707 4054 814 4141 coru,
842 4046 945 4142 idest,
971 4048 1197 4123 voluntatem
1224 4048 1390 4123 omnium
1418 4049 1625 4145 beamrum,
1643 4052 1753 4125 dmile
1777 4072 1803 4124 o
1825 4047 1875 4142 sd,

707 4169 812 4263 sicut,
837 4166 914 4263 ipsa
940 4167 1116 4244 Picharda
1148 4169 1268 4243 luerat
1301 4176 1451 4265 experta
1485 4170 1521 4243 in
1553 4189 1594 4244 se
1627 4170 1702 4266 ipsa
1734 4170 1771 4244 in
1802 4168 1873 4245 vita

707 4286 865 4382 mortali,
891 4286 983 4383 quia·
999 4288 1099 4383 justa
1124 4284 1286 4383 precatio
1316 4310 1384 4363 sua
1415 4288 1535 4365 morat
1564 4289 1735 4365 exaudita
1764 4310 1875 4385 super

706 4415 794 4483 voto
818 4407 1061 4503 continentis,
1087 4415 1129 4482 ut
1149 4409 1226 4504 jam
1253 4408 1391 4483 dictum
1418 4416 1482 4483 est.
1510 4408 1553 4483 ut
1576 4406 1746 4484 describit
1769 4430 1809 4485 se
1829 4404 1877 4484 ab

709 4528 847 4622 habitu,
874 4528 1011 4602 virtute
1035 4533 1071 4629 et
1098 4528 1246 4603 nomine
1271 4546 1351 4624 suo,
1378 4528 1519 4605 dicens:
1539 4532 1575 4603 io
1588 4532 1643 4624 fui
1662 4530 1720 4603 nel
1734 4533 1877 4621 modo,

709 4646 857 4742 scilicet,
883 4647 1040 4742 mortali,
1067 4651 1219 4740 moine.
1246 4647 1300 4723 Ad
1325 4648 1424 4743 quod
1450 4656 1534 4725 uota
1566 4650 1666 4745 quod
1691 4650 1879 4747 virginitas

710 4774 766 4843 est
789 4767 936 4845 habitus
951 4768 1128 4843 electivus
1146 4766 1360 4865 integritatis
1376 4770 1539 4866 corporis
1555 4770 1793 4847 observande
1812 4788 1879 4867 per

773 5028 801 5093 ι’]
818 5030 854 5089 S,
870 5029 901 5079 Ε.
916 5042 932 5079 a
948 5033 972 5090 l,
988 5028 1061 5080 Unde
1077 5029 1250 5081 centluuullrs
1266 5030 1336 5081 dicit.
1487 5032 1514 5096 (¹)
1527 5034 1558 5084 Ε.
1574 5033 1607 5084 ud
1622 5046 1694 5085 susm
1706 5028 1812 5097 jusum.
