4342 6692
663 889 735 956 tuo
1053 898 1257 955 oounnruu
1282 900 1451 954 rxnxnrsr

660 1046 1031 1121 obsidionem-Sui
1055 1048 1143 1138 quel.
1165 1045 1231 1120 llic
1247 1045 1471 1120 lustiniauus
1497 1046 1625 1120 transit
1650 1050 1833 1125 narrando

658 1169 705 1243 ad
726 1175 827 1265 gesta
848 1167 1173 1264 magnificentioria
1190 1187 1275 1262 quae
1300 1169 1393 1242 lacta
1414 1175 1501 1241 sunt
1517 1173 1598 1261 post
1614 1169 1828 1263 acquisitam

658 1288 876 1381 libertatem,
895 1308 960 1382 per
978 1295 1144 1382 tempora
1161 1288 1368 1381 consulum,
1382 1307 1467 1382 quae
1483 1288 1713 1363 duraverunt
1736 1290 1833 1364 ultra

656 1408 941 1504 quadringentos
953 1428 1080 1500 annos,
1096 1415 1133 1482 et
1145 1407 1265 1502 primo
1279 1408 1394 1504 tangit
1410 1407 1485 1482 duo
1501 1408 1592 1482 bella
1608 1411 1785 1484 terribilia
1792 1403 1831 1502 (¹)

656 1529 817 1603 duorum
847 1547 978 1624 regum
1005 1528 1351 1622 valentissimorum,
1371 1549 1532 1623 quorum
1560 1551 1657 1602 unus
1682 1530 1834 1605 veniens

658 1651 706 1724 ab
730 1648 918 1723 occidente
943 1648 1100 1722 Romam
1121 1648 1313 1741 destruxit,
1331 1648 1423 1722 alter
1443 1648 1491 1721 ab
1508 1648 1651 1724 oriente
1676 1649 1833 1724 Romam

657 1768 794 1844 afflixit.
821 1767 876 1842 Ad
894 1768 1166 1864 intelligentiam
1187 1767 1295 1863 primi
1313 1775 1370 1842 est
1385 1768 1575 1842 sciendum
1602 1769 1712 1864 quod,
1737 1770 1833 1845 sicut

657 1890 781 1964 scribit
810 1889 932 1963 Livius
964 1889 1056 1963 libro
1087 1889 1128 1982 V,
1158 1888 1244 1985 galli
1277 1909 1443 1984 senones,
1468 1911 1559 1986 gens
1591 1889 1707 1984 lerox,
1735 1891 1832 1965 duce

659 2012 803 2108 Brenno
824 2010 961 2084 ltaliam
982 2010 1135 2106 ingressi
1153 2016 1429 2105 occupaverunt
1453 2009 1534 2084 loca
1559 2010 1654 2084 inter
1678 2011 1779 2104 alpes
1794 2016 1833 2085 et

658 2133 818 2223 Padum3
836 2138 874 2206 et
892 2152 964 2205 non
981 2131 1142 2205 contenti
1162 2131 1218 2204 bis
1235 2131 1387 2206 transito
1405 2131 1593 2224 Apennino
1610 2131 1647 2204 in
1664 2132 1833 2206 Tusciam

658 2252 875 2326 infestabant
891 2252 1053 2326 Clusium
1073 2251 1275 2345 civitatem;
1293 2251 1357 2326 sed
1373 2253 1501 2326 eliensi
1521 2273 1543 2326 a
1561 2251 1690 2348 legatis
1709 2273 1831 2328 roma·

658 2393 791 2447 norum
810 2379 1070 2447 converterunt
1089 2374 1254 2447 furorem
1272 2379 1402 2446 contra
1427 2372 1595 2446 Romam.
1615 2373 1758 2446 Etcum
1775 2373 1831 2446 di-

656 2493 869 2587 spersissent
892 2512 1087 2566 romanum
1112 2492 1315 2567 exercitum
1338 2492 1459 2587 primo
1481 2492 1620 2586 impetu
1646 2491 1831 2566 inordina-

656 2620 736 2686 tum
763 2611 859 2705 apud
885 2611 1025 2686 Albiarn
1052 2613 1203 2705 llumen,
1229 2621 1408 2707 ceperunt
1433 2614 1564 2687 urbem
1587 2613 1829 2707 improvidam

658 2733 888 2827 imparatam,
915 2731 1014 2807 terro
1040 2739 1077 2806 et
1103 2733 1187 2828 igne
1204 2739 1389 2808 vastantes
1404 2733 1546 2827 omuia3
1568 2754 1643 2827 quo
1664 2741 1832 2829 tempore

658 2853 821 2928 maxime
833 2853 962 2928 enituit
975 2854 1033 2928 illa
1049 2875 1202 2928 romana
1217 2853 1343 2928 virtus.
1354 2855 1446 2927 Nam
1460 2855 1622 2928 seniores
1633 2851 1830 2948 assumptis

657 2973 857 3070 insignibus
882 2974 1064 3048 bonorum
1098 2975 1322 3070 inpropriis
1354 2975 1500 3048 sedibus
1532 2974 1699 3048 trucidati
1730 2979 1828 3048 sunt.

657 3096 816 3169 iuvenes
841 3114 932 3168 vero
958 3095 1051 3168 forte
1067 3086 1104 3186 (²)
1132 3094 1232 3168 mille
1256 3114 1414 3168 numero
1440 3115 1564 3168 arcem
1582 3094 1745 3188 Capitolii
1763 3115 1830 3189 per

656 3235 720 3288 sex
749 3233 892 3288 menses
917 3212 1169 3288 detonderunt.
1196 3214 1356 3288 Tandem
1377 3234 1466 3288 cum
1487 3213 1625 3288 obsidio
1651 3212 1830 3288 barbaros

655 3335 823 3430 latigaret
856 3340 892 3408 et
925 3333 1050 3427 lamas,
1085 3334 1227 3408 romani
1262 3334 1360 3409 mille
1394 3334 1504 3408 libras
1535 3333 1617 3408 auri
1650 3333 1830 3429 promise-

655 3460 743 3526 runt
768 3472 836 3547 pro
861 3472 1028 3546 recessu3
1055 3453 1119 3527 sed
1144 3474 1231 3526 cum
1263 3453 1349 3548 galli
1382 3452 1552 3548 superbia
1586 3460 1623 3528 et
1655 3452 1825 3527 iniustitia

657 3579 851 3646 uterentur
875 3573 913 3646 in
940 3572 1227 3667 mensuratione,
1245 3593 1333 3647 ecce
1349 3572 1639 3646 virtuosissimos
1655 3571 1826 3646 Camillus

654 3693 742 3767 exul
759 3692 822 3786 qui
840 3698 988 3768 creatus
1007 3691 1161 3766 dictator
1177 3693 1320 3787 absens,
1338 3693 1498 3768 collectis
1515 3692 1677 3767 romanis
1688 3693 1826 3787 disper-

655 3813 703 3888 sis
728 3820 765 3888 et
790 3812 935 3888 auxiliis
959 3812 1178 3907 amicorum,
1204 3813 1319 3910 gallos
1344 3834 1541 3910 aggressus
1565 3833 1696 3887 omnes
1713 3811 1828 3888 truci·

655 3933 765 4027 davit,
791 3939 828 4008 et
853 3933 995 4008 cineres
1020 3933 1203 4028 gallorum
1230 3932 1409 4029 sanguine
1433 3953 1565 4007 eorum
1591 3932 1756 4006 extinxit
1775 3931 1829 4006 lul

655 4053 874 4129 evidentiam
889 4054 1038 4129 secundi
1053 4061 1109 4128 est
1125 4053 1315 4129 sciendum
1334 4053 1433 4146 quod
1448 4054 1611 4149 Pyrrhus
1627 4052 1674 4128 de
1690 4073 1829 4149 genere

656 4174 798 4250 bebillis
820 4174 1060 4250 consobrinus
1071 4173 1268 4248 Alexandri
1286 4173 1410 4270 magni
1429 4193 1494 4248 rex
1512 4173 1622 4268 Epiri,
1639 4193 1725 4268 quae
1741 4193 1830 4268 pro-

658 4295 775 4370 vincia
802 4295 950 4370 Graeciae
976 4293 1149 4369 dividitur
1173 4315 1197 4368 a
1222 4293 1388 4369 Calabria
1414 4299 1573 4390 angusto
1593 4292 1700 4387 mari,
1717 4312 1829 4368 voca-

655 4422 764 4490 tusa
790 4413 980 4490 tarentinis
1004 4420 1133 4488 contra
1160 4434 1344 4507 romanos,
1371 4433 1507 4508 magua
1537 4413 1632 4487 bella
1655 4411 1766 4508 gessit
1790 4412 1835 4486 iu

656 4537 766 4631 ltalia,
792 4542 830 4611 et
855 4555 951 4630 supe
971 4533 1087 4608 victor
1108 4533 1246 4608 auxilio
1263 4534 1556 4629 elephantorum,
1573 4553 1668 4625 quos
1684 4533 1827 4626 primus

655 4657 759 4731 duxit
784 4657 821 4730 in
851 4656 1002 4750 ltaliam,
1027 4654 1152 4729 omnia
1185 4661 1331 4729 vastans
1365 4653 1466 4729 venit
1497 4673 1563 4748 per
1588 4652 1824 4748 Campaniam

655 4797 775 4871 usque
800 4777 1006 4868 Praeneste;
1034 4775 1180 4850 tandem
1200 4773 1317 4848 victus
1333 4774 1471 4850 virtute
1496 4773 1649 4848 Fabricii
1671 4779 1709 4848 et
1725 4773 1825 4848 Curii
