4342 6692
757 932 897 987 cautus
921 932 1085 987 mnus.
1437 922 1510 989 375

338 1078 467 1173 telum;
491 1084 530 1153 et
556 1079 666 1153 telam
693 1082 801 1151 vocat
824 1076 938 1171 ipsam
957 1076 1162 1150 orationem
1183 1094 1268 1170 quta
1286 1075 1424 1149 texitur
1440 1076 1509 1147 lin-

337 1216 423 1294 gua
437 1200 663 1291 -Perlctlm
688 1196 794 1269 Nunc
817 1195 953 1269 bantes
973 1194 1074 1289 ponit
1090 1194 1295 1269 orationem
1321 1194 1434 1289 ipsius
1450 1193 1510 1267 Pt-

337 1316 496 1411 cbardoe,
512 1338 597 1411 quae
616 1316 737 1411 primo
753 1314 983 1389 laudabiliter
999 1314 1169 1389 describit
1187 1315 1332 1390 beatarn
1352 1316 1510 1410 Claram,

337 1438 445 1512 cuius
470 1438 636 1535 regulam
663 1436 739 1531 ipsa
764 1435 976 1509 intraverat.
1002 1435 1046 1507 Et
1070 1435 1116 1510 ad
1142 1436 1279 1510 claram
1306 1436 1510 1532 intelligen-

339 1558 428 1633 tiam
453 1558 557 1632 istius
569 1549 607 1651 (¹)
635 1556 749 1631 literae
774 1560 831 1629 est
854 1554 1132 1651 praesciendum,
1155 1556 1253 1651 quod
1280 1557 1385 1631 beata
1404 1556 1509 1631 Clara

338 1676 489 1753 omnine
513 1685 551 1751 et
575 1695 629 1768 re,
655 1675 742 1769 quia
767 1674 910 1771 magnis
936 1674 1133 1750 virtutibus
1156 1678 1299 1771 claruit,
1325 1677 1394 1750 luit
1421 1696 1511 1751 con·

340 1805 511 1873 terranea
536 1804 573 1873 et
597 1805 906 1891 contemporanea
932 1796 1029 1871 beati
1058 1796 1251 1891 Francisei,
1277 1798 1357 1872 eius
1376 1798 1509 1873 dilecta

338 1924 379 1993 et
401 1917 544 2011 devota,
571 1938 657 2012 quae
680 1917 717 1991 in
741 1916 914 1992 omnibus
940 1916 1036 1991 illius
1059 1917 1210 2013 vestigia
1229 1918 1343 1993 voluit
1364 1918 1510 2013 imitari,

340 2040 378 2113 in
401 2045 628 2135 paupertate,
645 2037 809 2131 caritate,
831 2037 1046 2131 bumilitate,
1066 2038 1274 2132 sobrietate,
1296 2039 1454 2134 puritate
1474 2048 1512 2114 et

339 2160 578 2257 simplicitate.
593 2160 679 2233 llaec
696 2177 859 2253 namque
870 2157 1114 2232 sacratissima
1129 2164 1165 2233 et
1178 2158 1377 2233 clarissima
1396 2160 1511 2257 virgo,

341 2278 554 2354 baereditate
579 2278 737 2372 vendita,
762 2278 810 2351 de
839 2276 958 2372 pretio
972 2270 1010 2369 (¹)
1037 2277 1123 2352 nihil
1158 2298 1363 2373 reservans,
1394 2287 1511 2387 toturn

340 2400 563 2496 pauperibus
588 2400 776 2495 erogavit3
802 2404 840 2474 et
864 2418 1032 2473 amorem
1059 2420 1144 2473 eum
1178 2408 1393 2495 paupertate
1424 2421 1513 2475 con-

339 2518 463 2611 traxit,
489 2525 531 2592 ut
558 2517 643 2591 nibil
669 2523 803 2612 praeter
827 2518 946 2592 Deum
974 2518 1111 2593 babere
1136 2520 1255 2613 vellet,
1283 2511 1417 2613 nibill³t
1447 2521 1512 2593 nisi

343 2637 590 2713 necessarium
617 2637 874 2711 vestimentum
893 2642 931 2711 et
951 2637 1088 2711 rictum
1113 2640 1340 2732 permitteret
1366 2660 1513 2714 asoro-

344 2758 446 2831 ribus
470 2756 590 2851 recipi.
618 2758 772 2831 Etcum
798 2756 998 2852 Gregorius
1026 2758 1075 2831 lx
1105 2756 1213 2833 vellet
1243 2758 1355 2853 ipsam
1391 2760 1514 2833 absol-

346 2896 433 2952 vere
456 2897 479 2950 a
504 2883 591 2951 roto
612 2883 685 2950 tam
707 2881 820 2951 arctae
836 2877 1072 2970 paupertatis,
1093 2878 1277 2972 respondit
1296 2880 1371 2952 alto
1388 2878 1512 2953 animo

281 3082 286 3095 ,
345 2995 449 3091 virgo
474 2978 661 3090 praeclara,
687 3016 727 3071 se
751 2996 847 3069 velle
870 2996 1007 3069 absolvi
1034 3016 1056 3068 a
1082 2996 1249 3090 peccatis,
1277 3018 1349 3072 non
1375 3020 1396 3073 a
1424 3018 1513 3073 con-

344 3114 430 3189 siliis
461 3114 546 3189 lesu
582 3114 724 3189 Christi.
759 3114 921 3210 legebat
957 3114 1069 3210 igitur
1103 3117 1343 3190 tenerrimum
1378 3138 1514 3212 eorpu-

343 3236 488 3310 sculum
516 3234 643 3329 simpla
669 3232 830 3309 tunicula
861 3241 899 3307 et
924 3233 983 3307 rili
1006 3234 1169 3328 palliolo:
1200 3235 1234 3308 in
1270 3236 1368 3311 nuda
1398 3238 1513 3313 bomo
1549 3230 1551 3237 ’

345 3374 442 3451 saepe
471 3376 583 3451 super
616 3362 802 3428 sarmenta
826 3354 984 3450 jacebat,
1011 3361 1048 3428 et
1074 3355 1252 3429 nodosum
1280 3356 1437 3430 cilicium
1465 3377 1510 3431 ex

344 3475 424 3571 pilis
439 3476 666 3551 camelorum
694 3474 873 3569 portabat,
892 3474 958 3548 etsi
975 3473 1172 3567 aliquando
1198 3476 1342 3549 mollius
1368 3498 1434 3551 usa
1461 3484 1516 3551 est

344 3616 452 3671 sacco
476 3596 679 3690 palearum.
696 3596 790 3670 Cum
816 3600 942 3667 autem
969 3593 1073 3668 luror
1099 3595 1269 3669 Friderici
1288 3598 1329 3689 ll,
1347 3598 1408 3691 qui
1429 3606 1516 3672 tunc

345 3715 504 3790 vexabat
522 3734 713 3789 romanam
731 3712 920 3789 ecclesiam
940 3714 1142 3787 induxisset
1161 3734 1356 3790 saracenos
1372 3716 1419 3791 de
1439 3718 1516 3789 Nu-

345 3836 445 3911 ceria
471 3856 590 3929 usque
614 3834 800 3927 bssisium,
818 3833 897 3908 bac
917 3835 1093 3928 praeclara
1119 3834 1236 3930 virgo,
1258 3835 1423 3910 invocata
1444 3836 1517 3911 Re·

347 3956 433 4053 gina
458 3954 656 4051 virginum,
682 3954 947 4029 monasterium
981 3974 1091 4027 suurn
1125 3976 1147 4029 a
1177 3956 1420 4030 barbarorum
1449 3976 1517 4029 sre-

349 4076 434 4151 rilia
467 4075 635 4151 liberavit
667 4083 705 4149 et
738 4074 921 4149 civitatem
956 4072 1003 4147 ab
1036 4074 1233 4150 obsidione.
1269 4076 1516 4173 Quadraginta

348 4195 492 4271 duobus
515 4194 621 4270 annis
646 4196 725 4270 baec
748 4194 856 4291 virgo
878 4214 1033 4269 currens
1054 4195 1090 4268 in
1111 4195 1238 4289 stadio,
1258 4198 1403 4272 tandem
1430 4199 1516 4271 bra-

349 4316 449 4389 vium
475 4316 709 4390 beatitudinis
732 4321 790 4390 est
812 4315 960 4410 adepta:
986 4314 1045 4388 cui
1075 4316 1243 4390 redeunti
1273 4318 1318 4391 ad
1348 4318 1517 4412 patriam,

347 4434 487 4531 Regina
502 4436 721 4531 augelorum
749 4456 883 4531 magna
909 4435 1016 4507 turba
1044 4435 1227 4531 virginum
1255 4438 1426 4512 comitata
1452 4459 1517 4513 oe-

348 4554 477 4646 currit,
501 4560 538 4629 et
563 4575 633 4629 suo
655 4556 813 4651 suscepit
832 4554 869 4627 in
885 4554 1048 4650 gremio:
1067 4556 1463 4649 quam'Alexandeer
1478 4546 1517 4651 (⁸)
1629 4620 1631 4627 .

349 4679 496 4769 propter
521 4674 701 4748 virtutum
729 4675 859 4749 merita
885 4680 923 4748 et
947 4674 1214 4749 miraculorum
1238 4696 1371 4773 magna
1398 4678 1519 4773 prodi-

348 4794 411 4891 gia
433 4801 645 4868 sanctorum
672 4793 838 4890 catalogo
862 4794 977 4868 libens
999 4794 1197 4890 adscripsit.
1226 4797 1330 4871 Nunc
1360 4799 1406 4872 ad
1439 4799 1519 4873 lite-

412 4984 439 5044 ζ’]
453 4983 479 5033 S.
496 4983 573 5033 bolus
590 4984 680 5034 litere.
943 4983 974 5045 (¹)
989 4988 1012 5041 t.
1030 4985 1115 5047 prelio
1130 4985 1176 5034 sibi
1194 4986 1266 5036 nibil.

414 5060 441 5121 (b
456 5059 486 5109 Ε.
503 5063 531 5107 el
545 5057 617 5109 uibll.
943 5058 975 5120 (ἦ
988 5058 1019 5108 B.
1034 5065 1142 5124 eunus
1157 5074 1222 5124 papa
1239 5067 1353 5125 propter.
