4342 6692
600 900 740 956 caurus
765 901 957 955 vrsnsruus
981 899 1177 956 sncuuous.
1425 888 1472 956 85

300 1048 417 1146 poetis
443 1045 560 1120 latinis
586 1045 683 1119 lama
708 1043 838 1142 dignis,
855 1045 915 1119 cni
941 1043 1113 1141 Virgilius
1130 1044 1323 1138 respondet
1342 1046 1389 1120 de
1406 1045 1473 1120 illis

299 1177 338 1245 et
361 1167 439 1242 aliis
466 1165 590 1240 multis
616 1170 691 1238 tam
717 1165 847 1260 graecis
873 1186 986 1260 quam
1013 1164 1143 1258 latinis
1161 1165 1253 1240 Dicit
1277 1185 1367 1262 ergo
1390 1167 1474 1242 Sta-

300 1290 393 1363 tius:
425 1294 474 1360 l'u
498 1289 649 1378 dunque,
674 1287 781 1380 poeta
814 1306 961 1382 magne,
987 1287 1047 1358 cte
1075 1289 1189 1360 boeto
1219 1289 1279 1360 dot
1300 1290 1329 1361 tl
1351 1309 1474 1382 coper-

301 1412 389 1500 ctto‚
424 1408 532 1500 idest,
566 1407 629 1502 qni
662 1407 826 1483 detexisti
860 1409 984 1483 velum
1024 1407 1240 1503 ignorantiae
1275 1431 1380 1504 meae,
1414 1409 1476 1485 cte

301 1533 346 1602 ru'
359 1525 557 1602 oscendeou
582 1535 713 1620 poento
743 1527 827 1602 bene
854 1531 889 1600 io
919 1531 1010 1617 dico,
1041 1527 1187 1622 scilicet,
1213 1528 1352 1603 bonum
1379 1529 1473 1625 lidei,

302 1650 380 1724 sine
405 1670 481 1743 qno
506 1669 580 1723 non
606 1647 819 1743 pervenitur
844 1649 889 1723 ad
911 1669 1101 1722 summum
1123 1648 1279 1744 bonum,
1297 1651 1401 1744 quasi
1418 1651 1475 1724 di·

301 1777 380 1846 cat:
406 1769 470 1864 qui
496 1770 610 1845 iecisti
635 1789 697 1844 me
722 1769 982 1864 christianum3
1008 1770 1067 1844 vel
1094 1769 1168 1843 dic:
1194 1776 1235 1842 tu
1262 1772 1388 1846 levasti
1408 1791 1475 1846 re-

303 1890 437 1983 lamen,
462 1890 532 1963 snb
558 1909 634 1985 quo
659 1889 799 1963 stabam
825 1890 1004 1982 occultus,
1022 1888 1108 1982 quia
1127 1889 1262 1964 scilicet
1278 1891 1475 1987 ignoraba-

302 2016 365 2083 tur
389 2016 517 2085 utrum
544 2029 662 2084 essem
690 2015 861 2084 mortuus
884 2031 1049 2106 paganus
1073 2031 1122 2083 an
1147 2009 1384 2105 christianus;
1410 2012 1474 2086 sed

302 2131 403 2226 prior
420 2129 596 2226 expositio
615 2127 758 2204 videtur
778 2130 893 2225 magis
910 2130 1029 2204 amica
1047 2130 1182 2223 literae3
1200 2135 1238 2204 et
1256 2130 1360 2205 dicit:
1378 2153 1474 2209 men·

303 2259 356 2326 tre
378 2253 439 2323 cire
463 2253 521 2324 del
542 2252 650 2323 solue
675 2269 775 2324 ouen
799 2253 991 2341 severella,
1014 2251 1116 2345 idest,
1134 2251 1251 2326 donec
1277 2259 1389 2326 restat
1407 2253 1475 2327 ali·

296 2367 390 2466 ‘quid
415 2372 461 2446 de
486 2371 544 2445 dio
569 2369 606 2444 in
632 2391 706 2464 qno
731 2371 930 2446 ascendere
954 2392 1168 2466 possumus,
1193 2375 1340 2446 dimnre:
1364 2371 1477 2450 doo'd

310 2495 476 2564 Terenzto
500 2498 623 2565 norbo
654 2493 780 2565 culmo.
806 2491 872 2564 Hic
901 2491 1093 2565 Terentius
1121 2490 1190 2564 luit
1219 2499 1327 2587 poeta
1357 2493 1476 2567 mani-

304 2633 388 2685 mus
401 2604 453 2705 (¹),
479 2611 542 2706 qui
560 2610 700 2706 scripsit
716 2611 916 2686 comoedias
932 2611 1164 2686 delectabiles
1183 2612 1322 2706 Romae,
1340 2613 1377 2686 in
1394 2613 1477 2708 qui·

305 2732 374 2806 bns
399 2731 547 2826 proprio
571 2731 758 2826 descripsit
776 2752 900 2806 mores
912 2731 1108 2828 juvenum,
1125 2731 1282 2827 senium,
1308 2733 1477 2808 domino·

305 2873 404 2946 rum,
431 2871 638 2946 serrorum,
665 2851 917 2945 meretricum,
949 2851 1136 2946 lenonum,
1167 2852 1401 2927 adulatorum
1417 2846 1475 2950 (Ἲς

305 2973 374 3046 luit
399 2971 546 3047 natione
571 2971 858 3067 carthaginensi,
884 2971 1039 3046 Romam
1065 2972 1166 3047 venit
1191 2973 1356 3066 captivus
1381 2979 1477 3048 tem-

307 3112 396 3190 pore
423 3092 546 3187 magni
573 3091 766 3185 Scipionis,
795 3112 867 3166 uon
893 3091 1059 3185 pileatus,
1081 3091 1175 3166 sicut
1190 3098 1246 3166 est
1270 3093 1477 3167 communis

306 3233 413 3290 error
440 3211 656 3301 multorum,
682 3210 768 3306 quia
795 3210 854 3285 ille
877 3210 944 3284 luit
966 3210 1060 3286 alter
1077 3211 1269 3286 'terentius
1289 3233 1477 3307 romanus,

308 3335 482 3409 liberatus
507 3353 573 3428 per
598 3330 815 3426 Scipionem,
843 3337 883 3404 ut
908 3337 1008 3426 patet
1032 3351 1098 3427 per
1123 3331 1322 3426 Valerium,
1344 3337 1381 3406 et
1406 3333 1480 3406 llu-

309 3454 451 3530 sebinm
483 3453 576 3527 libro
607 3458 839 3546 temporum:
872 3452 918 3525 de
943 3451 1012 3524 isto
1043 3452 1162 3526 dicam
1195 3453 1337 3547 plenius
1367 3473 1480 3546 super

310 3573 465 3648 Valerio.
497 3573 632 3662 cecilio,
648 3572 743 3644 alius
759 3577 866 3666 poeta
884 3571 1028 3666 latinns,
1046 3571 1154 3645 cuius
1170 3572 1367 3646 sententias
1384 3593 1481 3668 saepe

309 3694 407 3789 ponit
432 3693 636 3767 Macrobius
668 3692 760 3766 libro
791 3691 1053 3786 Saturnalium,
1080 3712 1173 3786 quas
1204 3693 1373 3788 Virgilius
1397 3693 1481 3769 imi-

308 3821 432 3908 tatur;
459 3816 594 3888 Plauto.
624 3814 688 3887 llic
714 3813 782 3886 luit
809 3812 936 3886 nobilis
961 3818 1067 3908 poeta
1094 3812 1228 3887 latinus
1240 3804 1291 3906 (³),
1318 3821 1359 3887 ut
1384 3819 1483 3909 patet

309 3955 376 4030 per
400 3935 559 4009 Tullium
586 3933 622 4008 in
652 3933 772 4029 primo
804 3933 1110 4027 Tusculanarum,
1136 3932 1204 4006 luit
1229 3935 1482 4027 eloquentissi-

310 4077 395 4130 mus
420 4074 488 4130 suo
514 4061 692 4150 tempore,
713 4058 749 4128 et
769 4059 971 4128 scommata
1001 4053 1128 4148 pulcra
1157 4053 1304 4148 taciens,
1327 4061 1367 4128 ut
1391 4057 1483 4130 scri-

310 4175 363 4248 bit
394 4175 435 4248 A.
474 4173 610 4248 Gellius
643 4173 735 4248 libro
769 4171 938 4246 Noctium
969 4172 1177 4268 atticarum,
1210 4180 1248 4248 et
1278 4175 1481 4249 secundum

312 4296 490 4372 Senecam
516 4295 583 4368 luit
608 4294 780 4388 sarcinas,
807 4291 910 4387 idest,
927 4293 974 4368 de
993 4293 1142 4368 Sarcina
1161 4294 1310 4388 antiqua
1338 4295 1483 4371 civitate

310 4417 583 4491 llomandiolae:
608 4413 750 4510 scripsit
775 4415 920 4510 pulcras
934 4415 1145 4489 ,oomoedias
1174 4415 1212 4487 in
1243 4415 1370 4489 maiori
1396 4437 1484 4514 oge-

311 4543 404 4612 state
437 4558 551 4632 quam
586 4535 733 4627 Statius,
759 4534 845 4628 qnia
877 4534 924 4609 de
955 4535 1014 4610 die
1047 4535 1218 4609 volvebat
1246 4537 1383 4609 molam
1416 4557 1484 4631 pro

312 4658 423 4753 rictu,
449 4657 497 4732 de
522 4660 629 4730 nocte
654 4674 746 4730 vero
766 4655 958 4730 scribebat.
985 4659 1018 4728 Ε
1044 4660 1170 4728 Varro.
1196 4655 1261 4731 llic
1285 4654 1353 4730 luit
1377 4664 1482 4752 poeta

374 4969 403 5033 (¹)
422 4973 474 5028 ¹¹⁷·
492 4983 609 5034 magnus.
859 4967 886 5030 ω
901 4967 928 5018 S.
944 4968 1133 5019 adulterorum.

374 5046 402 5106 Ρ)
420 5050 474 5107 117,
490 5045 587 5097 latinus
602 5051 662 5098 anto
678 5047 831 5098 Terentium
847 5046 976 5110 antiquior
993 5047 1075 5108 poetis
1092 5046 1187 5108 latinis,
1202 5050 1234 5096 nt
1248 5049 1327 5109 patet.
