4342 6692
747 884 889 941 cunnus
913 886 1074 940 ruamus.
1426 876 1497 945 377

324 1035 498 1124 otiosam
523 1039 561 1105 et
586 1050 676 1105 vere
700 1031 903 1105 claustrum
938 1030 1046 1105 dulce
1074 1036 1130 1105 est
1162 1038 1198 1105 et
1230 1033 1334 1126 quasi
1366 1033 1499 1108 umbra

328 1152 483 1247 paradisi
509 1150 544 1226 in
567 1150 723 1243 mund0;
742 1150 804 1223 ubi
821 1152 998 1224 saeculum
1017 1156 1072 1224 est
1090 1170 1260 1225 amarum
1279 1158 1315 1225 et
1333 1152 1499 1227 internus
1578 1156 1580 1159 ’

326 1272 540 1348 virentium.
566 1272 612 1345 Et
636 1271 818 1345 concludit
843 1270 1020 1345 Picbarda
1054 1271 1105 1344 in
1122 1272 1217 1359 iacto
1246 1292 1326 1365 suo,
1356 1272 1500 1347 dicens:
1595 1336 1624 1366 ¹.

326 1397 440 1468 ento
463 1397 495 1467 si
517 1414 561 1466 so
586 1394 650 1484 poi
677 1395 762 1483 quot
793 1395 865 1464 mio
897 1394 968 1465 vito
996 1396 1080 1486 lusi,
1105 1382 1193 1487 quia
1214 1393 1286 1466 tuit
1315 1392 1437 1493 brevis
1463 1392 1499 1465 in
1600 1446 1604 1452 ·

326 1533 482 1610 corpore
506 1513 653 1587 inlirmo
679 1512 715 1585 in
745 1518 871 1586 sancto
903 1513 1207 1608 proposito-E
1235 1521 1362 1606 quesm
1395 1513 1500 1587 Nunc
1595 1496 1597 1501 ’

327 1634 502 1709 Picbarda
527 1632 698 1707 describit
715 1632 822 1707 aliam
840 1633 1015 1726 animam,
1033 1656 1117 1726 quae
1135 1634 1202 1708 luit
1219 1634 1259 1708 in'
1276 1624 1381 1707 simili
1400 1639 1500 1707 sorte

328 1775 468 1849 secum,
494 1753 577 1829 licet
602 1774 674 1827 non
701 1754 870 1829 babuerit
895 1754 1068 1829 eumdem
1096 1754 1248 1829 exitum.
1267 1755 1311 1829 Et
1333 1762 1373 1829 ιιι
1395 1755 1499 1829 litera

326 1894 484 1969 sequens
508 1874 554 1947 sit
578 1873 723 1966 clarior,
749 1880 893 1967 oportet
909 1873 1015 1966 scire,
1033 1874 1131 1967 quod
1149 1875 1229 1949 baec
1248 1882 1384 1971 magna
1403 1875 1500 1957 Con-

326 1993 457 2069 stantia
484 1992 551 2066 luit
577 1992 648 2065 lilia
673 1992 843 2067 Guilelmi
870 1991 1055 2085 quondam
1081 1992 1208 2087 optimi
1233 1993 1328 2089 regis
1348 1992 1498 2085 Siciliae3

329 2115 366 2189 in
391 2114 498 2189 cuius
522 2119 606 2187 ortu
634 2112 781 2207 quidam
808 2113 970 2187 inachim
1003 2113 1157 2188 Calaber
1189 2113 1315 2209 spiritu
1344 2114 1499 2209 propbe-

328 2232 399 2309 tico
425 2234 581 2327 dotatus,
607 2232 774 2327 predixit
797 2232 980 2307 Guilelmo
1010 2232 1123 2307 liliam
1156 2239 1278 2306 natam
1308 2232 1437 2306 Siciliae
1462 2238 1499 2306 et

325 2353 436 2428 ltaliae
467 2352 729 2428 desolationem
760 2353 936 2427 iuturam.
968 2353 1046 2428 lien
1074 2352 1248 2431 uaticinio
1277 2354 1501 2449 stupetactus

326 2480 365 2549 et
389 2474 551 2569 territus,
577 2473 664 2568 quia
688 2475 736 2548 ab
764 2480 918 2568 experto
949 2474 1123 2549 credebat
1156 2473 1235 2547 viro
1269 2474 1501 2569 amplissimae

327 2593 544 2686 autoritatis,
571 2601 652 2688 post
676 2594 822 2690 longam
851 2593 1122 2669 meditationem
1147 2593 1285 2687 volens,
1309 2594 1336 2667 si
1366 2600 1499 2689 posset,

330 2720 501 2789 avertere
526 2714 641 2788 latum
668 2734 796 2810 regno,
818 2714 997 2789 dedicavit
1022 2713 1136 2809 ipsam
1164 2714 1239 2788 Deo
1265 2713 1301 2788 in
1328 2715 1501 2807 claustro,

330 2840 372 2907 ut
395 2833 447 2907 sic
471 2832 590 2907 omnis
614 2854 697 2927 spes
721 2834 789 2907 viri
815 2833 874 2908 uel
891 2834 952 2907 filii
970 2834 1173 2908 tolleretur.
1191 2833 1281 2921 Quae
1302 2854 1387 2907 cum
1401 2833 1501 2928 jam-

327 2954 389 3028 diu
416 2960 541 3028 sancte
566 2953 713 3027 vixisset
738 2954 774 3026 in
800 2953 887 3046 otio,
914 2961 1064 3028 mortuo
1089 2952 1315 3027 sanctissimo
1339 2958 1444 3047 patre
1464 2961 1501 3027 et

328 3074 442 3147 tratre
465 3073 556 3166 eius,
583 3093 657 3147 non
680 3077 830 3147 extante
855 3056 1001 3147 baerede
1026 3072 1200 3168 legitimo,
1228 3071 1375 3165 quidam
1405 3072 1501 3146 Tau-

327 3195 463 3271 credus
486 3194 651 3289 Regulus
674 3192 720 3267 de
745 3193 858 3287 stirpe
881 3193 1114 3268 transversali
1132 3191 1290 3287 suscepit
1308 3192 1411 3289 regni
1428 3212 1500 3289 gu·
1597 3280 1605 3297 ,

328 3314 585 3406 bernaculum,
610 3319 647 3389 et
671 3321 752 3409 post
776 3334 864 3388 euru
882 3312 1086 3387 Guilelmus
1105 3311 1252 3408 juvenis
1278 3312 1373 3386 iilius
1398 3312 1499 3405 eius3

328 3457 376 3509 ex
402 3456 478 3529 quo
508 3434 643 3507 iactum
671 3441 738 3526 est,
758 3415 807 3507 ¹ut
835 3433 957 3508 nobile
991 3454 1150 3529 regnum
1183 3432 1292 3507 variis
1317 3432 1431 3526 iuriis,
1459 3439 1500 3506 ut

328 3555 430 3649 olim,
455 3561 655 3629 vexaretur
678 3554 782 3629 bellis
805 3560 842 3629 et
867 3553 1104 3629 seditionibus
1124 3552 1309 3628 intestinis.
1333 3553 1501 3648 Quapro-

329 3682 411 3770 pter
435 3675 627 3749 decretum
653 3681 708 3750 est
726 3695 793 3770 pro
811 3674 986 3767 remedio,
1004 3680 1046 3747 ut
1062 3673 1271 3749 Constantia
1292 3673 1501 3749 traderetur

328 3794 437 3870 alicui
465 3814 598 3891 magno
619 3794 783 3889 principi,
800 3794 907 3868 cuius
925 3792 1084 3888 potentia
1110 3798 1150 3867 ct
1172 3812 1284 3888 opera
1302 3812 1499 3868 succurre·

329 3920 435 3989 retur
460 3934 587 4011 regno.
612 3913 772 3989 Tandem
791 3934 877 3987 cum
897 3932 1033 4007 magno
1051 3912 1177 3986 labore
1194 3918 1231 3987 ot
1251 3911 1334 3985 dolo
1352 3912 1411 3985 vix
1433 3912 1500 3987 nb-

330 4042 472 4109 tentum
498 4040 565 4125 est,
584 4040 625 4107 ut
643 4034 852 4109 Constantia
877 4055 900 4107 a
926 4032 1110 4128 religionis
1127 4030 1310 4127 proposito
1328 4052 1499 4107 movere·

329 4160 393 4228 tur
408 4147 464 4249 (Ἲς
489 4159 527 4229 et
550 4154 798 4230 consentiente
822 4173 971 4227 summo
996 4152 1169 4227 Pontilice
1199 4152 1320 4247 nupsit
1343 4151 1500 4227 ilenrico

330 4274 541 4369 imperatori
557 4274 630 4348 lilio
646 4273 817 4349 Friderici
831 4275 857 4346 l.
875 4274 919 4348 Et
934 4273 1098 4369 deposito
1116 4273 1329 4369 virginitatis
1346 4273 1499 4368 pudore,

329 4416 442 4490 quam
470 4400 685 4490 perpetuam
711 4395 788 4468 lieo
813 4399 965 4468 voverat
989 4393 1027 4466 in
1052 4392 1138 4487 vita,
1158 4393 1322 4488 concepit
1347 4414 1393 4469 ex
1422 4392 1501 4471 ¹viro

328 4534 415 4589 curn
442 4513 684 4588 admiratione
708 4513 889 4605 omnium,
909 4534 994 4588 cum
1016 4514 1095 4609 jam
1121 4520 1217 4587 esset
1242 4513 1365 4588 vetula
1392 4513 1501 4607 quin-

331 4634 505 4731 quaginta
544 4634 709 4727 quinque
744 4653 938 4707 annorum.
973 4634 1067 4708 Cum
1104 4640 1230 4707 autem
1266 4634 1335 4709 boc
1373 4634 1498 4709 lictum

330 4755 545 4831 crederetur
569 4774 593 4827 a
620 4753 753 4847 multis,
779 4753 826 4827 ad
853 4753 1046 4828 tollendam
1073 4774 1222 4828 omnem
1243 4752 1498 4849 suspicionem,

390 5013 419 5077 ι’)
432 5012 459 5066 8.
476 5020 664 5065 miscetur.
