4342 6692
1427 882 1499 949 dli
1533 880 1536 886 ’

322 1161 494 1231 fflNTUS
517 1161 695 1241 SEXTUS,
718 1165 753 1227 in
776 1182 837 1245 prro
858 1163 1071 1229 introducitur
1092 1163 1298 1230 dostioioms
1319 1166 1500 1247 imperator,

464 1294 606 1341 omnm
626 1274 728 1340 autito
749 1294 819 1356 mcc
839 1280 929 1358 peste
950 1244 1026 1341 dont
1046 1276 1104 1341 sut
1127 1276 1218 1359 sipno
1242 1278 1366 1359 eposio

389 1532 572 1703 Rscn
601 1630 661 1701 cte
688 1631 892 1701 denotantia
919 1630 942 1701 t’
954 1630 1075 1719 aquito
1108 1631 1211 1701 ootse.
1240 1628 1435 1721 Postquam
1463 1628 1499 1701 in

325 1748 545 1843 precedenti
571 1747 730 1843 capituto
747 1748 881 1823 nantes
898 1747 1100 1843 introduxit
1121 1747 1287 1841 spiritum
1309 1747 1497 1821 iustiniani

325 1867 374 1943 ad
399 1866 624 1963 loquendum
651 1888 790 1962 secum,
813 1888 911 1943 nunc
930 1874 1199 1961 consequenter
1220 1868 1256 1941 in
1277 1867 1445 1962 pra-senti
1462 1863 1498 1959 (¹)

327 1988 486 2084 capitulo
498 1988 544 2061 VI
564 1989 665 2083 ponit
689 1988 892 2063 orationem
912 1994 949 2063 ct
965 1987 1216 2062 narrationem
1235 1987 1330 2081 eius3
1349 1994 1387 2061 et
1403 2007 1499 2081 prn-

325 2129 411 2184 sens
435 2109 636 2204 capitutum
662 2110 707 2184 ad
735 2109 857 2183 minus
881 2108 1053 2182 dividitur
1068 2100 1105 2200 (²)
1131 2109 1166 2182 in
1193 2116 1269 2183 tres
1294 2114 1417 2203 partes
1432 2130 1499 2205 ge-

325 2229 481 2305 nerales.
499 2230 540 2303 ln
564 2230 682 2325 prima
708 2250 869 2323 quarum
886 2228 1112 2302 lastinianus
1129 2228 1290 2303 breviter
1316 2228 1500 2324 percurrit

326 2354 473 2443 tempus
487 2350 546 2422 sui
563 2349 718 2445 imperii,
735 2369 843 2423 suam
861 2347 1140 2423 conversionem
1159 2355 1197 2422 et
1215 2368 1327 2443 opera
1353 2369 1499 2444 magna.

325 2468 366 2543 ln
390 2469 552 2544 secunda
583 2468 768 2544 succincte
802 2467 1013 2563 perstringit
1038 2468 1278 2545 memoranda
1303 2475 1406 2565 gesta
1440 2489 1501 2541 ro-

328 2609 522 2663 manorum
550 2589 643 2663 iacta
674 2587 745 2661 sub
771 2588 968 2663 victorioso
997 2588 1100 2683 signo
1126 2587 1259 2681 aquitae
1285 2608 1350 2682 per
1385 2588 1498 2663 multo

326 2709 472 2802 saecuta,
489 2707 558 2781 ibi:
589 2712 642 2781 Or
665 2711 726 2799 qni
749 2710 824 2781 atto
848 2707 1067 2799 pristinem
1094 2708 1201 2781 tertia
1227 2711 1264 2781 et
1289 2707 1417 2782 uttima
1440 2727 1500 2782 re·

326 2827 478 2923 spondet
501 2827 549 2902 ad
576 2848 688 2901 unam
714 2826 926 2921 petitionem
960 2827 1099 2900 autoris
1129 2833 1166 2901 et
1196 2827 1360 2901 nominat
1388 2828 1496 2903 otiam

325 2934 488 3024 animam
514 2947 731 3021 modernam
751 2947 799 3021 de
814 2968 881 3021 sua
899 2967 1018 3042 spera,
1036 2946 1105 3021 ibi:
1128 2951 1254 3035 Quaem
1268 2951 1425 3041 pinnata.
1444 2947 1498 3023 dd

325 3070 488 3165 primum
513 3088 605 3164 ergo
630 3067 710 3141 dico
735 3068 835 3161 quod
860 3067 1084 3143 iustinianus
1114 3076 1241 3142 narrat
1270 3073 1416 3164 tempus
1440 3070 1496 3144 soi

326 3189 480 3285 imperii,
505 3188 784 3264 conversionem
810 3194 847 3261 et
881 3208 1017 3283 opera:
1044 3194 1082 3262 et
1116 3188 1235 3282 primo
1267 3190 1348 3262 vuit
1376 3190 1499 3265 dicere

326 3311 423 3407 quod
451 3330 647 3386 romanum
678 3308 875 3402 imperium
901 3309 979 3404 jam
1009 3315 1162 3384 steterat
1191 3309 1228 3383 in
1257 3311 1398 3385 Graecia
1428 3312 1499 3387 do-

324 3430 439 3505 centis
462 3430 568 3504 annis
592 3436 631 3505 et
656 3429 737 3524 ptus
762 3434 842 3523 post
866 3428 1141 3502 translationem
1168 3429 1300 3505 tactam
1321 3451 1387 3525 per
1404 3431 1500 3507 Gon·

324 3549 524 3623 stantinum
542 3548 699 3643 ‚quando
723 3547 960 3643 pervenitad
986 3570 1119 3623 manns
1145 3568 1241 3625 suas.
1268 3551 1363 3626 Dicit
1387 3573 1498 3648 ergo:

324 3673 469 3745 L'occet
491 3672 633 3759 dioto,
658 3668 762 3763 idest,
787 3670 910 3763 aquila
935 3669 1081 3765 signum
1109 3669 1246 3745 ducum
1274 3679 1312 3747 et
1337 3674 1498 3768 impera-

325 3800 449 3868 torum
468 3810 722 3883 romanorum,
739 3810 853 3883 quam
870 3790 1028 3885 appettat
1053 3810 1161 3866 arem
1193 3792 1270 3885 Dei,
1297 3794 1384 3887 quia
1401 3795 1498 3889 apud

324 3932 455 3986 omnes
471 3916 596 4005 poetas
607 3909 778 4004 antiquos
790 3908 913 4003 aquila
931 3910 1063 3983 dicitnr
1079 3911 1157 3985 avis
1170 3912 1280 4006 torio,
1294 3913 1381 4008 qnia
1399 3914 1497 3991 dedit

276 4098 281 4107 .
325 4030 391 4105 sibi
415 4030 555 4105 bonum
582 4030 784 4126 angurium
810 4029 985 4121 victoriae,
1010 4029 1106 4104 sicot
1137 4032 1341 4125 expositum
1374 4041 1429 4107 ost
1459 4033 1495 4108 in

325 4149 555 4246 Purgatorio,
585 4157 624 4225 et
658 4149 842 4223 mirabiles
879 4148 1035 4223 virtutes
1067 4150 1202 4242 aquilae
1228 4151 1372 4246 scriptae
1410 4162 1496 4226 sunt
1620 4226 1622 4231 ,

325 4270 445 4366 primo
461 4269 621 4365 capituto
646 4269 756 4343 huius
773 4267 945 4362 paradisi,
960 4268 1007 4344 de
1019 4289 1093 4362 qun
1107 4269 1193 4344 dicit
1204 4270 1382 4365 Iosephus
1395 4272 1492 4365 qood

324 4392 448 4488 accita
462 4398 521 4467 est
542 4392 687 4488 signum
716 4409 969 4482 romanorum,
985 4389 1071 4484 qnia
1091 4391 1350 4465 universarum
1368 4392 1493 4467 avium

325 4513 435 4587 habet
460 4530 631 4609 regnum,
656 4516 694 4585 et
731 4509 939 4603 fortissima,
966 4513 999 4582 oi
1029 4512 1175 4603 menne,
1214 4510 1316 4604 idest,
1351 4532 1494 4586 moram

325 4632 420 4726 iecit,
453 4634 691 4705 mttestremo
715 4634 753 4705 dt
777 4636 935 4723 Europa,
961 4630 1064 4723 idest,
1090 4630 1127 4702 in
1152 4630 1297 4705 civitate
1322 4632 1498 4707 Constan-

325 4752 486 4847 tinopofi,
510 4757 609 4825 cento
632 4773 653 4824 c
675 4758 774 4825 cento
798 4754 887 4825 corti
911 4745 1025 4843 epiri,
1054 4750 1156 4844 idest,
1184 4752 1279 4826 ultra
1300 4752 1495 4827 ducentos:

389 5010 418 5075 (¹)
427 5013 598 5077 &W
911 5010 937 5073 (Ι)
953 5010 985 5061 Ε.
1001 5011 1136 5063 dividatur.

461 5119 499 5162 Π.
1336 5119 1362 5161 2¹5
1402 5160 1404 5164 .
