4342 6692
699 885 771 959 tto
1061 892 1266 953 compununt
1290 890 1507 951 nunnlnouu

699 1048 736 1121 et
761 1039 955 1135 ctnamyds
980 1038 1096 1133 viridi,
1122 1038 1290 1134 apparuit
1315 1035 1382 1113 sibi
1407 1034 1504 1113 intra
1528 1033 1610 1111 illos.
1632 1032 1751 1111 dores.
1774 1030 1871 1111 nteit

699 1182 816 1257 ergo:
850 1166 995 1252 Donnu
1028 1160 1175 1252 scilicet,
1207 1156 1371 1251 Beatrix‚
1404 1153 1680 1250 supereminens
1718 1152 1871 1245 ceteris,

700 1284 745 1360 m'
758 1303 916 1383 appaaoe
940 1273 1024 1371 cosi,
1054 1280 1148 1355 sicut
1177 1278 1314 1356 dictum
1345 1285 1401 1353 est
1429 1276 1477 1353 do
1507 1282 1594 1351 ortu
1626 1274 1723 1369 solis,
1749 1277 1872 1353 down

700 1425 774 1482 msa
797 1405 928 1478 nuncto
951 1404 989 1475 di
1010 1403 1107 1493 fios,
1135 1400 1221 1493 quia
1252 1404 1351 1477 tanta
1382 1406 1464 1475 orat
1494 1390 1754 1490 multiluibdl,
1773 1394 1872 1489 paen

702 1523 858 1598 faciebat
891 1522 993 1616 quasi
1029 1521 1179 1613 nubem,
1205 1522 1264 1593 clo
1294 1522 1408 1593 saliua
1438 1520 1530 1593 cledis
1557 1520 1655 1593 moni
1683 1516 1871 1607 sepedicto,

702 1643 883 1724 dictorum
909 1643 1140 1739 angelorum,
1165 1663 1184 1715 e
1209 1642 1376 1715 ricedauu
1405 1634 1465 1730 pot
1495 1642 1634 1729 &ntra
1664 1638 1760 1711 intra
1785 1656 1871 1713 cur-

703 1784 802 1856 rum,
834 1766 915 1839 edi
934 1764 1044 1856 fuori,
1070 1760 1168 1841 circa
1198 1780 1365 1837 currum.
1392 1761 1434 1837 dt
1466 1760 1523 1835 hic
1556 1766 1642 1835 nota
1675 1757 1775 1852 qood
1803 1757 1873 1835 ista

702 1882 821 1961 nubes
845 1884 977 1959 torum
1004 1881 1207 1977 figuraliter
1233 1888 1288 1955 est
1319 1865 1533 1977 aggregatio
1565 1880 1745 1955 librorum
1777 1879 1872 1955 lacta

702 2022 749 2079 ex
775 2002 927 2077 floribus
950 2002 1053 2076 dictis
1068 1993 1105 2093 ι’)
1131 2022 1154 2077 a
1180 2001 1348 2077 manibus
1373 2000 1567 2075 doctorum
1584 2007 1621 2074 et
1638 1998 1872 2093 scriptorum,

703 2121 767 2214 uui
792 2122 1002 2198 habuerunt
1027 2122 1232 2197 intellectus
1247 2120 1442 2215 angelicos,
1469 2139 1556 2194 vere
1570 2109 1607 2211 (³)
1628 2118 1726 2195 missi
1747 2139 1770 2195 a
1795 2118 1873 2195 lieo

702 2241 749 2320 ad
781 2242 937 2317 dandam
968 2241 1188 2336 scripturam
1205 2230 1240 2333 (⁸)
1277 2240 1504 2333 hominibus3
1532 2240 1612 2315 ideo
1645 2240 1740 2315 bene
1771 2238 1875 2335 lingit

704 2360 802 2455 quod
828 2362 975 2437 Beatrir
1000 2362 1171 2456 apparuit
1184 2353 1222 2453 (ὃ)
1247 2361 1314 2435 sibi
1345 2362 1439 2435 inter
1469 2362 1555 2435 istos
1584 2361 1714 2454 ilores3
1739 2363 1874 2452 donna,

703 2481 797 2575 uico,
821 2485 915 2554 simo
938 2486 973 2555 d'
987 2485 1094 2573 oliva,
1120 2482 1222 2575 idest,
1248 2483 1387 2559 habens
1411 2489 1521 2577 caput
1549 2482 1708 2557 cinctum
1735 2501 1874 2557 corona

706 2600 823 2694 olivae,
846 2622 930 2696 quae
955 2602 1103 2698 ponitur
1127 2622 1198 2696 pro
1220 2601 1414 2696 sapientia;
1436 2609 1491 2677 est
1512 2592 1661 2693 enimll)
1680 2602 1791 2675 arbor
1808 2601 1876 2677 de-

704 2721 824 2797 dicata
840 2721 1024 2815 Minerva,
1039 2723 1135 2795 sicut
1151 2722 1282 2797 dicitur
1295 2712 1330 2813 (r)
1351 2722 1462 2817 inlra3
1480 2742 1590 2814 sopru
1613 2724 1765 2797 candido
1785 2722 1874 2810 velo,

706 2842 793 2937 uria
818 2841 854 2916 in
880 2842 998 2936 capite
1023 2844 1143 2919 velato
1169 2842 1326 2917 habebat
1343 2862 1517 2917 coronam
1535 2834 1585 2937 (⁸),
1603 2851 1641 2917 et
1658 2862 1723 2939 per
1748 2844 1877 2935 velen

705 2962 832 3066 amum
850 2962 1010 3057 intellige
1026 2983 1158 3056 puram
1173 2961 1284 3037 fidem
1300 2982 1385 3056 qun
1401 2968 1472 3037 stat
1488 2964 1558 3037 sub
1571 2962 1772 3055 velamine5
1787 2984 1872 3035 nan

706 3082 796 3157 tides
819 3081 943 3177 incipit
968 3082 1031 3159 abi
1058 3084 1207 3158 rationis
1223 3083 1342 3157 delicit
1362 3090 1645 3178 argumentum-3
1661 3092 1750 3157 sotto
1770 3086 1876 3159 vorle

705 3212 839 3297 moen,
866 3224 932 3297 per
953 3205 1022 3279 hoc
1043 3203 1202 3299 intellige
1220 3224 1322 3298 spem
1340 3204 1409 3279 sub
1427 3226 1500 3298 qua
1517 3204 1616 3301 viget
1633 3225 1738 3279 sacra
1758 3204 1876 3279 scien·

707 3324 770 3417 tia,
795 3328 914 3397 vestita
938 3326 977 3399 di
1000 3327 1099 3397 color
1124 3326 1161 3398 di
1175 3326 1321 3415 tiammo
1340 3328 1442 3417 oioo3
1464 3344 1529 3418 per
1547 3326 1615 3397 troc
1632 3324 1796 3419 intellige
1812 3345 1880 3399 oo-

708 3442 853 3519 ritatem
884 3465 968 3538 qnae
1000 3451 1057 3519 est
1085 3443 1246 3519 vivacior
1277 3450 1315 3519 ct
1346 3444 1542 3537 ardentior,
1573 3444 1655 3517 ideo
1688 3444 1878 3538 reponitur

708 3562 881 3641 hatenus:
908 3569 944 3637 et
972 3563 1112 3657 respice
1137 3563 1235 3657 quod
1266 3569 1376 3636 antor
1406 3562 1442 3637 in
1472 3562 1688 3657 precedenti
1718 3564 1878 3658 capitulo

709 3684 982 3776 representavit
1006 3684 1118 3759 dictas
1145 3691 1219 3758 tres
1245 3684 1399 3759 uirtutes
1427 3683 1567 3759 divinas
1600 3684 1669 3759 snb
1698 3686 1882 3780 predictis

708 3801 825 3879 tribus
845 3802 1039 3879 coloribus.
1054 3844 1104 3861 --
1116 3809 1148 3880 Ε
1162 3807 1197 3877 lo
1213 3806 1346 3895 spirito
1366 3804 1469 3877 Nunc
1486 3814 1592 3897 poeta
1608 3805 1765 3879 ostendit
1781 3826 1883 3900 quov-

710 3923 820 4005 modo
844 3922 1033 4001 devenerit
1046 3916 1082 4015 (⁹)
1111 3924 1147 3999 in
1173 3924 1416 4021 cognitionem
1437 3924 1621 3999 Beatricia.
1642 3926 1716 4001 Sed
1732 3926 1778 4000 ad
1798 3928 1878 4022 plo·

710 4044 857 4123 niorern
878 4044 1124 4139 cognitionem
1151 4064 1296 4138 eorum,
1314 4064 1398 4138 quaa
1415 4044 1588 4119 dicuntur
1612 4046 1669 4121 lric
1694 4052 1731 4121 ot
1756 4046 1794 4121 in
1813 4068 1878 4123 co·

699 4163 824 4258 ¹pitulo
848 4166 1015 4257 sequenti
1040 4166 1087 4241 de
1112 4166 1180 4241 ista
1200 4164 1377 4255 Beatrice‚
1400 4166 1538 4241 uolote
1561 4166 1656 4240 scire
1672 4167 1770 4260 qnod
1789 4188 1880 4242 cum

710 4284 863 4378 vidam
872 4284 1006 4361 linricus
1019 4285 1257 4379 Pertinacius,
1271 4284 1491 4361 honorabilis
1506 4285 1594 4359 civis
1611 4285 1814 4379 Florentio,
1832 4288 1883 4369 de

712 4426 818 4487 nore
843 4406 980 4483 iaceret
995 4397 1047 4498 (⁴⁰)
1075 4407 1221 4481 celebre
1247 4404 1456 4479 convivium
1482 4405 1648 4481 kalendis
1671 4406 1768 4500 maii,
1789 4428 1884 4482 con·

771 4654 798 4713 (¹)
816 4652 846 4707 Ε.
863 4652 1004 4709 mumulo
1020 4653 1127 4715 florum,
1143 4654 1220 4719 qnod.

770 4727 798 4789 (Ἴ
815 4729 845 4779 E.
861 4729 936 4779 dictis
952 4731 984 4781 ab
1000 4744 1046 4782 ore
1061 4732 1199 4782 doctorum
1217 4736 1243 4780 ot
1259 4743 1274 4780 a
1290 4731 1409 4780 manibus
1424 4732 1591 4794 scriptorum.

772 4804 799 4866 l')
815 4805 846 4855 li.
862 4811 890 4855 et
906 4819 976 4857 roro.
1196 4808 1222 4868 (Ι)
1240 4808 1294 4867 ill,
1311 4807 1466 4870 scriptoram
1483 4821 1583 4858 sanum
1600 4808 1755 4859 hominibus.

775 4881 801 4942 (¹)
818 4881 849 4931 Ε.
865 4887 1020 4945 apparuerit.
1197 4884 1224 4946 (ὓ)
1242 4884 1272 4935 Ε.
1287 4888 1326 4934 est
1341 4885 1410 4934 enlm
1428 4885 1496 4936 oltra
1511 4886 1598 4935 arbor.

774 4956 802 5016 Γ)
817 4956 848 5006 Ε.
864 4958 973 5011 dicans.
1195 4960 1223 5020 (⁸)
1240 4960 1271 5009 B.
1287 4974 1410 5011 eornm
1427 4962 1502 5021 huc,
1518 4967 1545 5011 st
1561 4974 1615 5025 per.

773 5031 801 5095 l')
817 5032 848 5087 Β.
863 5032 975 5087 devenit.
1187 5037 1225 5100 (¹⁸)
1241 5037 1271 5088 Ε.
1288 5036 1386 5089 isosret
1401 5038 1529 5091 oelebrarl
1545 5038 1700 5093 oondvlmi
