4342 6692
734 921 872 979 camus
897 924 1089 981 SECUNDUS.
1422 918 1491 985 349

320 1066 367 1142 do
391 1066 569 1142 similibus
594 1073 651 1141 ost
674 1067 771 1142 idom
792 1066 994 1163 judicium3
1015 1075 1052 1143 et
1072 1069 1102 1143 si
1120 1068 1249 1145 eadem
1267 1080 1362 1147 osset
1382 1093 1494 1147 causa

320 1186 398 1262 sivo
422 1186 640 1283 principium
663 1186 829 1281 formale,
846 1194 1069 1282 sequeretur
1083 1183 1134 1283 (¹),
1153 1208 1282 1264 omnes
1303 1192 1416 1265 stellae
1433 1213 1494 1266 os-

320 1313 401 1382 sont
425 1308 590 1382 oiusdom
616 1306 761 1383 virtutis
777 1306 855 1382 sivo
872 1305 1036 1402 ollactus,
1054 1308 1153 1402 quod
1173 1319 1228 1386 ost
1244 1309 1387 1403 salsum,
1406 1311 1493 1405 quia

320 1428 456 1502 habeut
479 1427 643 1502 divorsas
668 1427 822 1502 virtutos
847 1433 884 1501 ot
909 1426 1082 1523 olfactum
1107 1428 1238 1504 lucidae
1256 1429 1351 1505 inter
1368 1452 1420 1523 so,
1439 1438 1493 1505 to-

320 1549 488 1623 uobrosae
503 1547 599 1623 intor
616 1568 673 1642 so3
687 1568 774 1623 uam
790 1548 924 1642 aliquae
940 1555 1027 1622 suot
1043 1548 1179 1644 calidae,
1193 1550 1326 1645 aliquae
1340 1550 1491 1647 frigidm,

320 1667 453 1761 aliquae
470 1673 695 1762 temperatae,
705 1674 747 1741 ut
759 1674 859 1763 patet
871 1687 938 1764 por
951 1667 1182 1763 Albumasar,
1196 1670 1438 1745 Ptolomaeum
1456 1678 1493 1747 et

320 1786 558 1880 litabioium3
576 1793 613 1862 ot
634 1808 700 1883 por
722 1808 951 1882 consequens
967 1789 1101 1865 dobant
1123 1782 1309 1883 haberet)
1329 1790 1492 1865 divorsas

319 1927 450 1982 causas
467 1907 545 1981 siva
561 1907 735 2003 principia
747 1907 926 2003 formalia,
941 1929 1025 2003 quae
1042 1915 1164 1983 essent
1179 1908 1289 1983 modo
1304 1909 1491 2003 destructa

318 2032 454 2121 praetor
477 2048 609 2122 uuum,
626 2027 763 2102 scilicet
787 2048 914 2102 rarum
941 2033 979 2102 ot
1003 2028 1170 2103 densum.
1189 2028 1295 2103 Nunc
1310 2029 1393 2105 vido
1410 2030 1491 2104 lito·

319 2167 411 2222 ram.
439 2146 530 2221 Dicit
554 2153 683 2222 autor:
710 2150 880 2221 L’ottuoo
896 2168 1016 2241 spero,
1033 2148 1181 2242 seilicet,
1202 2147 1490 2244 firmamentum,

317 2270 354 2341 oi
377 2270 550 2341 dimostro
570 2270 667 2341 molti
682 2270 778 2360 lumi,
797 2267 899 2362 idoet,
917 2269 1038 2343 stollas
1054 2268 1158 2362 lium,
1176 2289 1260 2363 quae
1279 2259 1491 2361 similitor(³)

317 2386 499 2482 recipiunt
523 2388 650 2461 lumen
675 2408 698 2461 a
722 2388 811 2481 solo,
837 2389 932 2463 sicut
958 2389 1057 2483 luna,
1088 2392 1235 2482 iquuli,
1261 2388 1408 2483 scilicet,
1434 2390 1492 2463 lu·

317 2506 428 2601 mina,
454 2510 487 2580 ot
503 2528 639 2600 posson
662 2514 788 2581 notare
812 2511 851 2581 di
874 2512 1004 2583 atvero
1021 2512 1115 2601 volti,
1137 2508 1240 2605 idest,
1259 2510 1489 2585 diversarum

316 2627 522 2703 formarum
549 2637 587 2705 et
611 2626 830 2723 figurarum,
856 2650 876 2701 e
899 2633 957 2702 nel
979 2633 1093 2721 quale,
1111 2630 1213 2725 idest,
1239 2630 1276 2703 in
1302 2630 1490 2725 qualitate,

316 2738 405 2841 quia
422 2747 555 2840 aliquae
579 2753 666 2820 sunt
693 2748 890 2843 nebulosa,
908 2748 1041 2843 aliquae
1062 2750 1202 2843 tuotdae,
1228 2771 1247 2823 a
1271 2752 1329 2824 nel
1342 2756 1487 2843 quanto,

316 2865 420 2960 idest,
446 2866 483 2940 io
515 2866 727 2961 quantitate,
762 2867 848 2962 quia
877 2868 1011 2962 aliquae
1042 2875 1129 2942 sunt
1161 2868 1329 2963 maiores,
1355 2870 1488 2964 aliquae

317 2984 496 3060 minores:
522 3005 624 3081 argo,
645 3008 682 3059 se
701 3007 792 3060 roro
808 3009 828 3059 e
843 2991 965 3078 douo,
986 3006 1070 3081 quae
1089 2995 1175 3062 sunt
1197 3010 1272 3063 uua
1288 3009 1410 3082 causa,
1428 2991 1488 3082 su-

283 3198 290 3207 ·
316 3095 430 3177 amatr
445 3098 510 3196 oio,
531 3103 634 3197 idest,
652 3105 746 3179 hano
765 3105 1012 3181 diversitatem
1034 3107 1237 3201 stellarum,
1258 3114 1367 3198 tuoto,
1386 3107 1486 3201 idest,

315 3223 559 3318 solummodo,
584 3244 659 3297 unu
681 3227 761 3297 solu
785 3220 889 3316 uro,
908 3224 1010 3319 idmt,
1036 3224 1133 3300 idom
1160 3225 1323 3321 ollactus,
1343 3226 1488 3299 surette

313 3349 352 3421 iu
376 3353 468 3437 otto,
494 3344 640 3439 scilicet,
667 3345 789 3440 stellis,
815 3345 901 3441 quia
933 3344 1043 3419 unius
1071 3366 1193 3420 causae
1226 3368 1321 3421 uuus
1350 3354 1405 3421 ost
1433 3345 1488 3420 oi-

313 3465 449 3559 ioctus3
476 3465 544 3539 hoo
569 3470 625 3539 ost
649 3465 750 3559 qood
774 3486 904 3540 omues
929 3464 1058 3539 lucidae
1082 3472 1204 3540 essent
1228 3466 1391 3541 eiusdem
1420 3486 1487 3539 na·

313 3591 419 3680 turta,
437 3591 474 3660 et
500 3585 686 3660 nebulosae
705 3585 857 3661 alterius
874 3592 1033 3681 naturae3
1051 3585 1169 3660 virtus
1186 3583 1279 3679 diuo,
1294 3581 1356 3677 pu
1373 3608 1392 3658 e
1407 3606 1487 3660 meo

313 3708 506 3800 motatum,
535 3707 605 3782 hoc
630 3713 687 3782 est
709 3706 747 3780 io
772 3706 883 3781 stollis
905 3706 1146 3800 inaequalihus
1164 3706 1281 3803 magis
1303 3713 1340 3781 et
1365 3706 1487 3781 minus

313 3828 517 3903 secundum
531 3848 661 3903 earum
676 3827 887 3922 qualitatem
903 3831 940 3901 et
952 3826 1207 3920 quantitatem,
1222 3833 1255 3899 et
1273 3830 1486 3917 uttrettuoto,

312 3947 414 4042 idaei,
440 3948 477 4021 in
502 3946 613 4021 stollis
638 3946 842 4041 aequalibus
866 3946 1068 4039 aequalitor.
1096 3946 1140 4019 Et
1165 3946 1295 4041 probat
1315 3946 1413 4040 quod
1431 3944 1486 4019 di-

313 4088 430 4143 versae
455 4074 540 4142 suut
565 4074 708 4141 uaturae
733 4066 770 4139 io
791 4066 914 4157 stallis,
931 4064 1018 4159 quia
1035 4064 1073 4137 in
1091 4064 1230 4140 mundo
1246 4070 1331 4138 sunt
1352 4063 1483 4139 divorsi

312 4187 476 4281 effectus,
502 4208 596 4282 quos
621 4191 765 4283 oportet
789 4184 984 4280 provenire
1009 4203 1032 4259 a
1063 4184 1216 4259 diversis
1241 4184 1371 4278 causis,
1398 4204 1482 4278 quae

311 4314 397 4382 suut
421 4306 594 4403 principia
621 4307 789 4381 formalia
812 4306 973 4380 *rorum
993 4326 1087 4400 quas
1104 4305 1329 4402 producunt3
1352 4311 1390 4378 ot
1414 4323 1482 4379 nos

311 4427 478 4502 videmus
501 4429 538 4501 in
564 4426 703 4500 mundo
720 4446 801 4501 mse
818 4424 980 4500 divorsos
998 4425 1151 4500 effectus
1171 4424 1235 4518 qui
1256 4443 1329 4497 non
1349 4444 1483 4517 seque·

309 4553 440 4623 rentur
455 4568 479 4622 a
497 4567 582 4621 raro
607 4553 645 4622 et
668 4546 793 4639 denso,
811 4544 897 4639 quia
916 4545 1079 4620 lacerant
1103 4544 1223 4619 solum
1244 4542 1357 4635 duos3
1378 4542 1485 4617 etsie

309 4673 530 4763 sequeretur
546 4666 651 4761 quod
661 4666 783 4740 omnia
800 4666 974 4762 principia
991 4665 1157 4740 formalia
1167 4664 1187 4708 *
1197 4652 1234 4755 (⁴)
1248 4670 1370 4737 essent
1385 4662 1484 4737 nulla

309 4795 443 4885 praetor
463 4807 594 4880 unum,
616 4785 750 4861 scilicet
766 4807 895 4861 rarum
914 4791 951 4860 ot
967 4785 1133 4861 densum.
1151 4784 1245 4858 Dicit
1261 4804 1371 4880 ergo:
1390 4778 1482 4857 uirili

372 4974 400 5038 (¹)
415 4974 446 5024 E.
462 4978 616 5037 wqumtur
630 4973 701 5037 quod
716 4986 814 5025 omues.
884 4972 912 5035 (¹)
928 4978 952 5034 t,
967 4986 1102 5037 apparere.
1176 4968 1203 5035 ι’)
1219 4976 1244 5034 t,
1260 4971 1421 5035 simpliciter.

371 5052 398 5115 (¹)
412 5051 450 5102 Lo
466 5050 555 5115 parole
570 5049 612 5101 in
627 5052 635 5101 l
652 5050 703 5103 (luo
719 5050 852 5101 mtmuchi
866 5064 914 5101 uou
929 5048 1040 5113 suppltte
1056 5048 1125 5114 dagli
1141 5048 1202 5100 altri
1217 5053 1258 5099 tra
1273 5046 1368 5100 Codlei.
