4342 6692
687 898 776 967 276.
1046 906 1252 964 oounuruu
1276 905 1498 962 nunourouu

685 1053 815 1148 ldam,
842 1052 1005 1128 secundo
1034 1054 1083 1128 ab
1115 1055 1249 1149 aquila.
1284 1054 1327 1128 Et
1356 1052 1415 1128 hic
1446 1058 1533 1127 nota
1564 1052 1663 1148 quod
1693 1073 1759 1149 per
1791 1053 1861 1127 hoo

686 1174 833 1251 Beatrir
866 1194 940 1249 non
969 1174 1050 1249 vult
1078 1174 1180 1250 aliud
1209 1173 1333 1250 dicere
1363 1173 1449 1248 nisi:
1476 1172 1624 1269 quando
1658 1179 1699 1248 tu
1728 1175 1862 1249 llantes

686 1293 853 1371 narrabis
877 1294 1087 1370 hominibus
1112 1294 1310 1370 vindictam
1336 1315 1451 1389 quam
1481 1294 1579 1369 Deus
1611 1299 1716 1390 parat
1740 1295 1863 1371 lacere

687 1423 817 1493 contra
842 1416 946 1490 illum
971 1415 1159 1512 gigantem
1185 1415 1249 1510 qui
1276 1421 1417 1492 temere
1436 1415 1628 1492 attentavit
1645 1415 1784 1491 violare
1800 1435 1863 1490 ec-

687 1537 837 1614 clesiam
862 1535 938 1629 Ilei,
959 1535 1127 1611 narrabis
1153 1556 1221 1632 pro
1242 1537 1381 1632 optimo
1401 1537 1571 1632 exemplo
1589 1537 1749 1632 qualiter
1764 1538 1861 1612 lleus

688 1657 775 1733 lecit
785 1657 897 1732 altam
907 1649 944 1748 (¹)
956 1654 1153 1730 vindictam
1170 1655 1217 1731 de
1233 1655 1354 1752 primo
1371 1662 1524 1750 parente
1540 1655 1604 1752 qui
1623 1663 1764 1732 temere
1781 1661 1861 1732 teu-

687 1777 777 1852 tavit
809 1775 967 1871 spoliare
996 1776 1171 1852 arborem
1205 1776 1387 1870 divinam3
1413 1797 1498 1870 quae
1530 1797 1621 1873 ergo
1653 1777 1748 1853 lacta
1781 1784 1861 1852 erat

685 1896 786 1971 arida
811 1915 879 1991 per
903 1893 1031 1990 Adam,
1057 1895 1154 1971 lacta
1179 1903 1261 1972 erat
1285 1896 1411 1971 dorida
1437 1916 1503 1992 per
1528 1896 1724 1991 Christum,
1749 1903 1786 1970 et
1811 1895 1860 1972 ita

685 2017 756 2092 erit
781 2014 852 2091 cito
877 2015 923 2090 de
948 2016 1112 2092 ecclesia.
1138 2017 1243 2104 Quod
1260 2024 1387 2092 autem
1407 2018 1487 2092 haec
1507 2017 1553 2090 sit
1573 2017 1724 2092 intentio
1742 2021 1858 2112 poetae

685 2138 849 2214 declarat
874 2137 996 2212 statim
1022 2137 1130 2212 litera
1155 2157 1325 2233 sequens,
1352 2136 1389 2212 iu
1414 2159 1488 2232 qua
1511 2136 1660 2214 Beatrix
1685 2136 1746 2212 dat
1771 2157 1859 2212 con-

686 2259 889 2334 clusionem
924 2259 1150 2354 generalem,
1183 2257 1319 2353 dicens,
1346 2258 1444 2353 quod
1476 2279 1551 2333 non
1582 2259 1701 2333 solum
1731 2256 1859 2350 Adam,

687 2379 752 2456 sed
777 2379 896 2454 omnis
920 2377 1015 2453 alius
1039 2378 1195 2453 violator
1224 2378 1367 2453 arboris
1397 2378 1551 2454 incurrit
1578 2378 1859 2475 indignationem

685 2500 776 2593 llei3
807 2498 906 2572 unde
939 2496 1047 2572 dicit:
1079 2501 1275 2591 quacunque
1305 2499 1396 2572 rodo
1422 2501 1548 2590 quella,
1578 2497 1723 2593 scilicet,
1756 2499 1860 2593 plan·

686 2628 774 2714 tam,
812 2619 906 2693 sicut
942 2617 1056 2693 Adam
1094 2619 1225 2716 primo,
1255 2619 1379 2714 aquila
1415 2619 1587 2714 secundo,
1629 2619 1731 2716 gigas
1761 2639 1859 2693 nunc

685 2739 805 2832 tertio,
831 2759 853 2811 o
878 2741 991 2830 quello
1015 2742 1186 2831 solicola,
1212 2739 1306 2815 sicut
1321 2740 1423 2837 gigas
1440 2739 1504 2834 qui
1525 2738 1632 2814 solvit
1656 2759 1810 2814 currum
1835 2759 1858 2814 a

684 2859 819 2955 planta,
854 2879 920 2932 con
953 2859 1150 2932 &summio
1185 2861 1223 2934 di
1256 2863 1346 2954 sotto
1379 2861 1516 2952 offendo
1547 2861 1639 2952 Πίος
1672 2879 1758 2932 nam
1794 2858 1857 2951 qui

685 2979 835 3056 ollendit
860 2979 1052 3054 ecclesiam
1077 2980 1227 3056 olleudit
1257 2981 1390 3074 Deum,
1422 2982 1482 3054 cte
1509 2983 1585 3054 soto
1616 2982 1675 3054 ott
1688 3000 1752 3054 auo
1780 3001 1858 3070 suo,

687 3120 760 3175 non
787 3107 829 3174 ut
853 3100 1008 3175 serviret
1034 3100 1184 3197 regibus
1210 3107 1331 3193 terrae,
1350 3104 1386 3174 to
1410 3091 1492 3174 cred
1511 3107 1628 3193 santo,
1649 3099 1727 3174 sine
1752 3119 1853 3194 ruga.

684 3220 761 3295 Hoc
785 3219 979 3294 condrmat
1004 3220 1091 3315 quia
1117 3221 1259 3315 primus
1282 3219 1442 3296 offensor
1460 3240 1526 3316 per
1544 3225 1598 3294 tot
1616 3219 1726 3294 millia
1742 3241 1857 3294 anuo-

685 3362 771 3414 rum
796 3339 1002 3435 expectavit
1026 3340 1064 3413 in
1090 3341 1274 3416 anxietate
1304 3341 1576 3436 redemptorem
1604 3359 1735 3434 suum,
1762 3339 1858 3414 uude

684 3459 792 3534 dicit:
818 3462 976 3534 tunimo
994 3462 1130 3552 pomo,
1161 3461 1308 3554 scilicet,
1341 3460 1438 3555 Adae,
1464 3453 1590 3534 mcmd
1622 3463 1722 3552 codd,
1752 3459 1853 3554 idest,

684 3579 823 3674 optavit
839 3585 877 3653 et
893 3579 1038 3654 vocavit
1054 3578 1251 3674 Christum,
1268 3583 1328 3654 cle
1340 3583 1367 3654 'I
1382 3583 1554 3655 storacio
1570 3603 1608 3654 se
1619 3572 1741 3674 nuum,
1769 3579 1855 3672 quia

685 3699 850 3775 Christus
863 3699 1004 3793 punivit
1016 3719 1184 3774 morsum
1198 3700 1283 3774 Adae
1297 3702 1333 3774 in
1346 3692 1382 3794 (¹)
1399 3722 1438 3776 se
1452 3702 1540 3797 ipso,
1555 3703 1759 3794 circuendo
1772 3703 1859 3774 aaut

683 3814 793 3912 epid,
813 3819 959 3913 scilicet,
978 3824 1129 3894 centum
1153 3821 1502 3917 nonagintanovem
1522 3822 1614 3916 plus,
1630 3841 1698 3914 per
1713 3823 1857 3894 murder

683 3941 810 4032 quella,
836 3939 939 4034 idest,
960 3939 1047 4034 quia
1071 3939 1149 4035 ipse
1173 3941 1289 4016 Adam
1316 3942 1514 4016 momordit
1539 3941 1655 4038 ipsam
1681 3941 1851 4036 plantam.

756 4065 900 4132 Dorme.
927 4061 998 4134 lsta
1023 4065 1078 4134 est
1105 4060 1210 4136 tertia
1238 4081 1323 4156 pars
1347 4061 1540 4157 generalis,
1559 4061 1689 4156 inqua
1709 4058 1853 4136 Beatrir

683 4182 770 4276 quia
796 4181 966 4256 noluerat
995 4180 1185 4257 declarare
1215 4187 1333 4276 poetae
1367 4183 1525 4277 amplius
1559 4202 1665 4257 suam
1698 4181 1855 4276 prophe-

683 4302 784 4397 tiam,
811 4322 910 4378 nunc
934 4301 1096 4376 declarat
1121 4300 1291 4394 quaedam
1319 4300 1414 4376 dicta
1439 4301 1485 4378 de
1509 4301 1645 4377 arbore
1670 4301 1745 4397 ipsa
1771 4321 1855 4395 quae

682 4418 901 4498 ridebantur
926 4422 1102 4497 obscura:
1129 4426 1165 4496 et
1191 4421 1311 4515 primo
1336 4422 1459 4519 arguit
1479 4421 1599 4518 ipsum
1626 4420 1675 4496 de
1698 4420 1857 4496 ruditate

682 4549 719 4616 et
745 4542 977 4640 negligentia,
995 4541 1082 4637 quia
1110 4562 1182 4616 non
1209 4541 1401 4617 videbatur
1418 4541 1621 4637 intelligere
1642 4559 1707 4636 per
1732 4559 1784 4633 se,
1811 4560 1855 4614 ex

682 4662 725 4736 iis
751 4684 835 4756 quae
860 4664 955 4738 dicta
980 4668 1078 4757 sunt,
1103 4682 1221 4757 quare
1246 4662 1359 4737 arbor
1384 4661 1452 4736 ista
1474 4662 1520 4736 sit
1546 4668 1620 4737 tam
1646 4662 1720 4736 alta
1746 4660 1856 4736 etita

683 4802 824 4857 eversa.
850 4781 943 4857 Dicit
962 4803 1072 4878 ergo:
1095 4784 1133 4854 L’
1145 4785 1296 4874 ingenuo
1317 4789 1387 4877 tuo,
1408 4783 1506 4877 quod
1528 4780 1725 4877 aliquando
1746 4799 1856 4855 voca-

746 5041 773 5104 (¹)
788 5040 819 5092 E.
836 5041 913 5091 aliam
928 5041 1076 5093 vindictam.
1295 5043 1323 5103 (¹)
1339 5041 1370 5094 E.
1387 5042 1414 5093 ln
1430 5043 1574 5106 semetipso.
