4342 6692
683 857 763 927 332‘
1072 871 1277 928 counurun
1301 873 1466 926 rnnrnrsr

682 1017 775 1094 idest
806 1017 1001 1114 respondet
1033 1017 1225 1111 quaestioui
1264 1017 1394 1110 tacitae,
1429 1015 1516 1111 qnia
1549 1023 1693 1112 poterat
1728 1017 1850 1092 statim

682 1138 807 1214 obiici:
835 1138 933 1214 unde
957 1144 1012 1212 est
1037 1137 1136 1232 quod
1161 1144 1237 1212 tam
1264 1137 1370 1232 pauci
1384 1131 1422 1230 (¹)
1450 1136 1669 1233 perveniunt
1697 1137 1745 1212 ad
1776 1156 1855 1211 coe-

682 1258 773 1353 lum,
799 1258 829 1332 si
853 1258 906 1332 sic
922 1257 1139 1333 naturaliter
1156 1257 1375 1332 inclinantur
1393 1262 1431 1331 et
1451 1257 1659 1350 trahuntur,
1681 1263 1722 1330 ut
1737 1256 1855 1332 dicis?

682 1377 890 1474 Respondit,
918 1378 1017 1472 quod
1041 1379 1112 1452 hoc
1137 1383 1191 1452 est
1216 1376 1486 1452 accidentaliter
1511 1381 1549 1451 et
1572 1383 1707 1472 praeter
1734 1376 1853 1452 inten-

683 1498 819 1573 tionem
846 1504 1009 1592 naturae3
1035 1504 1073 1572 et
1098 1498 1167 1572 hoc
1192 1497 1347 1572 ostendit
1372 1517 1438 1592 per
1459 1496 1731 1572 similitudinem
1751 1497 1851 1591 artis,

683 1619 768 1715 qnia
795 1620 879 1694 licet
902 1619 1006 1694 taber
1031 1618 1194 1694 intendat
1218 1617 1453 1694 introducere
1479 1617 1634 1691 lormam
1662 1616 1796 1692 cultelli
1815 1617 1852 1690 in

683 1739 837 1834 terrum,
864 1744 987 1814 tamen
1013 1759 1087 1812 non
1113 1738 1198 1812 lacit
1222 1737 1252 1812 si
1279 1737 1433 1814 materia
1454 1757 1528 1812 uon
1548 1744 1604 1812 est
1619 1737 1716 1812 bene
1731 1737 1853 1832 dispo-

681 1858 749 1933 sita
767 1858 813 1933 ad
834 1858 1080 1954 receptionem
1104 1857 1199 1932 itlius
1220 1857 1359 1932 lormae.
1378 1856 1511 1931 Ordiua
1529 1856 1581 1930 sic
1597 1855 1760 1931 literam:
1787 1863 1852 1930 Ver

681 1975 702 2054 e*
730 1981 790 2052 cle
823 1981 861 2052 to
890 1986 1069 2068 creatora,
1100 1978 1245 2073 scilicet,
1272 1977 1468 2072 rationalia,
1495 1977 1586 2052 idest
1610 1977 1733 2072 homo,
1764 1979 1853 2051 c'da

678 2108 800 2193 potere
814 2102 853 2174 di
865 2102 1023 2193 piepore,
1043 2120 1066 2172 a
1086 2119 1198 2172 cursu
1217 2105 1330 2192 recto,
1351 2092 1422 2170 cosi
1433 2101 1548 2191 pinta,
1569 2101 1606 2172 in
1623 2101 1719 2172 ultro
1732 2105 1852 2191 porte,

681 2219 828 2313 scilicet,
861 2219 1000 2312 salsam,
1033 2217 1221 2292 fortuitam
1258 2216 1477 2310 felicitatem,
1510 2216 1604 2291 hauc
1634 2223 1851 2314 potestatem

680 2339 791 2414 habet
816 2345 966 2434 propter
990 2337 1148 2412 liberum
1167 2336 1374 2431 arbitrium,
1392 2358 1467 2431 quo
1485 2337 1627 2411 nullum
1649 2336 1769 2411 maius
1786 2335 1853 2412 do-

682 2480 773 2533 num
801 2458 899 2533 Deus
923 2457 1022 2532 dedit
1047 2456 1197 2552 homiui,
1223 2457 1318 2532 sicut
1342 2457 1418 2552 ipse
1441 2463 1551 2531 autor
1576 2457 1661 2532 dicit
1680 2457 1772 2531 inira
1790 2476 1854 2532 ca-

682 2578 798 2674 pitulo
824 2578 853 2651 V
878 2577 989 2651 huius
1015 2577 1108 2670 libri,
1133 2581 1166 2652 si
1189 2579 1326 2670 dipurte
1350 2579 1398 2650 da
1423 2585 1540 2669 questo
1565 2598 1681 2668 corso,
1706 2577 1852 2672 scilicet,

682 2697 820 2774 ordinis
836 2697 1074 2795 providentiae
1087 2689 1125 2789 (²)
1139 2697 1332 2792 Creauris,
1347 2701 1452 2789 tutor,
1467 2697 1541 2772 imo
1561 2697 1852 2792 frequentissime

684 2824 833 2912 propter
857 2817 994 2911 aliquid
1017 2837 1197 2912 apparens
1223 2818 1373 2911 bouum,
1403 2809 1474 2890 cosi
1504 2838 1601 2892 come
1630 2823 1751 2912 [orror
1780 2839 1853 2892 oon

680 2939 710 3010 s’
722 2939 891 3028 ancorato,
916 2936 1018 3033 idest,
1044 2958 1118 3011 nou
1150 2937 1330 3030 convenit,
1366 2940 1468 3011 motte
1492 2939 1576 3030 ficte
1604 2941 1663 3012 att
1676 2941 1853 3012 innuatur

682 3059 761 3132 dett
775 3064 865 3149 arte,
893 3057 995 3150 idest,
1021 3057 1181 3150 artificis,
1201 3053 1331 3150 percle*
1354 3059 1390 3130 to
1415 3058 1564 3130 maudo
1588 3053 1609 3132 e*
1631 3061 1742 3132 cordo
1758 3080 1782 3132 o
1798 3063 1852 3134 ri·

681 3179 847 3270 spondcr,
875 3177 977 3272 idest,
1003 3177 1224 3273 indisposita,
1249 3175 1471 3271 inobediens,
1496 3176 1590 3252 sicut
1610 3180 1756 3272 quando
1777 3179 1853 3254 ier·

682 3316 767 3370 rum
794 3318 868 3372 non
892 3303 947 3372 est
973 3298 1068 3373 bene
1093 3297 1261 3394 ignitum,
1277 3296 1329 3371 ita
1349 3297 1461 3372 homo
1478 3317 1552 3372 nou
1570 3296 1705 3394 ignitus
1722 3321 1851 3376 amore

682 3416 804 3492 divino
829 3439 904 3492 non
929 3418 1124 3515 respondet
1149 3417 1265 3493 ordini
1292 3416 1476 3513 praedicto.
1503 3419 1547 3492 Et
1571 3418 1629 3492 hic
1653 3427 1738 3496 nota
1757 3421 1854 3496 bene

683 3537 782 3633 quod
807 3538 994 3635 eleganter
1019 3538 1105 3613 dicit
1124 3538 1328 3613 chalcidius
1345 3559 1456 3632 super
1474 3539 1652 3614 Timaeum
1670 3540 1852 3615 Platonis:

682 3662 795 3732 omnr's
819 3661 940 3732 ummo
952 3649 991 3752 (³)
1011 3663 1190 3752 particeps
1214 3661 1403 3732 divinitatis
1422 3661 1581 3732 ooturoti
1596 3663 1745 3752 oppedtu
1764 3681 1853 3734 senr-

676 3801 746 3872 per
779 3781 916 3871 quidem
949 3780 1077 3854 donum
1111 3781 1246 3872 conpetit.
1281 3779 1389 3852 Errat
1423 3785 1546 3854 tamen
1580 3780 1776 3874 aliquando
1815 3781 1852 3855 in

677 3898 816 3995 judicio
841 3898 1024 3974 bonorum
1050 3904 1087 3974 et
1120 3899 1322 3993 malorum3
1350 3899 1521 3973 namatii
1552 3906 1720 3974 nostrum
1747 3921 1851 3974 sum·

682 4041 788 4094 mum
806 4019 944 4094 bonum
963 4019 1187 4116 voluptatem
1206 4025 1346 4115 putant,
1363 4018 1423 4093 alii
1439 4018 1592 4113 divitias,
1606 4020 1666 4093 alii
1680 4021 1849 4117 gloriam,

682 4146 720 4215 et
744 4139 867 4214 omnia
894 4139 1011 4236 magis
1031 4160 1143 4233 quam
1162 4139 1280 4234 ipsum
1300 4157 1431 4212 rerum
1452 4138 1602 4213 bonum.
1623 4139 1740 4214 Huius
1757 4140 1851 4216 ratio

682 4265 738 4333 est
763 4258 849 4355 quia
874 4258 994 4333 statim
1022 4257 1099 4352 ipso
1124 4264 1209 4333 ortu
1235 4257 1405 4333 venimus
1421 4257 1458 4332 in
1478 4258 1599 4334 lucem
1617 4280 1704 4334 cum
1722 4259 1850 4336 dolore

682 4399 730 4454 ex
754 4378 835 4453 loco
866 4377 983 4454 calido
1008 4377 1046 4451 in
1078 4377 1263 4474 frigidum,
1289 4377 1371 4453 ideo
1396 4379 1516 4452 statim
1548 4379 1695 4455 solertia
1726 4381 1851 4456 obste-

683 4498 781 4574 tricis
806 4498 904 4574 lovet
929 4504 1057 4572 natum
1083 4517 1181 4592 aqua
1208 4497 1334 4590 calida,
1361 4517 1434 4592 qua
1462 4497 1578 4573 iulans
1595 4500 1769 4574 contiuuo
1786 4499 1851 4574 de-

682 4619 848 4713 lectatur,
875 4624 912 4692 et
944 4617 1058 4692 sicin
1082 4617 1201 4713 prima
1226 4617 1368 4712 origine
1394 4616 1544 4712 percipit
1573 4617 1847 4694 delectationem

682 4739 910 4834 sensibilem3
936 4737 1065 4812 deinde
1091 4757 1227 4833 sugens
1261 4737 1317 4810 lac
1351 4736 1467 4832 magis
1500 4735 1622 4833 incipit
1654 4737 1848 4832 delectari3

745 5000 773 5061 (¹)
787 4997 814 5048 S.
830 4997 905 5062 pauci
921 5003 1102 5061 perrenomnt.
1228 4995 1255 5060 (¹)
1272 5001 1295 5056 t,
1313 4997 1477 5060 providentis.
1602 4997 1629 5062 (Ι)
1645 5003 1668 5058 t,
1684 4999 1791 5048 untrwt.
