4342 6692
772 897 912 960 caurus
936 898 1082 962 currus
1442 886 1512 964 ltl

181 1097 185 1106 -
341 1056 452 1134 autor
475 1049 534 1131 bic
559 1047 654 1141 lacit,
679 1045 742 1130 sed
768 1046 845 1142 ipse
870 1044 1008 1152 ebbae
1034 1045 1144 1124 babet
1168 1044 1273 1120 istam
1302 1043 1513 1140 opinionem

341 1169 514 1266 quicquid
539 1169 595 1254 sit.
622 1168 725 1252 Unde
744 1167 848 1248 dicit:
870 1163 931 1242 cta*
946 1169 983 1250 ic
1003 1169 1083 1262 olea
1103 1170 1278 1257 praelum,
1296 1165 1441 1261 scilicet,
1459 1166 1516 1246 ‹ti-

343 1291 438 1381 riua‚
464 1293 524 1370 rie
547 1293 596 1364 ml
618 1293 733 1384 spira,
762 1287 864 1380 idest
890 1286 1041 1382 inspirat
1067 1286 1155 1367 mibi
1184 1288 1278 1362 banc
1307 1287 1516 1382 veritatem,

343 1413 665 1503 obmurmuratio
682 1429 803 1498 mene,
817 1406 907 1484 idest
925 1407 960 1485 iu
976 1413 1165 1504 potestate,
1183 1427 1207 1479 u
1224 1410 1304 1498 puel
1317 1410 1409 1485 clr'io
1423 1411 1517 1500 dico,

344 1531 480 1614 scilieet
503 1530 660 1624 liberio,
685 1531 804 1621 atomo
828 1531 866 1604 dl
886 1531 950 1622 scr
975 1531 1132 1604 condeto
1151 1531 1226 1601 olto
1244 1549 1312 1602 coo
1330 1532 1411 1622 rra;
1429 1529 1516 1624 qula

344 1652 466 1732 diviua
491 1650 632 1748 justitia
662 1648 875 1744 requirebat
907 1655 948 1725 ut
978 1648 1135 1726 vindicta
1170 1648 1275 1724 lieret
1305 1649 1352 1724 de
1384 1649 1519 1730 iniuria

347 1772 453 1869 primi
478 1769 651 1867 parantis,
669 1790 736 1865 pro
757 1791 830 1864 qua
857 1769 955 1848 Deus
980 1775 1061 1844 arat
1081 1769 1197 1847 iratus
1219 1769 1313 1844 sicut
1339 1771 1518 1865 probatur

346 1892 505 1990 capitulo
525 1891 703 1986 sequenti.
720 1890 763 1964 Et
775 1889 949 1967 admonet
966 1894 1135 1967 autorem
1154 1889 1254 1982 quod
1272 1890 1367 1965 berre
1383 1891 1519 1968 adver*

347 2019 400 2096 iat
424 2013 470 2094 ad
496 2033 614 2089 unum
636 2010 736 2106 quod
761 2009 884 2089 dicere
906 2009 1067 2102 intendit,
1085 2009 1222 2085 scilicet
1241 2011 1341 2104 quod
1359 2011 1516 2092 vindicta

348 2134 441 2216 tacta
459 2141 514 2216 cst
529 2133 576 2210 de
594 2131 771 2226 vindicta3
797 2130 896 2232 quod
921 2129 1058 2207 dictum
1081 2129 1224 2206 ridetur
1244 2131 1411 2209 mirabile
1430 2134 1520 2228 quia

338 2254 493 2333 -videtur
531 2252 720 2355 implicare
757 2249 1093 2331 contradictionem.
1120 2251 1213 2326 llicit
1237 2271 1352 2348 argo:
1383 2274 1429 2326 or
1461 2257 1522 2345 pari

348 2376 536 2452 tanmem
551 2375 589 2454 ln
604 2365 659 2454 cili
683 2374 782 2450 ct'io
807 2372 991 2464 trepidae,
1012 2371 1111 2465 quia,
1129 2372 1275 2466 scilicet,
1294 2373 1517 2450 vocabulum

348 2493 463 2576 semel
480 2492 639 2588 positum
658 2490 789 2587 repetit
806 2490 869 2572 bis.
889 2491 932 2569 Et
947 2489 1068 2564 subdit
1087 2491 1387 2587 gloriosissimam
1405 2493 1523 2571 victo-

350 2614 444 2692 riam
465 2633 578 2708 quarn
598 2612 663 2693 ieta
681 2611 802 2706 aquila
822 2611 950 2686 victrix
977 2617 1014 2689 el
1040 2612 1299 2706 triumphatrix
1325 2613 1454 2690 babuit
1475 2615 1524 2690 de

347 2733 496 2831 judoeis3
525 2731 621 2813 unde
645 2731 749 2809 dicit:
773 2735 896 2824 porciu
920 2753 1032 2822 corre,
1052 2732 1138 2808 illud
1163 2732 1324 2828 siguum,
1346 2755 1414 2808 corr
1435 2737 1524 2827 lito,

350 2853 414 2950 qui
439 2853 507 2928 luit
528 2851 744 2930 undecimus
764 2851 964 2946 imperetur
986 2851 1192 2947 Vespasiani
1214 2851 1308 2926 lilius
1328 2854 1429 2928 omui
1449 2853 1526 2932 vir-

352 2978 431 3058 tute
456 2973 653 3068 reitrlgens,
671 2970 733 3064 qui
755 2970 950 3066 imperavit
975 2991 1060 3046 erim
1082 2978 1185 3066 patre
1205 2978 1339 3067 etpost
1365 2981 1523 3068 patrem,

326 3093 415 3188 ¹pul
440 3092 572 3172 dicitur
604 3089 731 3173 iecisse
761 3089 956 3167 vindictam
989 3091 1036 3166 de
1065 3098 1186 3166 morto
1215 3092 1346 3169 Christi
1377 3095 1526 3188 quaudo

352 3212 483 3294 evertit
508 3212 711 3289 Jerusalem
748 3231 833 3287 cum
866 3218 967 3286 lanto
1000 3212 1142 3287 excidio
1170 3213 1394 3308 judaeorum.
1426 3216 1527 3291 Istud

351 3339 478 3412 autern
504 3332 614 3408 debet
638 3330 907 3428 intelligimus,
930 3332 1065 3408 scilicet
1092 3333 1191 3427 quod
1211 3334 1312 3430 justo
1334 3337 1473 3432 judicio
1484 3332 1523 3432 (¹)

353 3452 418 3534 eet
452 3451 553 3535 Titus
587 3451 672 3530 lecit
707 3449 901 3534 vindictam
933 3451 980 3527 de
1017 3453 1175 3548 peccatis
1201 3453 1426 3552 judaeorum,
1453 3478 1528 3534 non

354 3579 479 3651 tamen
512 3593 557 3652 aa
591 3570 804 3665 intentione,
835 3591 920 3648 curu
956 3572 1066 3648 luerit
1100 3593 1277 3670 paganus,
1307 3575 1403 3650 sicut
1434 3577 1531 3658 bena

354 3693 560 3790 expositum
596 3699 652 3770 est
684 3692 720 3773 iu
758 3692 1002 3788 Purgatori03
1028 3693 1128 3768 unde
1157 3694 1265 3769 dicit:
1295 3717 1320 3768 a
1348 3702 1413 3791 sor
1446 3720 1531 3773 oeu-

355 3816 449 3894 uota
465 3815 558 3891 della
580 3815 738 3888 venderia
754 3814 812 3886 del
830 3819 974 3904 peccalo
999 3817 1128 3902 antico,
1159 3815 1266 3909 primi
1293 3817 1463 3910 parentis.
1477 3857 1528 3874 -

356 3935 555 4024 Epuaudu
571 3933 636 4008 llic
654 3931 784 4012 ultimo
801 3931 1025 4008 lastinianus
1044 3933 1079 4006 in
1100 3935 1310 4011 narratione
1328 3958 1395 4011 sua
1413 3939 1531 4035 tangit

356 4051 455 4132 aliud
479 4059 624 4149 gestum
651 4051 792 4148 insigne
817 4052 920 4129 istius
944 4051 1035 4149 signi
1061 4053 1242 4129 victoriosi
1270 4054 1307 4129 in
1328 4077 1441 4133 mauu
1460 4059 1531 4135 Ca·

357 4172 426 4250 roll
452 4172 588 4270 magui,
605 4180 643 4250 el
663 4179 787 4251 serrat
811 4171 992 4268 optimum
1018 4173 1198 4268 ordinem,
1220 4177 1306 4271 quia
1332 4177 1428 4254 sicut
1453 4180 1531 4277 lpse

357 4291 582 4376 iustiniauus
607 4293 775 4374 liberavit
799 4293 937 4370 ltaliam
964 4293 1011 4371 de
1043 4295 1213 4370 manibus
1242 4300 1440 4394 gothorum
1466 4302 1532 4397 qui

356 4410 418 4492 diu
446 4419 702 4508 oppresserant
727 4433 823 4507 eam,
850 4413 898 4488 ita
933 4415 1087 4490 Carolus
1117 4414 1286 4492 liberavit
1314 4419 1454 4495 ltaliam
1486 4421 1534 4498 de

358 4532 528 4617 menibus
553 4532 866 4629 longobardorum
897 4533 961 4628 qui
990 4533 1127 4608 diutius
1152 4545 1410 4630 oppresserant
1434 4560 1532 4616 eam.

358 4650 413 4734 ao
446 4651 717 4748 intelligendam
733 4643 769 4745 (¹)
805 4652 917 4750 igitur
948 4653 1093 4730 literam
1119 4662 1175 4730 cst
1206 4656 1407 4754 sciendum,
1433 4660 1533 4755 quod

361 4770 455 4853 sieut
480 4771 602 4851 scribit
628 4771 830 4868 Eginardus
856 4773 1066 4852 nutritusa
1102 4775 1245 4870 duroto,
1275 4778 1352 4872 qui,
1385 4785 1428 4854 ut
1458 4779 1536 4876 ipse

340 4997 345 5007 .
423 4955 452 5018 (Ἰ
468 4955 498 5008 B.
515 4957 613 5019 judicio
628 4957 729 5008 deitatis
745 4957 807 5009 lerll
822 4959 961 5010 vindictam
978 4959 1011 5009 dn
1027 4964 1143 5022 por-rato.

422 5029 455 5100 Γ)
470 5033 500 5089 lt
517 5033 560 5091 Ad
574 5033 770 5102 intelligentiore
784 5037 866 5100 lsllrp
882 5035 965 5098 litero
980 5042 1020 5089 orl
1034 5038 1177 5092 muudum
