4342 6692
692 902 771 967 'tw
1093 908 1298 964 tonuerunt
1324 908 1489 963 rarenter

696 1056 810 1133 nebat
828 1076 985 1151 regnum
1004 1075 1201 1130 romanum
1210 1049 1262 1148 (¹),
1276 1056 1435 1130 sentiens
1452 1054 1696 1131 lastinianum
1715 1058 1780 1132 sibi
1799 1059 1874 1133 ira·

698 1186 781 1253 tum
806 1178 902 1250 misit
927 1175 1123 1273 Agabitum
1150 1197 1282 1271 papam
1315 1176 1362 1251 ad
1391 1174 1512 1270 ipsum
1544 1176 1774 1273 placandum,
1804 1178 1872 1273 qui

696 1298 824 1372 tabita
847 1316 974 1371 secum
1001 1295 1193 1370 collatione
1218 1297 1265 1371 de
1289 1294 1361 1371 fide
1387 1294 1523 1390 reperit
1549 1296 1670 1391 ipsum
1696 1298 1733 1372 in
1758 1319 1874 1394 pravo

695 1438 841 1511 errore,
854 1418 941 1511 qnia
954 1417 1129 1492 credebat
1140 1408 1177 1509 (¹)
1190 1416 1375 1491 Christum
1390 1437 1527 1512 purum
1544 1418 1730 1493 hominem
1748 1419 1872 1514 tuisne,

696 1558 786 1613 cum
800 1558 876 1631 quo
890 1537 1016 1610 habuit
1032 1536 1164 1610 duram
1183 1535 1477 1629 contentionem3
1492 1540 1533 1611 et
1549 1536 1752 1614 iustiniano
1769 1560 1874 1614 com-

698 1658 862 1732 minante
886 1656 953 1730 sibi
979 1662 1127 1730 sanctus
1151 1656 1311 1751 pontifex
1336 1676 1422 1730 cum
1442 1676 1576 1752 magna
1597 1659 1800 1733 constantia
1815 1660 1873 1733 in·

697 1778 839 1873 trepide
855 1777 964 1852 dixit:
983 1779 1060 1874 Ego
1076 1776 1123 1851 ad
1140 1776 1383 1851 Justiuiauum
1399 1775 1739 1852 christianissimum
1754 1780 1871 1876 impe-

695 1905 862 1972 ratorem
883 1898 1010 1972 venire
1029 1896 1166 1991 putavi,
1188 1902 1226 1970 et
1250 1896 1515 1971 Diocletianum
1543 1896 1676 1973 inveni.
1697 1899 1870 1995 Tandem,

697 2019 845 2093 rutente
865 2018 952 2111 Deo,
970 2016 1195 2091 iustinianus
1216 2037 1301 2091 cum
1321 2016 1446 2091 moitis
1462 2017 1526 2110 qui
1544 2037 1670 2092 secum
1685 2021 1871 2113 errabant,

697 2141 745 2215 nd
761 2139 1025 2214 contessionem
1045 2156 1143 2212 rerae
1161 2137 1242 2213 fidei
1262 2137 1402 2212 redivit.
1421 2137 1502 2226 Quo
1521 2138 1615 2212 iacto
1630 2139 1807 2235 Agabitus
1822 2140 1872 2215 ihi

696 2258 854 2333 reddidit
866 2259 1028 2332 animam
1042 2259 1131 2352 Deo,
1145 2258 1181 2331 in
1194 2258 1302 2332 cuius
1315 2259 1438 2333 iocum
1452 2260 1591 2334 eiectus
1603 2265 1659 2334 cst
1671 2282 1763 2355 papa
1775 2259 1872 2357 Vigi-

697 2380 782 2474 tius,
799 2379 862 2473 qui
889 2379 1011 2453 iuerat
1035 2378 1202 2471 ctericus,
1220 2378 1402 2455 Eleuterae
1422 2380 1550 2453 uxoris
1573 2380 1751 2475 principis.
1777 2381 1869 2458 iticit
1914 2394 1916 2397 ’

697 2520 790 2596 ergo
815 2498 1058 2573 lastinianus:
1085 2502 1147 2571 Mu
1166 2500 1288 2593 primu
1313 2502 1412 2573 ct’io
1437 2502 1597 2593 ull'upra
1619 2505 1708 2595 suasi
1731 2508 1871 2592 attento,

697 2620 800 2713 idest,
817 2628 1017 2714 antequam
1035 2620 1162 2694 darem
1181 2640 1334 2715 operam
1362 2621 1611 2696 reformationi
1638 2622 1775 2718 legum,
1793 2644 1872 2697 crc-

696 2743 1026 2832 dcuuunauutura,
1039 2740 1186 2833 scilicet,
1201 2742 1414 2836 humanam,
1427 2762 1499 2815 non
1510 2746 1603 2834 niue,
1616 2743 1762 2837 scilicet,
1779 2744 1872 2817 diri-

697 2882 797 2955 nam‚
814 2882 928 2934 escere
942 2865 980 2934 tu
1000 2864 1126 2950 Croto,
1147 2860 1254 2935 cuius
1271 2861 1499 2935 contrarium
1518 2862 1696 2954 probatur
1713 2862 1872 2957 capituto

696 2982 876 3075 sequenti,
896 3004 916 3054 e
938 2984 978 3055 di
1001 2984 1053 3055 tul
1071 2984 1165 3075 sede,
1183 2980 1319 3056 scilicet
1336 2988 1409 3055 tam
1430 3001 1599 3075 erronea,
1617 3004 1681 3055 era
1701 2990 1871 3075 coum,

695 3102 764 3177 iste
789 3102 894 3177 enim
914 3102 981 3175 tuit
1005 3122 1113 3177 error
1137 3100 1285 3194 Euticis,
1311 3108 1440 3175 contra
1456 3120 1567 3196 quem
1594 3100 1754 3197 disputat
1778 3103 1871 3179 Boe-

694 3224 780 3317 tius,
806 3226 918 3296 muit
948 3224 1122 3296 benedetto
1146 3222 1308 3313 Ayudito,
1332 3228 1436 3317 pater
1458 3229 1607 3297 sauctus
1630 3223 1721 3297 civis
1748 3246 1870 3299 roma-

696 3365 777 3436 nus,
795 3348 856 3417 ote
869 3348 929 3438 sue
944 3363 1080 3417 mmroo
1094 3350 1250 3435 perure,
1264 3344 1339 3416 atta
1353 3344 1432 3436 sede
1447 3346 1598 3437 mecm,
1615 3344 1762 3438 scilicet,
1776 3344 1871 3419 chri-

694 3463 835 3557 etianae,
852 3484 938 3558 quae
957 3462 1108 3537 estsine
1127 3462 1283 3556 macuta,
1310 3466 1359 3536 uti
1382 3455 1533 3556 duzzd,
1554 3464 1592 3537 in
1610 3484 1737 3539 veram
1758 3466 1868 3559 uiam,

694 3605 762 3657 nou
786 3588 818 3656 te
838 3586 967 3677 parole
983 3606 1053 3674 sue,
1071 3603 1155 3676 qnae
1172 3582 1324 3657 inerunt
1341 3584 1500 3658 muttum
1527 3584 1702 3659 efficacia.
1720 3586 1762 3658 et
1778 3586 1868 3659 enb-

694 3704 747 3779 dit
772 3704 944 3779 effectum
975 3705 1175 3779 verborum
1203 3695 1345 3797 eiusd),
1370 3704 1512 3779 dicens:
1538 3709 1576 3779 to
1599 3708 1651 3797 aa
1673 3708 1822 3797 oredctti,
1848 3728 1868 3778 e

695 3830 817 3919 ceneto
841 3848 911 3899 ora
934 3828 1070 3916 omaro,
1097 3824 1199 3917 idest,
1222 3846 1321 3899 nunc
1338 3825 1374 3899 in
1392 3826 1497 3917 coeio,
1514 3818 1569 3901 eid
1586 3830 1647 3900 ude
1659 3830 1695 3902 'u
1710 3846 1775 3900 suu
1789 3830 1868 3922 sede

693 3968 770 4041 era,
786 3947 891 4041 quasi
907 3948 1015 4039 dicat,
1028 3945 1203 4041 quicquid
1221 3945 1392 4019 tenebam
1413 3944 1460 4020 de
1478 3944 1548 4020 tide
1568 3948 1767 4042 perentam
1786 3966 1868 4022 cre-

692 4067 896 4161 dutitatem,
915 4088 1013 4141 nunc
1031 4064 1137 4140 video
1154 4084 1220 4159 per
1236 4064 1492 4140 certitudinem
1516 4064 1566 4141 ita
1584 4066 1694 4162 ctare7
1708 4068 1865 4142 oicuttu

692 4190 883 4286 cognoscis
898 4189 1061 4281 aliquam
1082 4208 1160 4261 rem
1184 4186 1241 4261 vel
1263 4186 1535 4261 conclusionem
1553 4187 1591 4261 in
1615 4195 1679 4263 tua
1698 4188 1865 4281 scientim

693 4302 1296 4398 uudedicitzsicometuoedioyut
1311 4310 1866 4403 mntrudiziuueesntmenem5

692 4432 778 4525 quia
796 4430 916 4505 omnis
934 4428 1170 4504 contradictio
1187 4428 1299 4502 habet
1316 4428 1353 4500 iu
1371 4448 1411 4501 se
1425 4429 1632 4503 necessario
1647 4448 1762 4502 unam
1782 4448 1867 4522 nar·

691 4558 767 4625 tem
796 4570 936 4643 veram,
956 4549 1110 4623 alteram
1130 4548 1278 4641 talsam3
1297 4547 1396 4623 unde
1416 4550 1475 4623 ier
1498 4548 1864 4625 contradictoriarum

692 4679 747 4746 eet
766 4671 910 4766 quodsi
931 4690 1004 4744 una
1024 4676 1080 4744 est
1098 4688 1197 4763 vera,
1217 4668 1358 4762 reliqua
1380 4677 1435 4743 est
1456 4670 1556 4764 salsa,
1574 4670 1670 4744 sicut
1686 4670 1785 4745 Deus
1801 4677 1866 4763 eet,

692 4791 792 4866 Deus
817 4812 890 4865 non
916 4801 982 4883 eet,
1009 4811 1078 4865 nec
1103 4796 1158 4864 est
1182 4791 1273 4864 dare
1292 4788 1532 4865 medium—
1549 4796 1661 4864 Toum.
1678 4790 1784 4865 Nunc
1800 4792 1866 4864 Ju-

754 4980 783 5115 {p
799 4977 830 5104 g:
848 4991 1026 5102 rlrlrmanorum.
1100 4973 1129 5039 (Ἴ
1145 4977 1176 5027 Ε,
1193 4976 1315 5026 credebat
1331 4976 1472 5027 nuntium
1486 4981 1605 5027 nonnum
1622 4976 1712 5028 Inuum
1728 4976 1865 5028 christum.

774 5056 782 5112 t
846 5054 925 5103 iiue.
