4342 6692
665 918 807 973 annuus
831 918 1022 972 vronsruus
1046 918 1176 973 uorsus.
1435 906 1504 975 185

339 1066 448 1141 labris
473 1066 593 1162 primo
616 1084 807 1159 apparens,
824 1064 936 1137 subito
951 1072 1128 1137 boscorse
1153 1066 1202 1137 do
1226 1070 1308 1137 tutte
1328 1066 1427 1156 parti
1439 1084 1505 1155 per

336 1192 373 1262 la
395 1209 492 1281 pron
513 1192 660 1282 foresto,
686 1184 789 1277 idest,
814 1183 1010 1279 spatiosam
1036 1183 1190 1279 sylvam,
1216 1204 1300 1278 quae
1325 1190 1400 1258 tota
1425 1188 1507 1258 erat
1569 1224 1572 1229 -

337 1328 451 1403 capax
477 1307 644 1400 luminis3
670 1312 707 1381 et
731 1305 832 1379 dicit:
860 1308 922 1396 tol,
948 1306 1050 1399 idest,
1077 1313 1151 1379 tam
1179 1306 1341 1380 subitum
1368 1312 1406 1379 et
1431 1311 1507 1379 ter-

339 1428 452 1522 ribile,
477 1430 537 1501 cte
561 1430 610 1500 mi
633 1430 718 1499 moe
736 1429 774 1497 io
788 1428 899 1518 forse,
917 1424 1019 1518 idest,
1038 1425 1073 1499 iu
1101 1426 1267 1519 dubium,
1287 1428 1324 1498 di
1346 1425 1507 1514 bolenor,

338 1547 440 1642 idest,
457 1539 670 1645 lulgurisdl,
697 1546 800 1641 quasi
825 1546 932 1639 dicat,
958 1546 1093 1621 credidi
1121 1546 1219 1641 quod
1245 1553 1340 1621 essct
1366 1546 1506 1620 lulmcu

338 1669 436 1763 quod
462 1668 635 1764 praecedit
659 1667 875 1761 tonitruum,
901 1666 965 1741 sed
990 1666 1062 1741 cito
1087 1666 1277 1762 perpendit
1308 1667 1407 1762 quod
1432 1686 1506 1740 non

337 1796 418 1865 erat
442 1790 547 1883 illud,
574 1788 672 1863 uude
696 1787 800 1861 dicit:
827 1808 887 1861 mo
907 1781 1071 1881 percld'l
1094 1789 1253 1879 bolenor,
1271 1787 1373 1879 idest,
1395 1807 1505 1861 coru·

338 1909 461 2002 scatio,
479 1930 575 1982 come
592 1911 682 1998 vius,
698 1916 807 1997 resto,
833 1908 935 2000 idest,
959 1914 1075 1983 cessat
1095 1907 1131 1980 iu
1148 1907 1304 2002 instanti,
1325 1908 1410 2001 quia
1429 1907 1508 1980 vio-

338 2029 456 2105 lenter
481 2030 642 2124 erumpit
666 2028 825 2104 calidum
850 2048 897 2103 cx
925 2029 1023 2103 nube
1050 2028 1198 2123 lrigida3
1217 2050 1236 2100 e
1252 2032 1342 2120 puel,
1360 2028 1507 2121 scilicet,

338 2150 509 2243 lustrum,
534 2152 699 2223 durando
724 2145 787 2245 piri
815 2144 917 2240 epid
940 2151 1141 2240 splendens,
1175 2148 1262 2242 quia
1292 2148 1462 2223 veniebat
1486 2169 1511 2223 a

338 2269 433 2343 coelo
454 2288 630 2364 empyreo
650 2289 722 2344 non
748 2269 796 2343 ab
821 2288 909 2341 aere
930 2268 1073 2361 mobili;
1091 2268 1186 2361 ideo,
1203 2270 1261 2340 nel
1279 2270 1347 2341 mio
1361 2289 1510 2360 poscor,

338 2387 374 2461 iu
400 2394 525 2463 mente
550 2408 645 2481 mea,
662 2389 749 2483 quia
767 2409 841 2463 non
858 2387 1041 2463 audebam
1058 2394 1185 2484 petere
1201 2388 1248 2463 ab
1273 2387 1331 2463 illa
1349 2388 1510 2483 domina,

338 2512 457 2584 dbea:
482 2512 542 2582 clte
572 2530 657 2583 rosa
681 2505 702 2583 e*
724 2516 868 2601 questo?
893 2508 998 2603 quasi
1031 2509 1149 2583 dicat:
1184 2530 1296 2603 quam
1335 2507 1510 2583 mirabilis

339 2636 376 2705 et
401 2628 599 2725 stupenda!
625 2630 724 2703 lstud
748 2635 876 2704 autem
906 2630 1032 2703 lumen
1062 2627 1284 2723 procedebat
1314 2649 1336 2702 a
1368 2634 1507 2722 septem

340 2748 567 2825 candelabris
583 2740 620 2842 (²)
650 2748 985 2843 ardentibusque
1015 2754 1101 2821 sunt
1131 2756 1269 2843 septem
1305 2749 1400 2821 dona
1429 2747 1510 2843 Spi-

342 2868 435 2944 ritus
459 2870 598 2963 sancti3
625 2869 707 2944 ideo
732 2870 828 2945 bene
853 2869 969 2965 replet
995 2877 1110 2943 totam
1136 2870 1288 2965 sylvam,
1314 2870 1405 2944 idest
1435 2877 1510 2943 sta·

341 2997 420 3064 tum
444 2991 609 3064 omnium
631 2989 879 3065 virtuosorum
898 2996 935 3065 et
952 2990 1108 3065 illustrat
1130 2989 1372 3065 universalem
1391 2990 1510 3065 eccle·

339 3111 443 3185 siam.
457 3115 563 3183 -Et
578 3131 659 3183 unu.
681 3110 747 3184 Hic
771 3116 878 3204 poeta
896 3110 1066 3185 describit
1089 3116 1238 3184 cantum
1260 3129 1425 3203 suavem,
1443 3110 1508 3205 qui

338 3230 564 3324 sequebatur
589 3230 688 3304 illam
713 3230 834 3304 lucem
862 3230 1078 3324 mirabilem,
1104 3229 1246 3303 dicens:
1273 3236 1317 3303 El
1340 3250 1413 3303 ono
1436 3251 1509 3302 me-

339 3354 434 3425 lodia
458 3353 555 3425 dotm
579 3371 708 3423 correo
726 3372 795 3444 per
820 3354 915 3425 laer
940 3354 1121 3425 luminoso.
1144 3352 1187 3423 Et
1213 3350 1271 3425 bic
1296 3358 1382 3425 nota
1408 3350 1509 3445 quod

338 3472 407 3547 iste
431 3478 562 3547 cantus
586 3472 806 3566 procedebat
829 3472 877 3545 ab
902 3472 958 3545 bis
983 3472 1047 3567 qui
1067 3477 1173 3546 erant
1189 3472 1226 3545 in
1246 3472 1423 3567 exercitu,
1440 3474 1510 3549 sci-

338 3591 422 3667 licet
446 3612 470 3666 a
495 3592 678 3687 prophetis
703 3598 741 3666 et
770 3591 952 3687 apostolis,
979 3592 1200 3685 doctoribus,
1233 3594 1456 3688 martyribus
1472 3584 1509 3687 (³)

340 3719 378 3789 et
401 3712 480 3813 aliis
496 3712 641 3805 sanctis,
659 3712 720 3806 qui
739 3712 856 3809 gratia
874 3712 1028 3808 Spiritus
1044 3712 1159 3787 saneti
1178 3712 1404 3789 illuminante
1422 3734 1510 3789 can·

342 3839 514 3908 taverunt
538 3832 692 3938 dulciter
717 3839 754 3907 et
778 3832 986 3925 salubriter,
1012 3831 1071 3905 alii
1105 3832 1304 3927 scripturis,
1331 3834 1390 3905 alii
1424 3855 1511 3909 ora-

340 3952 510 4046 tionibus,
528 3953 588 4027 alii
610 3951 934 4047 praedicationibus,
952 3951 1012 4026 alii
1033 3951 1138 4026 bonis
1156 3952 1341 4046 exemplis.
1362 3953 1405 4025 Et
1421 3954 1510 4026 sub-

340 4071 392 4145 dit
416 4080 524 4166 poeta
549 4071 748 4147 incidenter
781 4072 879 4165 quod
911 4070 1035 4145 videns
1066 4077 1203 4146 tantam
1231 4072 1447 4167 claritatem,
1472 4079 1510 4148 et

340 4190 492 4266 audieus
518 4197 657 4266 tantam
682 4190 912 4285 suavitatem,
944 4198 1065 4265 motus
1096 4190 1220 4265 estad
1248 4190 1507 4287 indignandum

341 4317 468 4385 contra
494 4311 650 4405 primam
681 4316 852 4406 matrem,
878 4330 962 4405 quae
994 4309 1133 4405 peperit
1159 4310 1262 4383 nobis
1291 4318 1509 4405 perpetuam

340 4428 584 4505 infelicitatem
611 4452 696 4505 cum
726 4436 823 4505 tanta
842 4430 1011 4505 felicitate
1032 4431 1237 4523 frueretur3
1259 4452 1343 4505 nam
1369 4431 1508 4509 fallacia

341 4551 452 4627 bostis
476 4552 627 4647 decepta
654 4551 774 4627 virum
802 4554 875 4627 beu
901 4551 1008 4625 nimis
1033 4551 1226 4626 credulum
1246 4552 1405 4627 insuam
1425 4574 1510 4629 sen·

341 4672 491 4746 tentiam
518 4672 640 4745 traxit.
667 4671 759 4746 llicit
790 4692 880 4768 ergo
905 4678 1033 4766 poeta:
1060 4675 1151 4745 unde
1177 4672 1267 4745 buon
1291 4676 1380 4764 zelo,
1408 4672 1508 4769 idest,

342 4811 449 4866 amor
469 4791 640 4885 caritatis,
658 4812 731 4865 non
748 4792 867 4888 gratia
883 4792 1128 4886 detractionis,
1146 4792 1240 4867 sicut
1263 4794 1510 4869 communiter

405 4974 433 5039 (¹)
448 4977 480 5027 Ε.
495 4977 561 5027 idest
577 4979 746 5029 coruscantia
761 4980 815 5029 dra
831 4980 1017 5030 coruscationis
1032 4978 1154 5043 fulguris.
1279 4982 1306 5045 (Ἴ
1323 4980 1354 5031 E.
1371 4980 1494 5033 candelis.

404 5054 433 5118 (⁸)
447 5054 478 5105 Ε.
494 5056 661 5120 martyribus,
676 5057 866 5109 conlusoribus
879 5061 907 5108 et
919 5056 985 5108 sliis.
