4342 6692
738 906 878 963 usurus
902 907 1065 963 nunnius.
1417 893 1487 961 367

316 1059 443 1152 postea
467 1054 630 1148 dicetur3
649 1044 742 1147 perd
763 1056 874 1146 pcrla
903 1074 970 1126 con
994 1074 1079 1144 esse,
1107 1048 1252 1144 scilicet,
1284 1050 1496 1144 animabus,

315 1182 350 1249 ct
371 1177 432 1249 odi
455 1195 474 1247 e
498 1177 607 1265 credi,
633 1173 807 1269 quicquid
833 1172 953 1248 dicent
968 1166 1004 1265 (¹)
1032 1172 1108 1265 tibi,
1130 1172 1215 1267 quia
1241 1192 1313 1246 uon
1340 1177 1490 1266 possunt

316 1295 481 1389 mentiri,
507 1294 606 1369 uude
630 1294 735 1369 dicit:
763 1296 824 1367 cte
853 1297 889 1367 la
914 1314 1038 1367 verace
1066 1296 1152 1384 luce,
1184 1292 1331 1386 scilicet,
1357 1292 1490 1386 diviua,

316 1416 376 1487 cllo
401 1418 432 1489 lc
456 1436 612 1508 appono,
641 1413 744 1509 idest,
770 1420 968 1506 contentat,
993 1434 1067 1487 nou
1098 1415 1208 1487 luscio
1240 1416 1296 1486 lor
1327 1414 1492 1486 torcerli
1626 1462 1630 1469 -

311 1535 408 1627 pedi,
434 1534 537 1628 idest,
563 1554 729 1608 amorem
755 1541 793 1608 et
816 1532 1060 1627 allectionem,
1078 1536 1127 1607 dc
1148 1528 1197 1625 sd,
1224 1532 1326 1627 idest,
1347 1532 1394 1607 ab
1412 1533 1489 1627 ipsa

317 1652 413 1747 luce,
439 1674 523 1747 quae
548 1660 604 1728 est
628 1654 773 1728 veritas.

391 1780 437 1847 Et
458 1777 494 1847 io
519 1775 722 1847 cll'omdro.
749 1776 820 1849 lsta
849 1779 904 1849 est
936 1773 1098 1848 secunda
1123 1794 1208 1868 pars
1232 1772 1425 1869 generalis,
1451 1772 1488 1846 in

318 1916 393 1990 qua
417 1896 552 1969 Dantes
576 1894 614 1969 in
638 1895 784 1990 speciali
809 1894 883 1991 agit
909 1902 946 1970 et
970 1899 1102 1969 tractat
1127 1894 1173 1969 de
1198 1914 1273 1968 una
1297 1893 1419 1967 anima
1446 1892 1489 1967 il-

318 2016 440 2089 larum
458 2015 667 2089 animarum
684 2014 869 2089 contraria
881 2014 1050 2089 Narcisso
1067 2014 1206 2089 famosa
1224 2019 1391 2109 tempore
1408 2033 1486 2087 suo.

318 2134 372 2209 Ad
398 2135 503 2210 cuius
528 2135 773 2231 cognitionem
800 2140 943 2230 oportet
963 2134 1083 2230 primo
1100 2132 1283 2229 praescire,
1304 2133 1404 2227 quod
1421 2134 1488 2208 ista

318 2261 374 2331 est
390 2255 566 2331 Picllarda
586 2256 806 2351 pulcerrima
823 2254 1066 2351 pudicissima,
1081 2253 1127 2329 de
1146 2274 1219 2348 qua
1237 2253 1330 2329 lacta
1348 2261 1403 2329 est
1423 2273 1491 2328 ex-

317 2394 442 2471 pressa
468 2376 654 2470 praedictio
682 2374 890 2473 Purgatorii
911 2373 1070 2470 capitulo
1095 2372 1219 2467 XXIV,
1249 2392 1333 2468 quae
1363 2378 1491 2468 sponte

317 2502 356 2570 et
380 2516 425 2570 er
451 2502 553 2571 certa
570 2495 720 2571 scientia
737 2496 937 2571 devoverat
953 2516 1060 2569 suam
1079 2494 1221 2569 Christo
1243 2493 1489 2589 virginitatem

320 2637 406 2693 cum
416 2618 496 2713 jam
509 2623 605 2692 esset
620 2616 745 2692 adulta
762 2616 800 2691 in
820 2615 1042 2691 monasterio
1060 2622 1195 2691 sanctae
1208 2616 1325 2689 Clarae
1341 2615 1388 2690 de
1405 2614 1489 2689 Flo-

320 2736 448 2811 rentia.
467 2736 538 2811 Sed
559 2737 673 2811 trater
690 2736 770 2811 eius
786 2736 958 2810 dominus
974 2736 1127 2809 Cursius
1143 2735 1190 2810 de
1206 2736 1366 2829 Donatis,
1386 2735 1489 2810 miles

319 2856 592 2949 famosissimus,
617 2876 704 2930 cum
731 2854 805 2929 suis
835 2855 950 2949 ipsam
980 2855 1158 2929 violenter
1191 2853 1301 2931 traxit
1325 2855 1371 2929 de
1395 2854 1490 2947 loco,

319 2997 405 3051 oum
441 2976 702 3071 despondisset·
723 2995 806 3049 eam
841 2973 921 3049 viro
954 2974 1139 3068 seculari,
1178 2973 1313 3048 scilicet
1344 2973 1489 3048 cuidam

319 3096 488 3171 Roseliuo
513 3095 560 3170 de
584 3095 766 3170 nobilibus
790 3095 837 3170 de
862 3097 896 3169 la
922 3096 1026 3169 Tosa.
1046 3094 1225 3169 Piclnarda
1249 3114 1490 3190 perseverans

321 3215 357 3291 in
381 3236 451 3290 suo
476 3220 602 3291 sancto
626 3215 822 3311 proposito,
848 3214 1079 3290 devotissime
1103 3214 1318 3310 supplicavit
1341 3214 1431 3309 Deo,
1449 3219 1491 3288 ut

322 3336 529 3414 incurreret
561 3340 720 3409 mortem
751 3334 809 3409 vel
841 3333 1101 3429 infirmitatem,
1127 3354 1193 3431 per
1227 3355 1339 3430 quam
1371 3339 1492 3437 posset

321 3475 472 3531 servare
496 3454 706 3529 inviolatam
733 3475 839 3529 suam
866 3454 1130 3551 virginitatem:
1154 3461 1191 3529 et
1214 3454 1387 3529 continuo
1403 3473 1491 3549 gra-

319 3576 374 3650 vis
399 3575 551 3650 morbus
569 3574 699 3649 invasit
715 3594 866 3649 caruem
887 3574 978 3669 eius,
1004 3595 1079 3670 quo
1103 3574 1163 3649 illa
1191 3574 1351 3650 moriens
1369 3580 1491 3648 trans-

321 3695 384 3771 ivit
409 3696 456 3771 ad
473 3696 664 3771 meliorem
682 3716 869 3791 sponsum.
894 3696 940 3769 Et
965 3703 1065 3771 recte
1086 3695 1152 3769 ista
1168 3696 1369 3791 juvencula
1388 3701 1491 3770 tusca

321 3815 415 3911 lecit,
441 3814 534 3890 sicut
551 3816 637 3890 olim
663 3816 873 3891 adolescens
898 3820 1025 3889 tuscus
1044 3816 1193 3890 nomine
1215 3814 1408 3909 Spurinna,
1427 3813 1490 3909 qui

321 3955 408 4011 cum
433 3935 482 4008 ob
512 3935 731 4031 elegantiam
760 3955 839 4009 suae
868 3935 996 4008 iormae
1026 3934 1151 4008 multis
1183 3934 1270 4007 viris
1299 3940 1491 4029 suspectus

323 4054 551 4149 redderetur,
568 4076 675 4130 suam
702 4055 901 4129 lormosam
919 4053 1049 4129 taciem
1069 4052 1254 4150 unguibus
1271 4052 1437 4130 exaravit
1454 4058 1491 4128 et

322 4172 550 4249 deformavit.
565 4175 670 4248 Nunc
681 4174 728 4248 ad
744 4174 902 4268 literam,
919 4179 1029 4248 autor
1046 4180 1199 4268 apparat
1215 4194 1255 4247 se
1272 4173 1318 4248 ad
1335 4174 1491 4267 loquen-

321 4294 411 4367 dum
435 4293 541 4369 dictae
572 4294 726 4388 umbrae,
756 4293 898 4369 dicens:
925 4298 970 4367 Et
996 4296 1032 4366 to
1062 4296 1252 4367 drtzzotmi
1280 4296 1339 4367 cll
1353 4295 1492 4387 omdrc,

321 4412 425 4508 idest,
450 4414 594 4508 animm,
619 4416 679 4488 cte
698 4434 815 4507 porea
838 4409 900 4507 pid
925 4434 1020 4505 copo
1043 4416 1082 4487 dl
1104 4418 1293 4507 rapionor,
1319 4414 1404 4510 quia
1430 4434 1493 4489 oo·

321 4541 501 4631 gnoverat
525 4555 613 4611 eum
639 4534 677 4609 in
702 4535 787 4630 vita,
805 4542 843 4610 et
862 4542 943 4610 erat
966 4534 1013 4611 de
1029 4534 1146 4630 patria
1163 4556 1242 4630 sua,
1261 4538 1492 4627 ecominctot,

321 4655 460 4750 supple,
485 4655 597 4750 loqui,
623 4657 929 4749 quadrom'com
944 4659 1015 4729 cui
1044 4662 1183 4749 troppo¹
1205 4658 1323 4747 ecclic
1352 4676 1493 4751 smcpa,

321 4775 424 4871 idest,
456 4795 569 4869 quem
601 4776 735 4850 ardens
771 4773 992 4850 desiderium
1026 4776 1181 4851 alterat:
1215 4775 1360 4850 videbat
1394 4774 1491 4851 euim

384 5034 414 5101 (¹)
428 5036 459 5087 12„
476 5036 585 5089 dicetur.
