4342 6692
644 881 783 939 clarus
807 882 999 941 vrsnurrus
1023 884 1190 953 sumnus.
1453 875 1500 945 99

329 1032 385 1105 est
408 1026 450 1107 in
473 1026 670 1123 monum,
693 1026 790 1105 unde
815 1026 986 1124 genitalia
1011 1028 1163 1103 trahunt
1187 1029 1286 1122 qnod
1311 1031 1502 1127 superfluit

329 1147 517 1243 membris,
538 1148 631 1227 sicut
647 1154 800 1225 sentosa
817 1147 1046 1243 sanguinem.
1065 1148 1124 1225 Sic
1136 1142 1174 1243 ι’)
1194 1156 1295 1245 patet
1314 1151 1501 1247 quomodo

329 1269 387 1345 nio
419 1269 569 1367 sanguis
601 1273 658 1347 est
691 1268 885 1365 perlectus.
898 1274 1091 1345 -Ancon
1123 1270 1190 1344 llic
1220 1252 1356 1347 Statius
1384 1274 1502 1369 posita

328 1388 465 1467 virtute
490 1388 676 1485 potentiali
707 1389 912 1483 spermatis,
939 1388 1040 1484 ponit
1072 1388 1153 1465 eius
1176 1392 1430 1487 operationem
1454 1392 1501 1469 ad

328 1509 605 1607 generationem
629 1509 752 1603 loelus,
778 1508 921 1589 dicens:
943 1515 1064 1583 Auoor
1084 1512 1231 1603 aliponto,
1252 1512 1332 1587 talis
1352 1512 1502 1610 sangnis

329 1628 777 1725 coenomanensem
810 1625 900 1705 ovid
927 1624 989 1723 pta
1022 1630 1109 1709 bello
1138 1637 1236 1707 orer
1267 1635 1327 1707 cle
1355 1623 1501 1727 dirce),

330 1770 397 1845 pro
421 1752 613 1828 honestate
637 1750 809 1845 relinquit
840 1749 1116 1846 intelligendum
1149 1751 1288 1847 lectori,
1314 1752 1412 1849 quod
1438 1751 1503 1829 de-

329 1869 468 1953 scandit
491 1870 538 1947 ad
568 1870 769 1963 testiculos3
796 1876 829 1943 et
852 1872 985 1965 quodi,
1012 1868 1117 1964 idest,
1140 1870 1188 1945 ab
1214 1870 1290 1945 istis
1316 1870 1503 1970 testiculis,

326 1994 449 2085 porcia
480 2010 590 2084 amoc,
616 1990 719 2084 idest,
749 1989 907 2084 distillat,
937 1993 975 2064 in
1006 1994 1155 2065 oolurol
1185 1994 1329 2083 ouoello,
1353 1992 1501 2088 scilicet,

330 2110 368 2189 in
394 2112 585 2190 manicam
608 2111 783 2205 mulieris,
803 2130 888 2207 quae
904 2118 960 2187 cst
977 2117 1063 2205 apta
1083 2117 1170 2187 nala
1186 2113 1235 2188 ad
1252 2111 1501 2211 recipiendum

330 2232 403 2309 tale
427 2252 566 2309 semen.
592 2232 655 2307 list
679 2230 777 2307 enim
802 2230 897 2307 sicut
922 2230 1066 2307 urinale
1091 2233 1149 2305 uel
1175 2231 1299 2325 bursa,
1317 2254 1401 2327 qnae
1417 2224 1504 2311 stri·¹

332 2352 489 2429 ctissime
513 2352 696 2433 clauditur
722 2358 868 2447 recepta
892 2350 955 2428 tali
981 2359 1149 2445 moneta,
1167 2372 1276 2427 soora
1292 2355 1400 2427 moui
1414 2374 1502 2427 san-

330 2494 409 2566 pue,
435 2472 537 2567 idest,
562 2492 675 2569 super
701 2472 916 2569 sanguinem
944 2471 1109 2549 mulieris
1136 2472 1203 2566 qut
1234 2472 1367 2548 dicitur
1397 2493 1502 2549 men·

331 2600 471 2688 sunus,
505 2594 611 2687 idest,
642 2592 797 2687 lunaris,
832 2591 918 2686 quia
947 2591 1026 2667 lluit
1059 2591 1263 2667 secundum
1296 2592 1503 2671 lunationes

333 2715 439 2791 nimis
463 2714 608 2791 diverse
631 2713 670 2789 ln
694 2712 846 2787 diuersis
873 2711 1099 2788 mulieribus.
1124 2714 1170 2785 llt
1194 2712 1253 2788 hio
1278 2718 1375 2809 nota,
1401 2712 1501 2810 quod

332 2835 501 2931 waldam
528 2854 613 2929 pars
637 2833 765 2930 purior
782 2833 885 2908 istius
903 2832 1089 2930 sanguinis
1105 2832 1292 2909 concurrit
1316 2833 1363 2907 ad
1387 2854 1501 2931 gene-

333 2946 524 3050 rationem,
549 2954 620 3033 alia
644 2954 743 3033 enim
770 2974 855 3049 pars
880 2959 936 3029 est
959 2952 1263 3047 immundissima,
1282 2973 1367 3047 quae
1387 2953 1500 3029 ioedat

333 3082 372 3152 ct
396 3074 507 3151 inlicit
530 3074 655 3151 omnia
679 3073 831 3167 munda,
849 3080 891 3149 ut
915 3080 1071 3148 testatur
1092 3072 1228 3149 Plinius
1244 3073 1304 3147 llll
1322 3073 1499 3151 naturalis

332 3194 492 3271 historiae
515 3200 554 3270 et
577 3194 662 3269 alibi
688 3213 796 3289 sepe,
821 3193 928 3269 cuins
953 3190 1106 3269 effectus
1130 3191 1360 3269 detestabiles
1385 3192 1502 3269 hone·

330 3314 422 3389 silus
447 3320 503 3389 est
527 3320 650 3391 lacem
675 3334 787 3408 quam
813 3312 954 3405 dicore3
979 3312 1074 3387 siem
1105 3311 1163 3389 hic
1194 3312 1280 3387 lacit
1303 3312 1362 3387 hic
1386 3313 1503 3392 hone·

331 3433 509 3510 stissimus
534 3441 652 3529 poeta.
678 3434 722 3509 lit
746 3432 868 3511 subdit
897 3432 1191 3512 coniunctionem
1221 3432 1376 3507 istorum
1406 3432 1503 3510 duo·

332 3574 416 3628 ram
442 3552 676 3650 sanguinum,
700 3552 844 3632 dicens:
871 3555 978 3627 lanto
1003 3574 1021 3627 e
1046 3554 1190 3644 tucn,
1215 3552 1317 3646 idest,
1344 3558 1504 3649 uterque

332 3674 480 3769 sanguis
507 3672 575 3749 viri
600 3679 639 3749 et
663 3672 840 3767 mulieris,
856 3674 885 3747 s’
898 3676 1050 3764 accoptle
1070 3675 1131 3765 iot,
1152 3671 1254 3767 idest,
1271 3672 1504 3769 coniungun-

333 3801 395 3871 tur
408 3784 445 3885 (³)
473 3793 510 3870 in
535 3793 595 3869 illa
620 3794 793 3889 matrice,
810 3795 924 3885 luno,
941 3791 1089 3888 scilicet,
1107 3798 1332 3886 menstruus,
1350 3794 1503 3887 dat-posto

333 3917 508 4007 opnuro,
533 3914 635 4007 idest,
661 3913 877 4007 substinere,
903 3915 1046 4003 tuan,
1077 3911 1223 4006 scilicet,
1253 3931 1400 4007 sperma
1433 3910 1504 3986 riri

332 4032 557 4129 dispositum,
582 4054 608 4104 a
627 4037 723 4128 soro,
743 4031 846 4127 idest,
863 4052 976 4129 agere
993 4032 1030 4106 in
1055 4031 1189 4127 ipsum,
1210 4031 1260 4105 ita
1279 4031 1379 4126 quod
1395 4038 1501 4126 pater

333 4151 396 4227 dat
419 4152 579 4228 formam
604 4152 689 4248 lilio,
715 4158 835 4231 maier
861 4170 950 4227 vero
977 4151 1180 4227 materiam.
1200 4150 1354 4246 Sperma
1373 4158 1501 4227 aurem

334 4273 499 4349 mulieris
523 4294 598 4351 non
622 4281 679 4348 est
702 4272 950 4349 necessarium
968 4272 1015 4349 ad
1031 4273 1319 4370 generationem.
1337 4272 1381 4345 itt
1397 4270 1501 4347 dicit:

328 4415 395 4487 per
419 4396 455 4467 lo
476 4398 623 4489 poscito
640 4396 716 4467 loco
731 4396 823 4469 nude
846 4396 878 4467 ri
896 4414 1040 4489 preme,·
1064 4393 1152 4487 quia
1177 4391 1307 4468 decidit
1324 4413 1347 4468 a
1365 4391 1501 4488 corde;

332 4514 394 4589 alii
418 4520 543 4590 lamen
576 4514 702 4589 dicunt
728 4534 754 4589 a
778 4513 944 4589 cerebro.
979 4514 1024 4587 lit
1058 4512 1174 4609 tangit
1203 4511 1338 4586 Statius
1362 4511 1503 4586 torma·

332 4633 468 4711 tionem
507 4640 546 4709 et
581 4632 841 4711 animationem
874 4632 997 4726 foetus,
1034 4630 1180 4707 dioens:
1216 4652 1252 4722 e,
1286 4634 1407 4723 muno
1439 4634 1502 4725 lari,

332 4752 437 4847 idest,
453 4753 530 4848 ipse
554 4753 703 4851 sanguis
725 4751 965 4848 spermaticus
980 4752 1198 4829 coniunctus
1215 4770 1303 4825 cum
1319 4751 1501 4847 sanguine

395 4936 422 5001 (¹)
438 4939 470 4991 Il.
485 4944 513 4990 ct
528 4940 573 4990 sic.
757 4934 786 5003 (⁸)
802 4938 833 4990 lt.
848 4940 911 5001 dire,
928 4942 975 5003 per
990 4938 1041 4991 hoc
1055 4940 1164 4992 horrula
1180 4938 1314 5005 rudnqnit.

397 5012 424 5078 (¹)
440 5015 472 5067 Il.
488 5016 652 5081 munatium
667 5017 695 5071 i·
709 5016 754 5071 flia
770 5016 888 5070 mulos.
