4342 6692
795 897 932 954 cunnus
956 898 1127 956 ocravus.
1478 889 1548 956 503

320 1035 324 1042 ’
377 1043 450 1119 licit
475 1043 512 1118 in
538 1048 642 1140 parte
667 1041 809 1140 frigida,
840 1049 877 1118 et
903 1044 961 1119 leo
987 1064 1060 1118 nou
1086 1044 1175 1120 vivit
1200 1045 1237 1118 in
1252 1038 1289 1138 (⁴)
1316 1044 1550 1142 septemtrio·

376 1165 449 1240 nali
475 1164 631 1240 climate.
646 1167 841 1238 -Esett
868 1164 934 1239 Hic
959 1165 1088 1240 ultimo
1114 1185 1160 1240 ex
1187 1165 1290 1241 dictis
1312 1166 1465 1240 Carolus
1487 1165 1552 1240 dat
1611 1252 1615 1259 .

378 1305 493 1359 uuum
521 1284 609 1358 utile
634 1282 824 1358 consilium
839 1275 876 1376 (²)
906 1283 1111 1359 viventibus
1140 1285 1178 1358 in
1210 1285 1350 1360 mundo
1379 1285 1449 1359 sub
1475 1284 1552 1360 lor-

378 1411 478 1499 tuua,
505 1403 671 1478 videlicet
698 1411 738 1478 ut
762 1403 985 1478 concordent
1015 1403 1201 1479 fortunam
1232 1426 1338 1479 suam
1365 1411 1546 1500 quantum

377 1525 545 1623 possibile
570 1530 643 1619 est3
671 1524 769 1599 unde
793 1523 900 1598 dicit:
928 1530 961 1598 Ε
982 1547 1019 1599 se
1042 1528 1071 1598 il
1093 1529 1236 1619 mondo,
1263 1526 1364 1621 idest,
1384 1526 1548 1600 viventes

377 1648 415 1721 in
441 1645 579 1720 mundo
604 1643 777 1738 inferiori,
800 1665 947 1736 postesse
970 1652 1079 1719 mente
1101 1643 1221 1738 laonii
1245 1650 1286 1720 cl
1304 1649 1546 1742 fondamento,

235 1854 236 1858 Ν
378 1767 480 1860 idest,
498 1765 683 1859 habilitati,
700 1767 760 1838 otc
775 1773 907 1838 natura
921 1787 1026 1859 pone,
1044 1766 1193 1841 cuilibet
1210 1766 1359 1861 bomini,
1373 1768 1548 1858 sequendo

378 1891 438 1979 lui,
456 1891 560 1961 corta
585 1887 700 1960 morra
725 1889 761 1960 ta
785 1894 893 1978 cente.
921 1887 962 1959 Et
988 1886 1110 1961 subdit
1135 1887 1234 1982 quod
1259 1887 1426 1962 homines
1450 1905 1547 1980 saepe

376 2006 514 2082 iaciunt
539 2007 756 2102 oppositum,
782 2007 928 2082 dicens:
955 2028 1014 2080 mn
1040 2010 1099 2081 voi
1122 2014 1260 2093 macte,
1285 2013 1413 2081 contra
1439 2011 1549 2080 natu·
1691 1990 1694 1999 ’

378 2129 492 2203 ralem
520 2126 799 2222 inclinationem,
826 2131 899 2202 clla
929 2132 1108 2221 relictoue,
1135 2129 1237 2226 idest,
1262 2128 1376 2204 facitis
1404 2127 1550 2223 religio-

376 2269 459 2322 sum
486 2255 523 2323 et
548 2247 787 2342 sacerdotem,
814 2251 865 2322 tul
888 2251 947 2322 cte
969 2251 1020 2342 fin
1049 2257 1146 2341 nato,
1177 2248 1279 2343 idest,
1314 2253 1410 2323 esset
1443 2252 1550 2342 aptus

376 2371 495 2461 natus,
520 2387 544 2439 c
569 2370 720 2458 cingeret
743 2370 780 2440 ln
804 2371 931 2461 spada,
958 2369 1060 2464 idest,
1086 2367 1233 2443 militari
1259 2367 1438 2461 scienliae3
1464 2373 1501 2442 et
1527 2385 1549 2440 e

374 2507 565 2581 converso,
598 2510 617 2560 e
647 2491 720 2581 sate
744 2509 785 2562 re
809 2491 847 2562 di
871 2492 924 2562 tul
945 2486 1030 2564 rt’d
1060 2492 1109 2563 du
1138 2511 1312 2582 summu,
1345 2490 1447 2582 idest,
1482 2488 1545 2582 qui

376 2612 470 2682 esset
495 2608 613 2681 bonus
639 2606 841 2704 religiosus,
868 2608 932 2703 qui
957 2609 1023 2684 scit
1047 2610 1143 2685 bene
1159 2609 1409 2685 sermocinari.
1432 2609 1476 2682 Et
1494 2606 1549 2682 vi·
1593 2698 1598 2705 ι

376 2727 578 2802 deturbor
609 2728 731 2804 dicere
764 2751 845 2830 pro
867 2749 955 2826 rege
986 2730 1148 2805 Roberto
1183 2730 1245 2825 qui
1271 2728 1548 2804 benefaciebat

375 2867 584 2922 sermonem
611 2854 648 2922 et
674 2849 832 2923 multum
859 2850 1120 2925 delectabatur.
1147 2851 1191 2924 Et
1215 2855 1316 2924 certe
1335 2869 1545 2924 sermonem

252 2981 255 2988 ’
375 2979 459 3044 non·
474 2968 569 3043 bene
594 2968 678 3044 lacit
704 2969 770 3044 uisi
796 2970 859 3064 qui
891 2977 946 3045 est
975 2970 1151 3067 sapientia
1184 2970 1358 3044 imbutus.
1389 2971 1433 3043 Et
1458 2989 1547 3044 vere
1585 3009 1591 3019 ·

307 3145 310 3152 .
375 3089 547 3182 quicquid
572 3088 726 3186 dicatur,
753 3091 811 3166 hic
838 3112 903 3166 rex
922 3090 990 3166 luit
1010 3090 1250 3187 civilissimus,
1267 3090 1546 3184 moralissimus,

374 3209 552 3284 librorum
587 3218 743 3305 amator,
780 3213 1007 3287 literatorum
1042 3212 1195 3307 amicus,
1231 3211 1294 3306 qui
1325 3211 1426 3285 novit
1456 3210 1546 3285 dare

372 3329 509 3428 dignis,
537 3330 600 3406 sod
624 3339 732 3427 poeta
757 3339 866 3406 caute
897 3332 998 3430 lingit
1028 3332 1201 3406 Carolum
1227 3331 1350 3407 dicere
1374 3331 1453 3425 ista,
1479 3330 1546 3424 qui

347 3451 548 3555 ,voluisset
586 3452 705 3546 potius
741 3452 944 3528 Robertum
984 3452 1063 3528 lieri
1101 3453 1253 3528 fratrem
1291 3452 1473 3525 llinorum
1493 3439 1545 3543 (³),

374 3592 487 3665 quam
507 3591 646 3669 regern,
665 3579 706 3646 ut
732 3593 887 3670 regnum
906 3573 1131 3669 pervenisset
1148 3573 1193 3647 ad
1212 3570 1396 3647 baerodem
1419 3591 1544 3645 suum.

373 3692 417 3766 Et
442 3692 625 3766 concludit
650 3693 827 3768 finaliter:
853 3697 943 3769 ende
973 3697 1009 3768 ln
1043 3697 1175 3768 nocua
1200 3699 1320 3766 corba
1351 3689 1373 3765 e*
1398 3695 1483 3785 snor
1500 3693 1546 3764 'di

374 3814 513 3905 strada,
531 3812 633 3908 idest,
653 3815 803 3912 vestigia
825 3821 945 3890 vestra
968 3821 1054 3888 sunt
1073 3821 1178 3889 extra
1197 3813 1293 3887 viam
1312 3819 1456 3886 naturae
1473 3818 1543 3886 otc.

434 4074 460 4138 (¹)
477 4074 507 4126 Ε.
525 4075 551 4126 in
567 4077 677 4141 septimo
694 4077 805 4128 climate.
899 4074 926 4138 (¹)
943 4082 967 4138 t,
983 4076 1142 4140 exemplum.
1236 4073 1263 4138 (¹)
1278 4073 1309 4124 E.
1326 4073 1466 4126 Minorem.

771 4549 978 4648 lesssonss
1002 4549 1151 4616 Qucum.
