4342 6692
713 928 852 984 CANTUS
877 928 1054 995 QUARTUS·
1402 916 1470 983 397

299 1069 392 1148 Perd
412 1078 554 1168 quando
571 1078 747 1149 Precarda
764 1078 878 1168 quello
893 1096 1042 1168 spretae
1059 1073 1206 1167 scilicet,
1220 1073 1367 1167 quando
1384 1073 1476 1147 dixit

295 1212 420 1291 supra,
459 1195 559 1289 quud
603 1195 813 1271 Constantia
859 1195 1008 1270 retinuit
1038 1193 1177 1287 velum,
1215 1196 1351 1267 intende
1382 1195 1474 1268 della

297 1320 415 1409 rugitu
449 1318 617 1407 assumta,
643 1316 730 1410 quia
764 1337 836 1389 nun
875 1316 1085 1411 simpliciter
1115 1314 1297 1389 consensit
1328 1314 1476 1389 abstra-

299 1437 480 1530 hentibus,
506 1437 570 1511 sed
600 1437 802 1511 secundum
836 1436 934 1531 quid,
966 1436 1102 1510 scilieet
1133 1435 1275 1509 ratione
1312 1435 1475 1529 timoris3·

296 1564 332 1630 et
359 1562 395 1631 io
427 1560 506 1631 deit
518 1560 631 1649 altra,
664 1558 815 1651 scilicet,
849 1558 1038 1631 vuluntate
1073 1556 1274 1652 respectiva
1310 1557 1475 1653 intelligo

297 1677 542 1771 quandu‘diri
571 1678 669 1772 quud
703 1686 786 1752 vota
818 1678 971 1751 istarum
1003 1678 1153 1751 luerunt
1178 1677 1385 1771 aliqualiter
1414 1678 1472 1751 di-

299 1797 451 1891 minuta,
477 1797 563 1891 quia
590 1798 792 1872 seeundum
825 1798 912 1891 quid
939 1797 1128 1891 sequendo
1160 1797 1366 1873 violentiam
1395 1816 1469 1871 non

298 1917 485 1992 redeundo
510 1918 557 1991 ad
582 1919 717 2011 locum,
742 1911 774 1991 si
796 1921 857 1991 cte
881 1940 944 1991 ver
971 1920 1122 1990 diciamo
1151 1920 1305 2007 innume,
1332 1925 1368 1991 et
1398 1916 1470 1989 im·

296 2037 397 2132 punit
422 2036 532 2112 linem
558 2038 714 2111 urationi
740 2037 925 2132 Beatricis‚
942 2037 1083 2111 dicens:
1103 2040 1195 2110 rotat
1209 2040 1263 2130 su,
1287 2036 1397 2130 quale
1414 2035 1472 2109 di*

296 2164 397 2233 ctum
423 2166 489 2252 est,
515 2159 661 2251 seilicet,
688 2167 763 2233 tam
794 2158 964 2254 pulcrum
995 2164 1033 2232 et
1063 2156 1207 2249 subtile,
1238 2160 1473 2248 tundeyniur‘

294 2281 353 2353 del
366 2286 468 2352 sunto
483 2282 554 2371 rin,
574 2279 666 2353 idest
682 2279 856 2373 expansio
872 2272 909 2369 ζ’)
929 2276 1119 2368 sermonis,
1137 2280 1188 2349 clt'
1198 2270 1267 2349 urci
1287 2280 1344 2349 det
1356 2281 1467 2371 sone,

294 2418 410 2473 sacre
428 2399 630 2494 theologie,
643 2402 733 2472 unde
744 2402 830 2489 ogni
846 2420 907 2471 ver
925 2402 1061 2489 dentum
1077 2396 1163 2490 quia
1182 2398 1261 2469 lmec
1278 2402 1333 2470 est
1350 2396 1468 2470 scien-

294 2518 343 2593 tie
369 2520 545 2613 veritatis,
571 2519 759 2594 utstatim
785 2519 938 2593 dicetur.
953 2522 1050 2592 -0
1072 2538 1237 2591 untanzu.
1270 2518 1375 2592 Nunc
1408 2518 1467 2591 ul-

295 2639 385 2713 timo
410 2640 544 2715 [lantes
569 2640 799 2715 subanneetit
814 2638 913 2714 aliud
929 2638 1097 2732 dubium,
1115 2638 1221 2713 cuius
1244 2638 1463 2713 solutionem

295 2766 459 2835 reservat
483 2761 520 2835 in
537 2782 695 2854 sequens
712 2760 924 2855 capitulum,
946 2765 983 2834 et
1000 2781 1137 2855 magna
1154 2767 1235 2833 arte
1253 2759 1336 2833 lacit
1354 2780 1466 2835 exur-

293 2880 407 2975 dium,
433 2882 469 2954 in
495 2901 571 2974 qun
605 2880 722 2954 reddit
751 2900 833 2953 eam
856 2871 1078 2953 'benevolam
1111 2878 1157 2952 ud
1186 2877 1349 2971 dicenda,
1375 2879 1463 2972 quin

293 3002 445 3076 timebat
469 3022 510 3075 se
537 3000 689 3075 reddere
712 3020 911 3075 onerosum
937 3000 1032 3072 illius
1047 2990 1083 3091 (²)
1110 2998 1294 3093 loquendo
1319 3005 1466 3073 tantum

292 3121 340 3196 de
365 3120 426 3194 tali
452 3120 617 3194 materia.
639 3120 730 3193 llicit
751 3140 861 3215 erge:
888 3121 981 3192 Dies
993 3122 1028 3192 io
1054 3139 1236 3211 appresso,
1254 3116 1465 3192 immediate

291 3241 341 3315 illi
374 3240 528 3314 Beatrici
559 3238 657 3314 linita
686 3240 853 3313 oratione
883 3260 974 3313 sua:
1019 3244 1049 3314 0
1077 3260 1234 3312 umanza
1261 3241 1319 3312 del
1341 3241 1462 3331 primo

291 3367 443 3448 manre,
468 3360 572 3453 idest,
597 3360 673 3454 liei,
699 3380 722 3431 o
747 3362 843 3450 diva,
869 3359 970 3453 idest,
996 3380 1020 3432 u
1044 3359 1194 3434 scientia
1224 3358 1345 3433 divine
1369 3358 1462 3432 divi-

291 3481 389 3554 nitus
414 3480 543 3572 inlusa,
568 3482 596 3553 il
618 3484 674 3553 cui
695 3482 826 3572 purlar
851 3481 1056 3569 m’inonda‚
1075 3478 1182 3572 idest,v
1204 3478 1331 3574 irrigat
1356 3497 1464 3552 men-

290 3606 364 3675 tem
391 3620 514 3674 meum
541 3600 694 3692 aridam,
715 3592 940 3692 recalciari,
962 3599 1023 3672 ubi
1041 3619 1144 3673 eram
1167 3598 1314 3672 timidus
1333 3604 1369 3672 et
1386 3604 1464 3672 lar-

289 3721 359 3796 dus
383 3720 429 3794 ad
455 3720 651 3816 petendum
674 3719 721 3793 de
739 3719 830 3794 meis
847 3719 977 3812 dubiis,
999 3722 1058 3791 cire
1069 3714 1131 3811 piri
1148 3714 1241 3811 epid
1261 3721 1306 3789 m'
1319 3720 1461 3808 nemun,

290 3841 393 3935 idest,
420 3840 561 3937 vigurat
573 3830 625 3933 (³),
652 3860 726 3912 nun
759 3837 780 3913 e*
811 3842 833 3911 t’
846 3842 999 3931 uffezion
1032 3843 1105 3911 mia
1138 3846 1233 3912 tanto
1264 3840 1460 3931 profonda,

290 3960 392 4054 idest,
409 3961 593 4036 sufficiens
610 3968 647 4035 et
664 3961 783 4056 digna,
804 3962 864 4032 cte
883 3961 972 4031 busti
988 3980 1013 4030 a
1029 3962 1158 4033 render
1176 3961 1233 4031 voi
1249 3960 1378 4048 nrazta
1391 3976 1460 4048 per

288 4084 432 4173 mazia,
457 4102 524 4176 pru
549 4080 726 4156 beneficio
753 4086 901 4174 recepto
931 4100 998 4174 pru
1031 4086 1106 4153 tarn
1140 4079 1266 4173 pulcre
1296 4077 1460 4151 deelara-

291 4201 400 4294 tiune,
417 4222 477 4274 ma
493 4204 577 4290 Quoi
592 4204 652 4274 cire
669 4203 764 4290 uede,
780 4200 882 4293 idest,
900 4200 1009 4292 Deus,
1028 4199 1091 4293 qui
1113 4198 1228 4272 cernit
1249 4196 1462 4271 affectiones

290 4322 493 4416 huminum,
506 4330 649 4416 opunte,
665 4330 703 4395 et
718 4310 754 4414 (⁴)
770 4323 848 4396 vult
864 4329 903 4395 et
922 4321 989 4394 scit
1006 4320 1160 4395 reddere
1177 4308 1458 4413 condignum(⁵),

287 4463 313 4515 u
336 4435 390 4516 eid
412 4446 598 4536 amende,
623 4464 690 4537 pm
717 4445 915 4517 me—lo.
942 4441 1006 4515 llic
1035 4446 1145 4514 autor
1175 4438 1220 4512 ad
1253 4438 1460 4513 excusatiu-

287 4582 373 4639 uem
399 4582 504 4636 suam
531 4563 661 4658 probat
686 4561 785 4657 quud
810 4582 883 4635 nun
912 4565 966 4635 est
998 4560 1134 4632 mirum
1169 4558 1198 4631 si
1229 4563 1310 4653 post
1340 4573 1457 4630 unum

286 4683 453 4778 dubium,
466 4682 621 4778 insurgit
637 4684 809 4775 alterum,
830 4681 969 4755 dicens:
988 4686 1029 4754 lo
1049 4683 1173 4771 reggio
1194 4680 1257 4751 den
1270 4681 1329 4751 ete
1342 4682 1458 4770 giem

286 4807 359 4877 mei
382 4824 454 4876 non
479 4806 511 4876 ri
534 4806 637 4876 sazia
661 4810 783 4876 nostro
806 4804 979 4892 inertem,
1006 4800 1154 4892 scilicet,
1173 4800 1368 4892 humanus,
1386 4802 1466 4872 sert

349 4996 375 5057 (¹)
392 4994 423 5043 Ε.
438 4993 559 5056 expensio
575 4994 655 5042 sancti
672 4992 807 5043 sermonis.
874 4991 902 5051 (¹)
919 4990 949 5039 Β.
967 4990 1005 5039 illi
1021 4988 1160 5052 loquendo.
1227 4986 1254 5049 Γ)
1271 4986 1301 5037 Ε.
1317 4990 1427 5050 vegetet.

348 5072 376 5133 (⁸)
391 5070 422 5121 li·
438 5074 466 5121 ui
480 5070 559 5121 ellum
575 5068 640 5121 rull.
874 5066 902 5131 (⁸)
918 5067 950 5117 Ε.
967 5078 1122 5131 congruum.
