4342 6692
704 907 842 963 GANTUS
868 906 1058 964 VIGESIHUS
1083 909 1226 964 rullius.
1498 899 1543 964 21

378 1053 427 1127 cit
453 1072 565 1149 ergo:
596 1044 662 1126 oid
685 1055 714 1126 ε’
726 1055 924 1145 cumburc,
955 1053 1016 1129 ille
1040 1052 1176 1127 Statius
1205 1053 1371 1128 urbanus
1396 1061 1433 1130 et
1458 1075 1546 1152 gra-

378 1179 448 1268 tus,
475 1175 525 1247 ud
548 1173 757 1246 obbrccctur
782 1175 923 1266 dpiedt'
947 1175 986 1246 ul
1009 1175 1078 1245 mlo
1107 1174 1256 1264 datore,
1281 1173 1388 1247 cuius
1418 1195 1458 1248 se
1490 1174 1546 1250 di-

377 1293 557 1389 scipulum
584 1293 786 1389 profitetur.
813 1293 856 1367 Et
882 1294 940 1368 bic
966 1301 1050 1368 nota
1077 1294 1176 1388 quod
1196 1299 1303 1389 poeta
1324 1295 1419 1370 bene
1444 1293 1547 1390 lingit

378 1412 533 1488 Statium
561 1411 719 1488 voluisse
745 1413 989 1507 procumbere
1004 1415 1050 1489 ad
1068 1414 1178 1509 pedes
1195 1413 1343 1510 Virgilii,
1365 1415 1452 1510 quia
1469 1416 1546 1508 ipse

378 1533 513 1609 Statius
545 1535 614 1608 boc
648 1539 801 1608 testatus
835 1541 890 1608 est
919 1534 955 1608 iu
990 1534 1084 1628 vita,
1115 1556 1201 1609 uam
1237 1535 1399 1630 perlecto
1432 1555 1546 1630 opere

378 1654 507 1729 maiori
525 1654 622 1728 circa
640 1653 739 1748 quod
756 1654 988 1729 laboraverat
1004 1654 1199 1730 duodecim
1218 1655 1334 1749 aunis,
1352 1655 1446 1730 sicut
1463 1655 1546 1729 Vir·

377 1774 485 1870 gilius
511 1775 547 1847 iu
573 1795 641 1849 suo
667 1774 849 1870 undecim,
867 1774 951 1850 dicit
968 1775 1005 1848 iu
1023 1775 1095 1850 fine
1115 1776 1208 1851 libro
1224 1797 1313 1851 suo:
1333 1781 1403 1850 Nec
1427 1785 1463 1851 tu
1487 1780 1545 1853 di·

378 1897 496 1968 ot'cum
520 1897 655 1969 Brucida
680 1901 805 1988 emptu
829 1897 898 1970 Sed
921 1898 1024 1986 tonde
1052 1915 1194 1988 aarum
1222 1903 1256 1968 ct
1284 1899 1428 1988 vestium
1451 1918 1544 1970 sem·

371 2037 441 2110 per
464 2017 591 2089 adore
617 2016 661 2088 Et
686 2015 806 2092 subdit
820 2008 870 2108 (¹),
896 2015 1081 2108 quomodo
1107 2015 1278 2113 Virgilius
1310 2017 1491 2092 remiserit
1503 2009 1541 2110 (ἢ

376 2136 544 2230 Statium,
569 2137 710 2211 dicens:
737 2157 797 2210 mc
812 2139 882 2226 etti,
901 2136 1047 2230 scilicet,
1066 2135 1247 2234 Virgilius,
1269 2139 1380 2210 dore:
1396 2142 1543 2232 ofrate,

375 2277 447 2329 nou
460 2261 537 2352 sur,
552 2276 631 2331 rem
650 2245 840 2350 vanam(³),
853 2251 914 2330 cte*
924 2263 960 2330 tu
971 2256 1149 2328 scombro
1160 2277 1180 2328 e
1191 2257 1316 2328 umbra
1330 2259 1424 2330 vedis
1438 2257 1543 2349 quasi

373 2377 488 2452 dicat:
516 2383 673 2469 uterque
698 2382 864 2450 nostrum
890 2382 945 2450 est
969 2374 1092 2449 anima
1116 2381 1284 2470 separata
1310 2375 1541 2473 intangibilia,

376 2497 599 2573 insensibilis.
625 2495 762 2572 Deinde
784 2495 881 2590 dicit,
908 2496 1006 2588 quod
1033 2495 1169 2570 Statius
1182 2483 1219 2587 (⁸)
1253 2497 1395 2572 urbane
1426 2517 1542 2572 ercu-

374 2619 467 2694 savit
492 2637 659 2694 errorem
691 2637 820 2709 suum;
847 2615 944 2690 unde
975 2615 1078 2691 dicit:
1105 2625 1139 2690 et
1164 2620 1209 2708 ei,
1234 2617 1381 2712 scilicet,
1407 2616 1543 2691 Statius
1579 2633 1583 2641 ’

373 2738 577 2836 respondit:
608 2739 798 2828 audendo,
832 2757 877 2810 or
904 2739 990 2830 puoi
1018 2741 1249 2830 commender
1284 2741 1322 2812 lo
1354 2743 1543 2832 mandute

375 2863 453 2936 dett
466 2880 584 2949 umor,
608 2857 761 2952 ardenti,
788 2859 873 2930 clt'u
898 2864 930 2930 te
953 2859 1001 2930 mi
1029 2861 1165 2947 scolda,
1190 2857 1237 2932 ad
1265 2858 1464 2932 amandum
1493 2867 1541 2954 te,

374 2982 516 3072 quondo
540 2981 708 3052 maeno
732 2984 856 3050 nostro
881 2979 1044 3067 commu,
1065 2975 1168 3070 idest,
1185 2977 1379 3052 obliviscor
1395 2986 1540 3054 natura

221 3107 224 3115 '
374 3106 621 3192 mortuorum,
646 3096 709 3192 qui
734 3102 820 3169 sunt
846 3096 929 3169 vani
945 3087 995 3188 (⁶),
1021 3096 1129 3170 vacui
1154 3116 1321 3193 corpore,
1360 3101 1540 3174 emuncto

374 3225 397 3296 t
409 3222 541 3311 umbre,
566 3219 667 3312 idest,
697 3216 839 3290 animas
867 3216 950 3290 licet
979 3215 1156 3310 visibiles3
1186 3238 1281 3290 come
1310 3238 1394 3291 coro
1422 3222 1541 3314 addo,

374 3340 476 3434 idest,
501 3358 730 3434 corpoream,
755 3336 973 3412 sensibilem.

435 3591 462 3654 (¹)
478 3591 509 3642 ll.
526 3589 560 3642 Et
574 3590 661 3641 subdit
676 3594 753 3640 autor
768 3589 908 3654 quomodo.
1042 3587 1069 3652 (Ἴ
1084 3588 1111 3640 S.
1128 3591 1274 3641 retraxerit.

434 3667 461 3731 t't
477 3668 509 3720 rt
524 3681 641 3718 vacuam·
1040 3665 1067 3730 (a
1083 3670 1138 3727 ur,
1153 3665 1250 3718 suun·
1266 3667 1349 3718 vorsu
1364 3681 1496 3721 excusus.

435 3744 462 3808 ι’)
477 3743 508 3796 ll.
524 3743 584 3794 rani
599 3748 626 3795 et
641 3756 751 3807 corpore
768 3743 851 3803 vacui,
868 3743 1009 3794 muido.
