4342 6692
659 893 704 958 40
1017 903 1222 958 COMENTUM
1245 904 1466 958 PURGATORH

655 1055 733 1141 reti,
761 1050 846 1144 quia
875 1050 953 1145 jam
981 1047 1226 1122 transiverant
1251 1069 1316 1144 per
1342 1054 1457 1124 totam
1483 1049 1620 1122 scalam
1652 1045 1829 1121 contabu-

655 1170 773 1266 lando,
793 1190 877 1265 quae
902 1177 957 1244 est
982 1177 1159 1244 excavata
1185 1170 1221 1243 in
1250 1175 1385 1264 monte,
1411 1169 1460 1244 ila
1486 1167 1585 1263 quod
1609 1168 1721 1245 babet
1745 1168 1829 1244 binc

657 1289 741 1365 inde
766 1291 871 1386 quasi
888 1291 1057 1386 parietes,
1076 1297 1113 1366 et
1130 1298 1374 1385 pervenerant
1391 1291 1428 1364 in
1447 1290 1542 1364 viam
1563 1291 1721 1385 planam,
1738 1288 1830 1364 idest

656 1411 693 1484 in
719 1411 915 1486 cornicem.
942 1411 986 1483 Et
1011 1410 1191 1505 descripto
1216 1411 1297 1486 looo
1322 1410 1494 1485 describit
1517 1417 1673 1504 tempus,
1691 1409 1826 1504 dicens,

656 1531 754 1625 quod
775 1532 853 1626 jam
880 1537 961 1604 erat
993 1529 1120 1623 quinta
1151 1530 1242 1605 bora
1273 1530 1369 1626 diei3
1397 1531 1494 1606 unde
1525 1530 1628 1604 dicit:
1660 1553 1679 1603 e
1708 1520 1771 1621 yid
1798 1533 1831 1603 lc

657 1658 795 1744 maltro
821 1652 943 1724 ancille
967 1651 1025 1723 del
1048 1653 1190 1741 piorno,
1215 1650 1318 1745 idest,
1340 1661 1501 1745 quatuor
1525 1653 1627 1726 borae
1653 1671 1737 1743 quae
1760 1671 1829 1724 an-

657 1772 826 1846 cillantur
854 1770 1002 1846 servitio
1028 1769 1110 1864 diei,
1136 1791 1225 1844 mun
1252 1775 1384 1847 rimoso
1412 1773 1585 1863 addictae,
1618 1771 1720 1864 idest,
1748 1763 1826 1865 jam

657 1893 921 1988 praeterierant,
942 1913 960 1964 e
985 1895 1022 1964 la
1047 1894 1167 1982 quium
1191 1896 1314 1965 eracl
1330 1901 1430 1984 tcum,
1452 1893 1555 1985 idest,
1575 1892 1828 1989 gubernaculo

657 2013 752 2107 solis,
779 2013 880 2106 idest,
898 2012 1099 2106 parabatur
1124 2011 1170 2086 ad
1196 2012 1387 2086 servitium
1404 2012 1475 2087 diei
1492 2012 1601 2107 tertii,
1625 2015 1827 2087 drizzuedo

653 2155 724 2224 por
748 2136 786 2205 ln
809 2155 850 2206 su
876 2135 898 2205 l'
911 2135 1055 2205 ardente
1079 2152 1203 2222 corno,
1229 2133 1333 2225 quasi
1362 2132 1482 2206 dicat:
1515 2133 1708 2228 incipiebat
1740 2141 1827 2208 tunc

655 2253 853 2328 ascendere
879 2253 955 2327 sole
980 2252 1049 2325 sub
1073 2251 1227 2346 ardenti,
1247 2273 1335 2326 cum
1356 2253 1454 2327 enim
1472 2261 1568 2327 esset
1594 2262 1681 2329 tunc
1708 2254 1826 2347 aequi-

657 2373 820 2447 noctium
839 2378 919 2446 erat
937 2391 1049 2466 prope
1064 2370 1493 2460 meridiem-Quando.
1507 2373 1572 2447 llic
1585 2381 1692 2468 poeta
1705 2381 1828 2448 osten-

660 2493 711 2567 dit
736 2494 922 2587 quomodo
953 2493 1001 2567 de
1030 2491 1178 2566 consilio
1203 2492 1339 2588 Virgilii
1369 2498 1406 2566 et
1434 2512 1615 2566 consensu
1641 2493 1743 2567 Statii
1772 2493 1828 2567 in-

660 2620 852 2688 traverunt
877 2613 1059 2687 cornicem
1086 2612 1180 2685 sexti
1204 2612 1342 2707 circuli,
1364 2611 1510 2687 dicens:
1541 2615 1689 2701 Quando
1708 2616 1735 2686 Ἰ
1757 2615 1826 2686 mio

659 2735 763 2825 duca,
789 2733 933 2827 scilicet,
961 2733 1132 2828 Virgilius
1160 2733 1271 2806 dixit:
1301 2736 1336 2805 io
1365 2737 1470 2807 credo
1503 2736 1555 2806 cll'
1575 2755 1599 2804 a
1623 2737 1658 2806 to
1682 2742 1825 2825 steno,

659 2855 762 2950 idest,
781 2855 1003 2928 extremitati
1030 2854 1129 2948 ripae,
1147 2857 1180 2927 ci
1195 2873 1375 2946 conceptio
1391 2857 1512 2944 oolpcr
1529 2858 1560 2929 le
1576 2858 1691 2928 destre
1706 2857 1829 2946 spolie,
1939 2897 1943 2902 -

659 2976 745 3068 quia
770 2975 817 3048 ad
842 2974 1033 3048 dexteram
1052 2993 1198 3066 semper
1215 2973 1289 3047 itur
1305 2993 1371 3068 per
1389 2974 1657 3069 purgatorium,
1674 2976 1829 3064 picando

657 3099 685 3170 il
708 3101 821 3168 monte
846 3116 941 3167 come
964 3083 1026 3185 yid
1049 3096 1204 3186 soemo,
1221 3093 1308 3187 quia
1333 3114 1400 3189 per
1424 3095 1560 3167 scalam
1582 3113 1729 3187 semper
1754 3094 1830 3166 itur

659 3221 771 3307 recte,
789 3215 852 3288 sed
869 3235 936 3309 per
962 3212 1143 3287 circulum
1159 3212 1398 3286 circulariter.
1417 3213 1461 3286 Et
1477 3213 1580 3287 dicit:
1597 3205 1668 3285 cosi
1690 3216 1713 3285 l'
1722 3235 1830 3287 maa·

657 3355 726 3427 za,-
751 3333 870 3427 *quia
896 3333 1016 3408 taliter
1040 3334 1227 3408 iveramus
1248 3353 1313 3427 per
1332 3353 1462 3408 omnes
1481 3333 1637 3409 circulos
1662 3335 1830 3429 superio-

659 3473 729 3548 res,
743 3454 792 3526 ila
810 3452 1035 3527 debebamus
1048 3452 1211 3527 didicisse
1224 3453 1341 3547 viam;
1351 3457 1392 3547 su
1409 3446 1433 3526 t
1447 3462 1573 3527 nostra
1587 3447 1828 3548 insepna*(⁴);
1899 3527 1903 3534 .

658 3572 740 3646 licet
764 3592 838 3645 non
864 3579 1059 3666 appareret
1076 3573 1125 3645 ibi
1141 3571 1241 3646 aliud
1261 3573 1418 3668 signum.
1437 3574 1481 3646 Et
1502 3573 1617 3670 tangit
1635 3575 1744 3648 aliam
1767 3595 1828 3650 ra·

660 3695 808 3788 tionem,
824 3713 941 3786 quare
958 3713 1089 3767 secure
1109 3692 1221 3786 ibant,
1238 3693 1417 3768 dicentes:
1437 3715 1456 3766 e
1471 3698 1700 3787 prendemmo
1717 3698 1754 3768 la
1771 3699 1829 3770 viu

659 3835 726 3887 con
749 3835 829 3886 men
852 3821 1013 3906 cospetto,
1039 3814 1114 3886 imo
1138 3834 1225 3888 cum
1251 3835 1384 3910 magna
1411 3814 1639 3908 confidentia,
1657 3839 1724 3908 per
1741 3819 1831 3890 l’as-

659 3937 767 4007 sentit·
796 3935 834 4007 di
864 3937 962 4026 puell
976 3937 1097 4006 anima
1128 3935 1256 4025 dapem,
1290 3933 1435 4027 scilicet,
1474 3934 1588 4028 Statii,
1627 3956 1711 4028 quae
1749 3945 1832 4012 erat

660 4053 768 4148 digna
795 4053 1008 4127 ascensione
1033 4073 1119 4128 cum
1141 4055 1219 4148 jam
1245 4062 1342 4127 esset
1371 4061 1528 4150 purgata
1561 4062 1598 4130 et
1627 4056 1779 4131 liberata
1808 4078 1831 4131 a

660 4173 777 4269 poenis
803 4173 1024 4269 purgatorii3
1049 4172 1133 4248 ideo
1157 4173 1354 4248 verisimile
1370 4180 1450 4248 erat
1467 4174 1567 4268 quod
1591 4183 1691 4250 recle
1716 4176 1831 4250 duce-

661 4302 765 4368 retur
791 4314 857 4388 per
884 4293 982 4367 riam
1008 4293 1126 4368 istam.
1153 4295 1197 4367 Et
1222 4294 1342 4367 subdit
1368 4293 1519 4369 modum
1545 4297 1668 4391 eundi,
1690 4296 1831 4371 dicens:

660 4417 729 4505 elli,
754 4414 829 4487 duo
853 4420 971 4508 poete
996 4414 1149 4507 antiqui,
1171 4417 1280 4504 piaco
1304 4416 1463 4505 dinanzi,
1484 4415 1546 4508 qui
1569 4422 1831 4511 praecesserant

560 4580 565 4592 -
660 4555 747 4608 eum
769 4534 847 4628 jam
874 4553 940 4628 per
961 4533 1071 4609 'mille
1100 4556 1227 4629 annos,
1254 4543 1287 4608 et
1312 4538 1348 4608 io
1379 4539 1499 4609 sotello
1532 4540 1679 4628 direlm,
1704 4537 1832 4632 supple

659 4654 769 4746 ibam,
795 4661 827 4726 et
851 4656 1031 4726 ascoltate
1063 4657 1122 4727 lor
1153 4657 1319 4746 sermoni,
1346 4655 1570 4750 scientifiooS,
1596 4658 1647 4728 cll'
1660 4677 1685 4728 α
1706 4663 1834 4749 poetar

660 4775 709 4844 mi
731 4773 873 4844 davum
898 4775 1070 4865 intellcttO,
1097 4780 1134 4847 et
1160 4774 1247 4846 nulli
1274 4774 1441 4866 dubium,
1471 4775 1557 4867 quia
1582 4775 1717 4849 Dantes
1732 4767 1770 4869 (¹)
1796 4775 1833 4849 in

706 4954 749 5020 '<')
765 4959 802 5008 Le
819 4958 907 5020 parole
924 4959 964 5009 ira
980 4960 988 5009 i
1005 4961 1055 5010 due
1072 4962 1205 5011 asteriscbi
1221 4975 1285 5012 sono
1301 4963 1342 5012 dei
1358 4961 1445 5012 Codici
1461 4963 1612 5013 Strouiano
1627 4975 1642 5011 a
1659 4966 1714 5014 117.

724 5029 751 5096 (¹)
768 5032 798 5082 B.
815 5033 909 5084 bmtes
925 5042 1001 5098 poeta
1016 5041 1105 5086 noster
1120 5037 1147 5087 ln
1163 5038 1215 5088 ritu
1230 5050 1277 5087 sua
1291 5043 1398 5090 attente
