4342 6692
627 893 766 954 caurus
791 895 982 953 nausruus
1006 879 1203 952 sncunuus.
1451 886 1498 952 39

326 1035 415 1116 viat
440 1042 606 1114 extrema
636 1040 803 1114 omnium
838 1039 1078 1134 tristitiarum,
1109 1042 1257 1136 scilicet,
1291 1043 1493 1118 caectamm

325 1161 562 1250 spontaneam
589 1159 713 1253 patria,
741 1167 899 1234 mortem
926 1161 1173 1235 voluntariam
1202 1162 1328 1236 matris
1341 1155 1392 1256 (¹),
1411 1184 1496 1236 mu-

327 1281 429 1352 tuam
458 1285 618 1354 mortem
644 1279 813 1374 fratrum,
831 1281 1046 1356 servitutem
1068 1281 1208 1375 patria,
1227 1291 1264 1357 et
1286 1288 1337 1355 tot
1365 1303 1493 1378 regum

325 1398 513 1472 interitum
540 1419 627 1474 cum
661 1401 736 1474 suis
771 1400 1002 1476 exercitibus.
1017 1442 1066 1455 -
1087 1405 1214 1476 Vedest.
1240 1403 1305 1478 Hic
1325 1403 1496 1500 Virgilius

325 1519 490 1594 nominat
502 1520 610 1594 aliam
625 1521 868 1616 Hypsypilem,
883 1541 967 1614 quae
985 1521 1053 1594 luit
1066 1542 1243 1618 magnum
1257 1524 1447 1617 specuium
1458 1514 1496 1615 (¹)

325 1640 493 1734 lortunae,
519 1642 565 1717 de
590 1663 664 1735 qua
690 1642 828 1716 dictum
855 1647 910 1718 est
934 1642 1066 1716 inserui
1095 1643 1254 1738 capitulo
1280 1644 1398 1718 XVlll.
1424 1644 1495 1718 leta

324 1761 422 1834 euim
448 1761 599 1856 decepta
623 1782 646 1836 a
673 1763 805 1838 tasone
823 1763 971 1836 recessit
986 1763 1033 1836 ab
1050 1763 1171 1838 insula
1190 1763 1330 1838 Lemno
1341 1755 1392 1857 (³),
1411 1783 1497 1858 qure

324 1888 449 1976 postea
474 1882 604 1978 graecis
629 1882 859 1958 venientibus
883 1882 921 1956 iu
951 1881 1176 1956 obsidionem
1209 1883 1431 1977 Thebarum,
1457 1890 1495 1958 et

323 2003 573 2078 laborantibus
598 2003 667 2096 siti,
686 2003 903 2077 monstravit
920 2003 1057 2078 iontem
1076 2003 1140 2097 qui
1161 2005 1262 2078 solus
1283 2025 1356 2078 uon
1381 2023 1495 2078 arue-

324 2131 381 2198 rat
405 2123 576 2198 siccitate.
603 2125 694 2198 Dicit
719 2145 828 2220 ergo:
854 2127 984 2214 Veneri,
1002 2124 1097 2198 inter
1113 2124 1203 2198 alias
1220 2125 1394 2199 mulieres
1410 2125 1495 2198 illu·

322 2249 426 2337 stres,
444 2247 572 2336 euetta,
588 2245 734 2337 scilicet,
748 2244 980 2340 Hypsypilem
1000 2243 1110 2316 liliam
1123 2243 1294 2317 Thoantis
1312 2244 1494 2340 regis,ch

323 2356 454 2438 mosao
479 2369 632 2456 Lanpia,
656 2364 793 2440 sontem
822 2364 1046 2438 thebanum:
1072 2363 1119 2437 de
1143 2365 1213 2438 boc
1237 2362 1356 2438 dicam
1387 2365 1495 2459 plene

322 2485 416 2560 iutra
447 2486 606 2580 capitulo
631 2485 756 2578 XXVl,
786 2484 868 2560 ideo
898 2484 956 2558 bic
988 2490 1212 2578 pertranseo,
1238 2483 1326 2576 quia
1357 2484 1407 2558 ibi
1439 2492 1495 2560 est

321 2605 468 2700 propria
496 2605 669 2700 materia3
687 2611 724 2680 et
741 2605 842 2679 dicit:
860 2607 937 2677 evei
956 2607 993 2676 la
1006 2606 1108 2696 fiatia
1122 2606 1161 2676 ut
1181 2607 1327 2695 Tiresia,
1345 2605 1493 2699 scilicet,

322 2725 480 2818 Xantho,
505 2724 552 2800 (le
577 2747 651 2818 qua
677 2725 784 2820 plene
800 2725 936 2798 dictum
959 2731 1014 2798 est
1031 2724 1165 2798 lnlerni
1181 2724 1342 2818 capitulo
1359 2727 1437 2820 XX,
1455 2734 1494 2802 et

323 2845 381 2920 bic
406 2845 550 2921 videtur
576 2851 685 2920 autor
709 2845 959 2920 contradicere
976 2844 1053 2938 sibi,
1075 2844 1139 2937 qui
1164 2845 1285 2939 posuit
1309 2845 1415 2918 istarn
1442 2845 1490 2920 ibi

320 2965 416 3040 inter
440 2965 673 3058 divinatores,
699 2986 797 3040 nunc
822 2965 921 3061 ponit
946 2985 1029 3040 eam
1049 2964 1144 3038 inter
1160 2965 1303 3039 animas
1323 2965 1489 3061 piorum;

318 3091 437 3180 potest
461 3085 532 3162 dici
551 3085 713 3160 breviter
731 3085 829 3178 quod
848 3085 904 3160 bic
923 3105 995 3158 non
1015 3084 1159 3179 respicit
1177 3084 1224 3158 ad
1241 3083 1407 3178 limbum,
1425 3085 1489 3159 sed

317 3205 364 3280 ad
397 3224 588 3280 carcerem
621 3225 785 3278 mcum:
818 3227 837 3278 e
875 3209 962 3294 Teti,
992 3225 1077 3298 que
1108 3205 1176 3278 luit
1209 3211 1329 3278 mater
1363 3206 1488 3301 magni

319 3325 473 3418 Achillis,
499 3325 546 3401 dc
570 3347 645 3420 qua
670 3325 778 3399 nimis
798 3325 938 3400 dictum
955 3332 1010 3400 est
1025 3326 1075 3399 lX
1094 3325 1253 3420 capitulo
1270 3325 1380 3398 buius
1398 3328 1493 3400 Pur·

317 3445 506 3542 gatorii,e
537 3467 603 3518 aon
634 3449 665 3522 le
695 3466 801 3518 suere
828 3465 890 3520 sate
913 3448 1101 3520 Deidamia
1135 3464 1230 3519 uror
1264 3443 1420 3540 nautius,
1446 3446 1493 3522 de

319 3585 392 3660 qua
418 3574 456 3642 et
481 3565 562 3642 eius
584 3567 773 3644 sororibus
790 3565 901 3640 babes
919 3566 1025 3661 plene
1042 3567 1194 3662 praelato
1215 3567 1392 3661 capitulo;
1410 3567 1493 3643 ideo

318 3687 404 3760 nibil
430 3687 490 3762 hic
505 3675 555 3779 (⁴).

397 3811 596 3882 Tacevansi.
623 3807 694 3880 lsta
724 3814 780 3882 est
808 3813 942 3902 quarta
972 3813 1010 3882 et
1046 3807 1173 3881 ultima
1198 3828 1284 3901 pars
1309 3810 1492 3904 generalis

317 3928 420 4004 istius
439 3927 566 4002 nobilis
583 3926 742 4022 capituli,
761 3946 834 4000 uon
856 3925 977 3998 miuus
994 3926 1139 4000 curiosa
1156 3931 1194 4000 et
1214 3927 1360 4020 copiosa
1377 3949 1489 4021 quam

317 4048 410 4141 aliae,
427 4048 464 4120 iu
481 4071 554 4142 qua
582 4055 688 4143 poeta
703 4039 740 4139 (⁵)
763 4045 876 4121 tendit
900 4046 947 4121 ad
972 4053 1118 4120 sextum
1147 4047 1339 4139 circulum,
1357 4047 1394 4119 in
1413 4069 1491 4140 quo

317 4169 469 4264 punitur
494 4171 605 4266 gula3
631 4174 668 4244 et
694 4168 813 4263 primo
838 4167 1053 4242 continuans
1083 4174 1226 4262 partem
1252 4167 1357 4261 parti,
1382 4168 1488 4242 dicit:

323 4292 513 4370 Teneommt
535 4280 596 4380 aa
615 4289 769 4362 ambiani
794 4291 818 4360 li
839 4289 943 4379 poeti,
970 4287 1072 4380 idest,
1085 4287 1164 4381 jam
1191 4287 1354 4362 fecerant
1378 4286 1489 4362 tinem

317 4409 427 4486 nobili
459 4409 633 4503 sermoni,
658 4409 695 4483 in
727 4430 803 4503 quo
835 4415 888 4483 tot
918 4407 1045 4501 pulcra
1074 4414 1113 4481 et
1136 4406 1297 4502 jocunda
1332 4407 1488 4482 invicem

317 4535 619 4622 retractavemnt,
642 4531 680 4602 a·
696 4549 810 4602 nuovo
827 4532 945 4602 attenti
961 4549 986 4598 a
1001 4530 1199 4618 ripuardar
1218 4531 1374 4620 maeno,
1392 4528 1489 4602 circa

316 4671 450 4726 noram
478 4649 685 4741 materiam,
711 4656 838 4743 pocta,
865 4647 957 4742 dica
983 4649 1082 4721 tiberi
1107 4652 1171 4722 dat
1191 4653 1281 4724 satir
1301 4673 1321 4725 e
1341 4652 1404 4723 dai
1419 4671 1490 4741 pa-

378 4879 406 4942 t¹l
423 4879 454 4930 E.
471 4881 781 4940 multimammiam.
983 4873 1012 4938 (Ἴ
1030 4880 1084 4937 1¹⁷,
1101 4876 1288 4940 spectaculum.

379 4955 406 5020 (⁸)
422 4957 453 5008 E·
470 4957 591 5017 umam
985 4955 1012 5017 et
1029 4954 1060 5006 Ε.
1075 4955 1119 5006 ute
1133 4954 1167 5008 oe
1181 4955 1242 5018 apo·
1257 4954 1367 5006 amtor.
1452 4963 1457 4974 ·

379 5032 407 5096 (⁸)
423 5033 454 5082 E.
471 5039 546 5096 poeta
562 5039 649 5084 noster
665 5033 756 5083 tendit.
