<?xml version="1.0" encoding="UTF-8"?>
<!DOCTYPE html PUBLIC "-//W3C//DTD XHTML 1.0 Transitional//EN"
    "http://www.w3.org/TR/xhtml1/DTD/xhtml1-transitional.dtd">
<html xmlns="http://www.w3.org/1999/xhtml" xml:lang="en" lang="en">
 <head>
  <title>
</title>
<meta http-equiv="Content-Type" content="text/html;charset=utf-8" />
  <meta name='ocr-system' content='tesseract 3.04.00' />
  <meta name='ocr-capabilities' content='ocr_page ocr_carea ocr_par ocr_line ocrx_word'/>
</head>
<body>
  <div class='ocr_page' id='page_1' title='image "benevenutideram01lacagoog_0485.png"; bbox 0 0 4342 6692; ppageno 0'>
   <div class='ocr_carea' id='block_1_1' title="bbox 755 936 1523 1006">
    <p class='ocr_par' dir='ltr' id='par_1_1' title="bbox 755 936 1523 1006">
     <span class='ocr_line' id='line_1_1' title="bbox 755 936 1523 1006; baseline 0 -2"><span class='ocrx_word' id='word_1_1' title='bbox 755 947 894 1006; x_wconf 72' lang='lat' dir='ltr'><strong>murus</strong></span> <span class='ocrx_word' id='word_1_2' title='bbox 918 949 1102 1006; x_wconf 82' lang='lat' dir='ltr'><strong>sanmuus</strong></span> <span class='ocrx_word' id='word_1_3' title='bbox 1452 936 1523 1004; x_wconf 77' lang='lat' dir='ltr'><strong>lit</strong></span> 
     </span>
    </p>
   </div>
   <div class='ocr_carea' id='block_1_2' title="bbox 346 1092 1526 2759">
    <p class='ocr_par' dir='ltr' id='par_1_2' title="bbox 346 1092 1526 2759">
     <span class='ocr_line' id='line_1_2' title="bbox 348 1092 1524 1193; baseline -0.002 -25"><span class='ocrx_word' id='word_1_4' title='bbox 348 1093 449 1190; x_wconf 93' lang='lat' dir='ltr'><strong>pium</strong></span> <span class='ocrx_word' id='word_1_5' title='bbox 476 1093 625 1188; x_wconf 92' lang='lat' dir='ltr'><strong>mundi;</strong></span> <span class='ocrx_word' id='word_1_6' title='bbox 643 1100 679 1170; x_wconf 90' lang='lat' dir='ltr'><strong>et</strong></span> <span class='ocrx_word' id='word_1_7' title='bbox 701 1097 830 1190; x_wconf 91' lang='lat' dir='ltr'><strong>pulcre</strong></span> <span class='ocrx_word' id='word_1_8' title='bbox 845 1092 1003 1193; x_wconf 89' lang='lat' dir='ltr'><strong>appellat</strong></span> <span class='ocrx_word' id='word_1_9' title='bbox 1020 1097 1245 1171; x_wconf 77' lang='lat' dir='ltr'><strong>creationem</strong></span> <span class='ocrx_word' id='word_1_10' title='bbox 1267 1093 1395 1169; x_wconf 89' lang='lat' dir='ltr'><strong>mundi</strong></span> <span class='ocrx_word' id='word_1_11' title='bbox 1412 1093 1524 1189; x_wconf 89' lang='lat' dir='ltr'><strong>diem,</strong></span> 
     </span>
     <span class='ocr_line' id='line_1_3' title="bbox 347 1215 1526 1310; baseline -0.002 -19"><span class='ocrx_word' id='word_1_12' title='bbox 347 1217 439 1292; x_wconf 83' lang='lat' dir='ltr'><strong>idest</strong></span> <span class='ocrx_word' id='word_1_13' title='bbox 471 1217 689 1310; x_wconf 79' lang='lat' dir='ltr'>claritatem,</span> <span class='ocrx_word' id='word_1_14' title='bbox 714 1215 1002 1292; x_wconf 79' lang='lat' dir='ltr'><strong>destructionem</strong></span> <span class='ocrx_word' id='word_1_15' title='bbox 1030 1238 1120 1294; x_wconf 89' lang='lat' dir='ltr'><strong>vero</strong></span> <span class='ocrx_word' id='word_1_16' title='bbox 1153 1225 1312 1310; x_wconf 86' lang='lat' dir='ltr'><strong>noctem,</strong></span> <span class='ocrx_word' id='word_1_17' title='bbox 1339 1216 1432 1290; x_wconf 77' lang='lat' dir='ltr'><strong>idest</strong></span> <span class='ocrx_word' id='word_1_18' title='bbox 1455 1215 1526 1289; x_wconf 84' lang='lat' dir='ltr'><strong>ob-</strong></span> 
     </span>
     <span class='ocr_line' id='line_1_4' title="bbox 349 1333 1524 1434; baseline -0.002 -22"><span class='ocrx_word' id='word_1_19' title='bbox 349 1336 572 1412; x_wconf 67' lang='lat' dir='ltr'><strong>saturitatem.</strong></span> <span class='ocrx_word' id='word_1_20' title='bbox 600 1338 644 1411; x_wconf 86' lang='lat' dir='ltr'><strong>Et</strong></span> <span class='ocrx_word' id='word_1_21' title='bbox 669 1336 828 1434; x_wconf 78' lang='lat' dir='ltr'><strong>assignat</strong></span> <span class='ocrx_word' id='word_1_22' title='bbox 854 1338 1034 1412; x_wconf 91' lang='lat' dir='ltr'><strong>rationem</strong></span> <span class='ocrx_word' id='word_1_23' title='bbox 1066 1338 1124 1412; x_wconf 90' lang='lat' dir='ltr'><strong>sui</strong></span> <span class='ocrx_word' id='word_1_24' title='bbox 1154 1338 1251 1432; x_wconf 88' lang='lat' dir='ltr'><strong>dicti,</strong></span> <span class='ocrx_word' id='word_1_25' title='bbox 1281 1339 1424 1413; x_wconf 89' lang='lat' dir='ltr'><strong>dicens:</strong></span> <span class='ocrx_word' id='word_1_26' title='bbox 1449 1333 1524 1427; x_wconf 76' lang='lat' dir='ltr'><strong>cte&#39;,</strong></span> 
     </span>
     <span class='ocr_line' id='line_1_5' title="bbox 348 1451 1525 1552; baseline 0 -21"><span class='ocrx_word' id='word_1_27' title='bbox 348 1457 450 1552; x_wconf 85' lang='lat' dir='ltr'><strong>idest,</strong></span> <span class='ocrx_word' id='word_1_28' title='bbox 477 1451 661 1552; x_wconf 74' lang='lat' dir='ltr'><strong>quia‚pi1¹r</strong></span> <span class='ocrx_word' id='word_1_29' title='bbox 686 1460 791 1548; x_wconf 82' lang='lat' dir='ltr'><strong>turpe</strong></span> <span class='ocrx_word' id='word_1_30' title='bbox 818 1461 858 1551; x_wconf 80' lang='lat' dir='ltr'><strong>su</strong></span> <span class='ocrx_word' id='word_1_31' title='bbox 889 1460 958 1530; x_wconf 88' lang='lat' dir='ltr'><strong>Dio</strong></span> <span class='ocrx_word' id='word_1_32' title='bbox 990 1478 1014 1530; x_wconf 85' lang='lat' dir='ltr'><strong>a</strong></span> <span class='ocrx_word' id='word_1_33' title='bbox 1043 1461 1114 1532; x_wconf 86' lang='lat' dir='ltr'><strong>dur</strong></span> <span class='ocrx_word' id='word_1_34' title='bbox 1144 1454 1184 1534; x_wconf 74' lang='lat' dir='ltr'><strong>rc*</strong></span> <span class='ocrx_word' id='word_1_35' title='bbox 1211 1466 1332 1549; x_wconf 70' lang='lat' dir='ltr'><strong>sesso,</strong></span> <span class='ocrx_word' id='word_1_36' title='bbox 1363 1457 1525 1532; x_wconf 92' lang='lat' dir='ltr'><strong>uniendo</strong></span> 
     </span>
     <span class='ocr_line' id='line_1_6' title="bbox 348 1575 1521 1674; baseline -0.001 -22"><span class='ocrx_word' id='word_1_37' title='bbox 348 1577 572 1653; x_wconf 82' lang='lat' dir='ltr'><strong>divinitatem</strong></span> <span class='ocrx_word' id='word_1_38' title='bbox 600 1575 892 1671; x_wconf 68' lang='lat' dir='ltr'><strong>inemendatiora</strong></span> <span class='ocrx_word' id='word_1_39' title='bbox 927 1582 991 1672; x_wconf 79' lang='lat' dir='ltr'><strong>sur</strong></span> <span class='ocrx_word' id='word_1_40' title='bbox 1028 1582 1146 1652; x_wconf 77' lang='lat' dir='ltr'><strong>tuom</strong></span> <span class='ocrx_word' id='word_1_41' title='bbox 1175 1582 1361 1674; x_wconf 75' lang='lat' dir='ltr'><strong>sufficiente</strong></span> <span class='ocrx_word' id='word_1_42' title='bbox 1387 1600 1411 1651; x_wconf 87' lang='lat' dir='ltr'><strong>a</strong></span> <span class='ocrx_word' id='word_1_43' title='bbox 1435 1581 1521 1651; x_wconf 83' lang='lat' dir='ltr'><strong>rr&#39;te·</strong></span> 
     </span>
     <span class='ocr_line' id='line_1_7' title="bbox 351 1698 1525 1798; baseline 0.001 -28"><span class='ocrx_word' id='word_1_44' title='bbox 351 1701 460 1790; x_wconf 65' lang='lat' dir='ltr'><strong>oure,</strong></span> <span class='ocrx_word' id='word_1_45' title='bbox 478 1698 541 1792; x_wconf 87' lang='lat' dir='ltr'><strong>qui</strong></span> <span class='ocrx_word' id='word_1_46' title='bbox 559 1718 624 1794; x_wconf 92' lang='lat' dir='ltr'><strong>per</strong></span> <span class='ocrx_word' id='word_1_47' title='bbox 650 1719 690 1774; x_wconf 90' lang='lat' dir='ltr'><strong>se</strong></span> <span class='ocrx_word' id='word_1_48' title='bbox 715 1701 835 1774; x_wconf 88' lang='lat' dir='ltr'><strong>solum</strong></span> <span class='ocrx_word' id='word_1_49' title='bbox 857 1720 928 1774; x_wconf 91' lang='lat' dir='ltr'><strong>non</strong></span> <span class='ocrx_word' id='word_1_50' title='bbox 951 1706 1096 1794; x_wconf 85' lang='lat' dir='ltr'><strong>poterat</strong></span> <span class='ocrx_word' id='word_1_51' title='bbox 1115 1721 1324 1798; x_wconf 79' lang='lat' dir='ltr'><strong>resurgere,</strong></span> <span class='ocrx_word' id='word_1_52' title='bbox 1342 1703 1402 1774; x_wconf 82' lang='lat' dir='ltr'><strong>cte</strong></span> <span class='ocrx_word' id='word_1_53' title='bbox 1417 1702 1525 1791; x_wconf 64' lang='lat' dir='ltr'><strong>septi</strong></span> 
     </span>
     <span class='ocr_line' id='line_1_8' title="bbox 349 1815 1524 1916; baseline 0.003 -26"><span class='ocrx_word' id='word_1_54' title='bbox 349 1837 468 1892; x_wconf 82' lang='lat' dir='ltr'><strong>uocare</strong></span> <span class='ocrx_word' id='word_1_55' title='bbox 491 1821 548 1892; x_wconf 83' lang='lat' dir='ltr'><strong>sol</strong></span> <span class='ocrx_word' id='word_1_56' title='bbox 571 1822 619 1892; x_wconf 89' lang='lat' dir='ltr'><strong>du</strong></span> <span class='ocrx_word' id='word_1_57' title='bbox 644 1815 685 1893; x_wconf 75' lang='lat' dir='ltr'><strong>sc*</strong></span> <span class='ocrx_word' id='word_1_58' title='bbox 707 1821 870 1911; x_wconf 67' lang='lat' dir='ltr'><strong>dimaon,</strong></span> <span class='ocrx_word' id='word_1_59' title='bbox 888 1819 990 1914; x_wconf 80' lang='lat' dir='ltr'><strong>idest,</strong></span> <span class='ocrx_word' id='word_1_60' title='bbox 1009 1841 1123 1916; x_wconf 90' lang='lat' dir='ltr'><strong>quam</strong></span> <span class='ocrx_word' id='word_1_61' title='bbox 1149 1821 1180 1895; x_wconf 87' lang='lat' dir='ltr'><strong>si</strong></span> <span class='ocrx_word' id='word_1_62' title='bbox 1205 1823 1306 1896; x_wconf 90' lang='lat' dir='ltr'><strong>solus</strong></span> <span class='ocrx_word' id='word_1_63' title='bbox 1323 1823 1421 1896; x_wconf 83' lang='lat' dir='ltr'><strong>Deus</strong></span> <span class='ocrx_word' id='word_1_64' title='bbox 1448 1839 1524 1894; x_wconf 91' lang='lat' dir='ltr'><strong>nen</strong></span> 
     </span>
     <span class='ocr_line' id='line_1_9' title="bbox 349 1937 1525 2036; baseline 0.003 -25"><span class='ocrx_word' id='word_1_65' title='bbox 349 1937 465 2013; x_wconf 87' lang='lat' dir='ltr'><strong>lactus</strong></span> <span class='ocrx_word' id='word_1_66' title='bbox 491 1940 603 2014; x_wconf 88' lang='lat' dir='ltr'><strong>homo</strong></span> <span class='ocrx_word' id='word_1_67' title='bbox 629 1939 827 2015; x_wconf 89' lang='lat' dir='ltr'><strong>remisisset</strong></span> <span class='ocrx_word' id='word_1_68' title='bbox 848 1947 1040 2035; x_wconf 89' lang='lat' dir='ltr'><strong>peccatum</strong></span> <span class='ocrx_word' id='word_1_69' title='bbox 1058 1941 1106 2017; x_wconf 88' lang='lat' dir='ltr'><strong>de</strong></span> <span class='ocrx_word' id='word_1_70' title='bbox 1124 1942 1346 2036; x_wconf 88' lang='lat' dir='ltr'><strong>plenitudine</strong></span> <span class='ocrx_word' id='word_1_71' title='bbox 1363 1947 1525 2036; x_wconf 81' lang='lat' dir='ltr'><strong>potesta-</strong></span> 
     </span>
     <span class='ocr_line' id='line_1_10' title="bbox 349 2059 1523 2153; baseline 0.001 -21"><span class='ocrx_word' id='word_1_72' title='bbox 349 2059 403 2133; x_wconf 89' lang='lat' dir='ltr'><strong>tis.</strong></span> <span class='ocrx_word' id='word_1_73' title='bbox 430 2059 515 2133; x_wconf 92' lang='lat' dir='ltr'><strong>ldeo</strong></span> <span class='ocrx_word' id='word_1_74' title='bbox 539 2059 640 2134; x_wconf 90' lang='lat' dir='ltr'><strong>dicit:</strong></span> <span class='ocrx_word' id='word_1_75' title='bbox 668 2082 687 2133; x_wconf 90' lang='lat' dir='ltr'><strong>c</strong></span> <span class='ocrx_word' id='word_1_76' title='bbox 712 2064 785 2134; x_wconf 81' lang='lat' dir='ltr'><strong>utu</strong></span> <span class='ocrx_word' id='word_1_77' title='bbox 807 2063 858 2151; x_wconf 78' lang='lat' dir='ltr'><strong>pli</strong></span> <span class='ocrx_word' id='word_1_78' title='bbox 882 2063 967 2134; x_wconf 72' lang='lat' dir='ltr'><strong>altra</strong></span> <span class='ocrx_word' id='word_1_79' title='bbox 999 2063 1095 2136; x_wconf 84' lang='lat' dir='ltr'><strong>modi</strong></span> <span class='ocrx_word' id='word_1_80' title='bbox 1121 2083 1235 2136; x_wconf 74' lang='lat' dir='ltr'><strong>murro</strong></span> <span class='ocrx_word' id='word_1_81' title='bbox 1263 2065 1390 2152; x_wconf 75' lang='lat' dir='ltr'><strong>marsi,</strong></span> <span class='ocrx_word' id='word_1_82' title='bbox 1420 2061 1523 2153; x_wconf 87' lang='lat' dir='ltr'><strong>idest,</strong></span> 
     </span>
     <span class='ocr_line' id='line_1_11' title="bbox 347 2175 1522 2276; baseline 0.002 -22"><span class='ocrx_word' id='word_1_83' title='bbox 347 2179 513 2254; x_wconf 80' lang='lat' dir='ltr'><strong>defectivi</strong></span> <span class='ocrx_word' id='word_1_84' title='bbox 540 2179 587 2254; x_wconf 88' lang='lat' dir='ltr'><strong>ad</strong></span> <span class='ocrx_word' id='word_1_85' title='bbox 613 2180 902 2276; x_wconf 88' lang='lat' dir='ltr'><strong>redemptionem</strong></span> <span class='ocrx_word' id='word_1_86' title='bbox 921 2175 957 2274; x_wconf 82' lang='lat'><strong>(⁴)</strong></span> <span class='ocrx_word' id='word_1_87' title='bbox 980 2183 1148 2275; x_wconf 86' lang='lat' dir='ltr'><strong>hominis,</strong></span> <span class='ocrx_word' id='word_1_88' title='bbox 1167 2186 1242 2257; x_wconf 84' lang='lat' dir='ltr'><strong>olla</strong></span> <span class='ocrx_word' id='word_1_89' title='bbox 1257 2185 1435 2274; x_wconf 66' lang='lat' dir='ltr'><strong>pinsentis,</strong></span> <span class='ocrx_word' id='word_1_90' title='bbox 1451 2181 1522 2256; x_wconf 80' lang='lat' dir='ltr'><strong>sri-</strong></span> 
     </span>
     <span class='ocr_line' id='line_1_12' title="bbox 347 2300 1523 2398; baseline 0 -24"><span class='ocrx_word' id='word_1_91' title='bbox 347 2301 442 2394; x_wconf 89' lang='lat' dir='ltr'><strong>licet,</strong></span> <span class='ocrx_word' id='word_1_92' title='bbox 468 2300 611 2394; x_wconf 85' lang='lat' dir='ltr'><strong>divinae,</strong></span> <span class='ocrx_word' id='word_1_93' title='bbox 636 2323 675 2375; x_wconf 82' lang='lat' dir='ltr'><strong>re</strong></span> <span class='ocrx_word' id='word_1_94' title='bbox 690 2304 716 2374; x_wconf 86' lang='lat' dir='ltr'><strong>’l</strong></span> <span class='ocrx_word' id='word_1_95' title='bbox 739 2305 891 2394; x_wconf 75' lang='lat' dir='ltr'><strong>llpliuol</strong></span> <span class='ocrx_word' id='word_1_96' title='bbox 913 2306 951 2376; x_wconf 84' lang='lat' dir='ltr'><strong>dt</strong></span> <span class='ocrx_word' id='word_1_97' title='bbox 974 2306 1044 2376; x_wconf 86' lang='lat' dir='ltr'><strong>Dio</strong></span> <span class='ocrx_word' id='word_1_98' title='bbox 1068 2323 1143 2376; x_wconf 84' lang='lat' dir='ltr'><strong>neo</strong></span> <span class='ocrx_word' id='word_1_99' title='bbox 1164 2308 1259 2398; x_wconf 78' lang='lat' dir='ltr'><strong>sorec</strong></span> <span class='ocrx_word' id='word_1_100' title='bbox 1291 2305 1447 2375; x_wconf 83' lang='lat' dir='ltr'><strong>umilinto</strong></span> <span class='ocrx_word' id='word_1_101' title='bbox 1472 2305 1523 2375; x_wconf 88' lang='lat' dir='ltr'><strong>nd</strong></span> 
     </span>
     <span class='ocr_line' id='line_1_13' title="bbox 346 2420 1525 2516; baseline 0.001 -24"><span class='ocrx_word' id='word_1_102' title='bbox 346 2423 560 2494; x_wconf 74' lang='lat' dir='ltr'><strong>incarceret.</strong></span> <span class='ocrx_word' id='word_1_103' title='bbox 588 2423 632 2496; x_wconf 89' lang='lat' dir='ltr'><strong>Et</strong></span> <span class='ocrx_word' id='word_1_104' title='bbox 658 2423 752 2498; x_wconf 92' lang='lat' dir='ltr'><strong>bene</strong></span> <span class='ocrx_word' id='word_1_105' title='bbox 777 2423 880 2515; x_wconf 82' lang='lat' dir='ltr'><strong>dicit3</strong></span> <span class='ocrx_word' id='word_1_106' title='bbox 906 2443 991 2497; x_wconf 91' lang='lat' dir='ltr'><strong>nam</strong></span> <span class='ocrx_word' id='word_1_107' title='bbox 1017 2423 1054 2496; x_wconf 91' lang='lat' dir='ltr'><strong>in</strong></span> <span class='ocrx_word' id='word_1_108' title='bbox 1081 2422 1332 2498; x_wconf 84' lang='lat' dir='ltr'><strong>incarnatione</strong></span> <span class='ocrx_word' id='word_1_109' title='bbox 1353 2420 1525 2516; x_wconf 88' lang='lat' dir='ltr'><strong>apparuit</strong></span> 
     </span>
     <span class='ocr_line' id='line_1_14' title="bbox 347 2542 1522 2638; baseline 0.001 -24"><span class='ocrx_word' id='word_1_110' title='bbox 347 2542 507 2636; x_wconf 89' lang='lat' dir='ltr'><strong>potentia</strong></span> <span class='ocrx_word' id='word_1_111' title='bbox 521 2543 649 2637; x_wconf 90' lang='lat' dir='ltr'><strong>Patris,</strong></span> <span class='ocrx_word' id='word_1_112' title='bbox 663 2543 838 2638; x_wconf 90' lang='lat' dir='ltr'><strong>sapientia</strong></span> <span class='ocrx_word' id='word_1_113' title='bbox 852 2542 940 2637; x_wconf 82' lang='lat' dir='ltr'><strong>Filii,</strong></span> <span class='ocrx_word' id='word_1_114' title='bbox 956 2543 1209 2618; x_wconf 87' lang='lat' dir='ltr'><strong>benevolentia</strong></span> <span class='ocrx_word' id='word_1_115' title='bbox 1223 2543 1378 2638; x_wconf 87' lang='lat' dir='ltr'><strong>Spiritus</strong></span> <span class='ocrx_word' id='word_1_116' title='bbox 1395 2543 1522 2617; x_wconf 89' lang='lat' dir='ltr'><strong>sancti.</strong></span> 
     </span>
     <span class='ocr_line' id='line_1_15' title="bbox 348 2663 1521 2759; baseline -0.001 -23"><span class='ocrx_word' id='word_1_117' title='bbox 348 2663 440 2736; x_wconf 91' lang='lat' dir='ltr'><strong>Nam</strong></span> <span class='ocrx_word' id='word_1_118' title='bbox 468 2669 617 2758; x_wconf 89' lang='lat' dir='ltr'><strong>peccato</strong></span> <span class='ocrx_word' id='word_1_119' title='bbox 642 2665 760 2738; x_wconf 91' lang='lat' dir='ltr'><strong>solum</strong></span> <span class='ocrx_word' id='word_1_120' title='bbox 780 2664 937 2738; x_wconf 90' lang='lat' dir='ltr'><strong>debetur</strong></span> <span class='ocrx_word' id='word_1_121' title='bbox 962 2683 1071 2758; x_wconf 84' lang='lat' dir='ltr'><strong>poena</strong></span> <span class='ocrx_word' id='word_1_122' title='bbox 1096 2665 1300 2738; x_wconf 59' lang='lat' dir='ltr'><strong>mnndum</strong></span> <span class='ocrx_word' id='word_1_123' title='bbox 1323 2663 1521 2759; x_wconf 81' lang='lat' dir='ltr'><strong>justitiam3</strong></span> 
     </span>
    </p>
   </div>
   <div class='ocr_carea' id='block_1_3' title="bbox 343 2781 1524 3362">
    <p class='ocr_par' dir='ltr' id='par_1_3' title="bbox 343 2781 1524 3117">
     <span class='ocr_line' id='line_1_16' title="bbox 348 2781 1521 2879; baseline -0.003 -21"><span class='ocrx_word' id='word_1_124' title='bbox 348 2787 386 2858; x_wconf 91' lang='lat' dir='ltr'><strong>et</strong></span> <span class='ocrx_word' id='word_1_125' title='bbox 411 2781 594 2857; x_wconf 86' lang='lat' dir='ltr'><strong>dimittere</strong></span> <span class='ocrx_word' id='word_1_126' title='bbox 620 2789 809 2876; x_wconf 88' lang='lat' dir='ltr'><strong>peccatum</strong></span> <span class='ocrx_word' id='word_1_127' title='bbox 838 2783 1037 2858; x_wconf 89' lang='lat' dir='ltr'><strong>liberaliter</strong></span> <span class='ocrx_word' id='word_1_128' title='bbox 1052 2785 1131 2858; x_wconf 91' lang='lat' dir='ltr'><strong>sine</strong></span> <span class='ocrx_word' id='word_1_129' title='bbox 1152 2805 1261 2879; x_wconf 84' lang='lat' dir='ltr'><strong>poena</strong></span> <span class='ocrx_word' id='word_1_130' title='bbox 1287 2790 1368 2858; x_wconf 92' lang='lat' dir='ltr'><strong>erat</strong></span> <span class='ocrx_word' id='word_1_131' title='bbox 1393 2789 1521 2858; x_wconf 88' lang='lat' dir='ltr'><strong>contra</strong></span> 
     </span>
     <span class='ocr_line' id='line_1_17' title="bbox 343 2903 1524 3000; baseline 0.003 -24"><span class='ocrx_word' id='word_1_132' title='bbox 343 2903 523 2998; x_wconf 88' lang='lat' dir='ltr'><strong>justitiam</strong></span> <span class='ocrx_word' id='word_1_133' title='bbox 555 2903 632 2997; x_wconf 84' lang='lat' dir='ltr'><strong>Dei,</strong></span> <span class='ocrx_word' id='word_1_134' title='bbox 663 2903 727 2998; x_wconf 89' lang='lat' dir='ltr'><strong>qui</strong></span> <span class='ocrx_word' id='word_1_135' title='bbox 758 2909 812 2978; x_wconf 90' lang='lat' dir='ltr'><strong>est</strong></span> <span class='ocrx_word' id='word_1_136' title='bbox 842 2925 989 2978; x_wconf 89' lang='lat' dir='ltr'><strong>summe</strong></span> <span class='ocrx_word' id='word_1_137' title='bbox 1013 2905 1150 3000; x_wconf 87' lang='lat' dir='ltr'><strong>justus,</strong></span> <span class='ocrx_word' id='word_1_138' title='bbox 1175 2910 1213 2979; x_wconf 91' lang='lat' dir='ltr'><strong>et</strong></span> <span class='ocrx_word' id='word_1_139' title='bbox 1239 2926 1312 2978; x_wconf 91' lang='lat' dir='ltr'><strong>non</strong></span> <span class='ocrx_word' id='word_1_140' title='bbox 1337 2904 1524 2979; x_wconf 87' lang='lat' dir='ltr'><strong>dimittere</strong></span> 
     </span>
     <span class='ocr_line' id='line_1_18' title="bbox 348 3023 1521 3117; baseline -0.002 -19"><span class='ocrx_word' id='word_1_141' title='bbox 348 3029 429 3098; x_wconf 91' lang='lat' dir='ltr'><strong>erat</strong></span> <span class='ocrx_word' id='word_1_142' title='bbox 445 3029 573 3098; x_wconf 90' lang='lat' dir='ltr'><strong>contra</strong></span> <span class='ocrx_word' id='word_1_143' title='bbox 593 3023 879 3098; x_wconf 90' lang='lat' dir='ltr'><strong>misericordiam</strong></span> <span class='ocrx_word' id='word_1_144' title='bbox 899 3024 979 3098; x_wconf 91' lang='lat' dir='ltr'><strong>eius</strong></span> <span class='ocrx_word' id='word_1_145' title='bbox 996 3024 1058 3117; x_wconf 89' lang='lat' dir='ltr'><strong>qui</strong></span> <span class='ocrx_word' id='word_1_146' title='bbox 1073 3030 1129 3098; x_wconf 88' lang='lat' dir='ltr'><strong>est</strong></span> <span class='ocrx_word' id='word_1_147' title='bbox 1141 3043 1288 3098; x_wconf 90' lang='lat' dir='ltr'><strong>summe</strong></span> <span class='ocrx_word' id='word_1_148' title='bbox 1301 3023 1521 3099; x_wconf 88' lang='lat' dir='ltr'><strong>misericors.</strong></span> 
     </span>
    </p>

    <p class='ocr_par' dir='ltr' id='par_1_4' title="bbox 347 3145 1523 3362">
     <span class='ocr_line' id='line_1_19' title="bbox 426 3145 1523 3241; baseline 0.001 -24"><span class='ocrx_word' id='word_1_149' title='bbox 426 3149 492 3236; x_wconf 84' lang='lat' dir='ltr'><strong>Or,</strong></span> <span class='ocrx_word' id='word_1_150' title='bbox 507 3165 573 3236; x_wconf 87' lang='lat' dir='ltr'><strong>per</strong></span> <span class='ocrx_word' id='word_1_151' title='bbox 593 3147 769 3236; x_wconf 63' lang='lat' dir='ltr'><strong>empterlr&#39;„</strong></span> <span class='ocrx_word' id='word_1_152' title='bbox 784 3146 854 3218; x_wconf 90' lang='lat' dir='ltr'><strong>lsta</strong></span> <span class='ocrx_word' id='word_1_153' title='bbox 880 3151 934 3219; x_wconf 89' lang='lat' dir='ltr'><strong>est</strong></span> <span class='ocrx_word' id='word_1_154' title='bbox 960 3145 1068 3220; x_wconf 90' lang='lat' dir='ltr'><strong>tertia</strong></span> <span class='ocrx_word' id='word_1_155' title='bbox 1090 3167 1174 3240; x_wconf 91' lang='lat' dir='ltr'><strong>pars</strong></span> <span class='ocrx_word' id='word_1_156' title='bbox 1193 3145 1376 3241; x_wconf 81' lang='lat' dir='ltr'><strong>generalis</strong></span> <span class='ocrx_word' id='word_1_157' title='bbox 1393 3146 1429 3219; x_wconf 89' lang='lat' dir='ltr'><strong>in</strong></span> <span class='ocrx_word' id='word_1_158' title='bbox 1447 3165 1523 3240; x_wconf 90' lang='lat' dir='ltr'><strong>qua</strong></span> 
     </span>
     <span class='ocr_line' id='line_1_20' title="bbox 347 3256 1523 3362; baseline -0.001 -21"><span class='ocrx_word' id='word_1_159' title='bbox 347 3265 492 3341; x_wconf 87' lang='lat' dir='ltr'><strong>Beatrix</strong></span> <span class='ocrx_word' id='word_1_160' title='bbox 520 3265 681 3339; x_wconf 88' lang='lat' dir='ltr'><strong>declarat</strong></span> <span class='ocrx_word' id='word_1_161' title='bbox 713 3265 860 3340; x_wconf 86' lang='lat' dir='ltr'><strong>tertium</strong></span> <span class='ocrx_word' id='word_1_162' title='bbox 892 3256 1058 3362; x_wconf 86' lang='lat' dir='ltr'><strong>dubium,</strong></span> <span class='ocrx_word' id='word_1_163' title='bbox 1086 3265 1185 3361; x_wconf 86' lang='lat' dir='ltr'><strong>quod</strong></span> <span class='ocrx_word' id='word_1_164' title='bbox 1217 3266 1336 3340; x_wconf 91' lang='lat' dir='ltr'><strong>oritur</strong></span> <span class='ocrx_word' id='word_1_165' title='bbox 1368 3288 1415 3342; x_wconf 83' lang='lat' dir='ltr'><strong>ex</strong></span> <span class='ocrx_word' id='word_1_166' title='bbox 1447 3285 1523 3340; x_wconf 93' lang='lat' dir='ltr'><strong>uno</strong></span> 
     </span>
    </p>
   </div>
   <div class='ocr_carea' id='block_1_4' title="bbox 342 3387 1524 4927">
    <p class='ocr_par' dir='ltr' id='par_1_5' title="bbox 342 3387 1524 4927">
     <span class='ocr_line' id='line_1_21' title="bbox 345 3387 1522 3482; baseline -0.003 -20"><span class='ocrx_word' id='word_1_167' title='bbox 345 3387 441 3462; x_wconf 86' lang='lat' dir='ltr'><strong>dicto</strong></span> <span class='ocrx_word' id='word_1_168' title='bbox 471 3387 640 3482; x_wconf 91' lang='lat' dir='ltr'><strong>superius</strong></span> <span class='ocrx_word' id='word_1_169' title='bbox 673 3387 788 3481; x_wconf 90' lang='lat' dir='ltr'><strong>posito</strong></span> <span class='ocrx_word' id='word_1_170' title='bbox 818 3387 856 3459; x_wconf 92' lang='lat' dir='ltr'><strong>in</strong></span> <span class='ocrx_word' id='word_1_171' title='bbox 889 3387 1069 3462; x_wconf 89' lang='lat' dir='ltr'><strong>solutione</strong></span> <span class='ocrx_word' id='word_1_172' title='bbox 1099 3387 1268 3462; x_wconf 88' lang='lat' dir='ltr'><strong>secundi:</strong></span> <span class='ocrx_word' id='word_1_173' title='bbox 1302 3387 1390 3482; x_wconf 90' lang='lat' dir='ltr'><strong>quia</strong></span> <span class='ocrx_word' id='word_1_174' title='bbox 1423 3387 1522 3461; x_wconf 91' lang='lat' dir='ltr'><strong>enirn</strong></span> 
     </span>
     <span class='ocr_line' id='line_1_22' title="bbox 345 3506 1523 3602; baseline 0.002 -20"><span class='ocrx_word' id='word_1_175' title='bbox 345 3506 484 3582; x_wconf 87' lang='lat' dir='ltr'><strong>dictum</strong></span> <span class='ocrx_word' id='word_1_176' title='bbox 511 3514 566 3582; x_wconf 88' lang='lat' dir='ltr'><strong>est</strong></span> <span class='ocrx_word' id='word_1_177' title='bbox 591 3528 702 3602; x_wconf 90' lang='lat' dir='ltr'><strong>supra</strong></span> <span class='ocrx_word' id='word_1_178' title='bbox 729 3508 828 3602; x_wconf 89' lang='lat' dir='ltr'><strong>quod</strong></span> <span class='ocrx_word' id='word_1_179' title='bbox 854 3508 977 3581; x_wconf 91' lang='lat' dir='ltr'><strong>omnia</strong></span> <span class='ocrx_word' id='word_1_180' title='bbox 1004 3513 1129 3583; x_wconf 88' lang='lat' dir='ltr'><strong>creata</strong></span> <span class='ocrx_word' id='word_1_181' title='bbox 1146 3529 1169 3582; x_wconf 93' lang='lat' dir='ltr'><strong>a</strong></span> <span class='ocrx_word' id='word_1_182' title='bbox 1186 3508 1264 3582; x_wconf 85' lang='lat' dir='ltr'><strong>Dee</strong></span> <span class='ocrx_word' id='word_1_183' title='bbox 1281 3514 1368 3582; x_wconf 90' lang='lat' dir='ltr'><strong>sunt</strong></span> <span class='ocrx_word' id='word_1_184' title='bbox 1383 3517 1523 3584; x_wconf 83' lang='lat' dir='ltr'><strong>aeterna</strong></span> 
     </span>
     <span class='ocr_line' id='line_1_23' title="bbox 347 3629 1524 3723; baseline -0.002 -19"><span class='ocrx_word' id='word_1_185' title='bbox 347 3635 384 3704; x_wconf 90' lang='lat' dir='ltr'><strong>et</strong></span> <span class='ocrx_word' id='word_1_186' title='bbox 414 3629 713 3723; x_wconf 90' lang='lat' dir='ltr'><strong>incorruptibilia,</strong></span> <span class='ocrx_word' id='word_1_187' title='bbox 740 3629 902 3703; x_wconf 85' lang='lat' dir='ltr'><strong>declarat</strong></span> <span class='ocrx_word' id='word_1_188' title='bbox 933 3630 1121 3723; x_wconf 87' lang='lat' dir='ltr'><strong>quomodo</strong></span> <span class='ocrx_word' id='word_1_189' title='bbox 1153 3629 1248 3704; x_wconf 90' lang='lat' dir='ltr'><strong>istud</strong></span> <span class='ocrx_word' id='word_1_190' title='bbox 1279 3630 1417 3704; x_wconf 90' lang='lat' dir='ltr'><strong>dictum</strong></span> <span class='ocrx_word' id='word_1_191' title='bbox 1457 3629 1524 3702; x_wconf 86' lang='lat' dir='ltr'><strong>ha·</strong></span> 
     </span>
     <span class='ocr_line' id='line_1_24' title="bbox 346 3747 1522 3842; baseline -0.003 -18"><span class='ocrx_word' id='word_1_192' title='bbox 346 3749 431 3824; x_wconf 88' lang='lat' dir='ltr'><strong>beat</strong></span> <span class='ocrx_word' id='word_1_193' title='bbox 458 3749 725 3824; x_wconf 67' lang='lat' dir='ltr'><strong>veritatemi]</strong></span> <span class='ocrx_word' id='word_1_194' title='bbox 752 3751 834 3823; x_wconf 90' lang='lat' dir='ltr'><strong>volo</strong></span> <span class='ocrx_word' id='word_1_195' title='bbox 861 3757 897 3822; x_wconf 91' lang='lat' dir='ltr'><strong>te</strong></span> <span class='ocrx_word' id='word_1_196' title='bbox 923 3749 1017 3823; x_wconf 90' lang='lat' dir='ltr'><strong>scire</strong></span> <span class='ocrx_word' id='word_1_197' title='bbox 1035 3749 1132 3841; x_wconf 89' lang='lat' dir='ltr'><strong>qnod</strong></span> <span class='ocrx_word' id='word_1_198' title='bbox 1153 3770 1226 3823; x_wconf 92' lang='lat' dir='ltr'><strong>non</strong></span> <span class='ocrx_word' id='word_1_199' title='bbox 1244 3755 1324 3822; x_wconf 90' lang='lat' dir='ltr'><strong>erat</strong></span> <span class='ocrx_word' id='word_1_200' title='bbox 1343 3768 1437 3842; x_wconf 89' lang='lat' dir='ltr'><strong>opus</strong></span> <span class='ocrx_word' id='word_1_201' title='bbox 1454 3747 1522 3821; x_wconf 89' lang='lat' dir='ltr'><strong>ista</strong></span> 
     </span>
     <span class='ocr_line' id='line_1_25' title="bbox 346 3868 1522 3962; baseline -0.001 -19"><span class='ocrx_word' id='word_1_202' title='bbox 346 3868 593 3943; x_wconf 87' lang='lat' dir='ltr'><strong>declaratione</strong></span> <span class='ocrx_word' id='word_1_203' title='bbox 607 3869 674 3961; x_wconf 86' lang='lat' dir='ltr'><strong>hic,</strong></span> <span class='ocrx_word' id='word_1_204' title='bbox 689 3869 775 3961; x_wconf 89' lang='lat' dir='ltr'><strong>quia</strong></span> <span class='ocrx_word' id='word_1_205' title='bbox 795 3869 897 3942; x_wconf 89' lang='lat' dir='ltr'><strong>litera</strong></span> <span class='ocrx_word' id='word_1_206' title='bbox 917 3869 975 3943; x_wconf 92' lang='lat' dir='ltr'><strong>illa</strong></span> <span class='ocrx_word' id='word_1_207' title='bbox 994 3875 1048 3943; x_wconf 87' lang='lat' dir='ltr'><strong>est</strong></span> <span class='ocrx_word' id='word_1_208' title='bbox 1066 3869 1153 3942; x_wconf 87' lang='lat' dir='ltr'><strong>satis</strong></span> <span class='ocrx_word' id='word_1_209' title='bbox 1166 3869 1265 3942; x_wconf 87' lang='lat' dir='ltr'><strong>clara</strong></span> <span class='ocrx_word' id='word_1_210' title='bbox 1280 3889 1346 3962; x_wconf 81' lang='lat' dir='ltr'><strong>per</strong></span> <span class='ocrx_word' id='word_1_211' title='bbox 1363 3868 1398 3941; x_wconf 94' lang='lat' dir='ltr'><strong>id</strong></span> <span class='ocrx_word' id='word_1_212' title='bbox 1421 3868 1522 3961; x_wconf 84' lang='lat' dir='ltr'><strong>quod</strong></span> 
     </span>
     <span class='ocr_line' id='line_1_26' title="bbox 346 3987 1523 4080; baseline -0.001 -18"><span class='ocrx_word' id='word_1_213' title='bbox 346 3987 479 4062; x_wconf 90' lang='lat' dir='ltr'><strong>dicitur</strong></span> <span class='ocrx_word' id='word_1_214' title='bbox 504 3988 582 4062; x_wconf 90' lang='lat' dir='ltr'><strong>sine</strong></span> <span class='ocrx_word' id='word_1_215' title='bbox 607 3987 748 4080; x_wconf 83' lang='lat' dir='ltr'><strong>medi03</strong></span> <span class='ocrx_word' id='word_1_216' title='bbox 777 3995 899 4061; x_wconf 91' lang='lat' dir='ltr'><strong>tamen</strong></span> <span class='ocrx_word' id='word_1_217' title='bbox 925 3997 1036 4062; x_wconf 91' lang='lat' dir='ltr'><strong>autor</strong></span> <span class='ocrx_word' id='word_1_218' title='bbox 1060 3989 1146 4062; x_wconf 86' lang='lat' dir='ltr'><strong>lacit</strong></span> <span class='ocrx_word' id='word_1_219' title='bbox 1170 3989 1276 4064; x_wconf 89' lang='lat' dir='ltr'><strong>istam</strong></span> <span class='ocrx_word' id='word_1_220' title='bbox 1304 3987 1523 4062; x_wconf 86' lang='lat' dir='ltr'><strong>declaratio·</strong></span> 
     </span>
     <span class='ocr_line' id='line_1_27' title="bbox 348 4108 1520 4205; baseline -0.002 -23"><span class='ocrx_word' id='word_1_221' title='bbox 348 4127 445 4202; x_wconf 88' lang='lat' dir='ltr'><strong>nem,</strong></span> <span class='ocrx_word' id='word_1_222' title='bbox 477 4108 563 4202; x_wconf 91' lang='lat' dir='ltr'><strong>quia</strong></span> <span class='ocrx_word' id='word_1_223' title='bbox 599 4109 741 4181; x_wconf 90' lang='lat' dir='ltr'><strong>utimur</strong></span> <span class='ocrx_word' id='word_1_224' title='bbox 775 4109 956 4182; x_wconf 86' lang='lat' dir='ltr'><strong>vocabulo</strong></span> <span class='ocrx_word' id='word_1_225' title='bbox 989 4108 1184 4182; x_wconf 85' lang='lat' dir='ltr'><strong>creationis</strong></span> <span class='ocrx_word' id='word_1_226' title='bbox 1215 4108 1374 4180; x_wconf 89' lang='lat' dir='ltr'><strong>multum</strong></span> <span class='ocrx_word' id='word_1_227' title='bbox 1406 4108 1520 4205; x_wconf 80' lang='lat' dir='ltr'><strong>large,</strong></span> 
     </span>
     <span class='ocr_line' id='line_1_28' title="bbox 345 4228 1522 4325; baseline 0.001 -22"><span class='ocrx_word' id='word_1_228' title='bbox 345 4228 561 4325; x_wconf 89' lang='lat' dir='ltr'><strong>appellando</strong></span> <span class='ocrx_word' id='word_1_229' title='bbox 588 4235 711 4303; x_wconf 90' lang='lat' dir='ltr'><strong>creata</strong></span> <span class='ocrx_word' id='word_1_230' title='bbox 737 4249 758 4303; x_wconf 94' lang='lat' dir='ltr'><strong>a</strong></span> <span class='ocrx_word' id='word_1_231' title='bbox 784 4229 861 4304; x_wconf 85' lang='lat' dir='ltr'><strong>Deo</strong></span> <span class='ocrx_word' id='word_1_232' title='bbox 888 4249 1136 4323; x_wconf 74' lang='lat' dir='ltr'><strong>quaecumque</strong></span> <span class='ocrx_word' id='word_1_233' title='bbox 1157 4229 1249 4304; x_wconf 90' lang='lat' dir='ltr'><strong>liunt</strong></span> <span class='ocrx_word' id='word_1_234' title='bbox 1273 4249 1340 4325; x_wconf 93' lang='lat' dir='ltr'><strong>per</strong></span> <span class='ocrx_word' id='word_1_235' title='bbox 1365 4249 1522 4325; x_wconf 80' lang='lat' dir='ltr'><strong>genera-</strong></span> 
     </span>
     <span class='ocr_line' id='line_1_29' title="bbox 346 4348 1522 4445; baseline -0.002 -21"><span class='ocrx_word' id='word_1_236' title='bbox 346 4349 482 4424; x_wconf 90' lang='lat' dir='ltr'><strong>tionem</strong></span> <span class='ocrx_word' id='word_1_237' title='bbox 511 4351 569 4424; x_wconf 87' lang='lat' dir='ltr'><strong>vel</strong></span> <span class='ocrx_word' id='word_1_238' title='bbox 595 4351 881 4445; x_wconf 87' lang='lat' dir='ltr'><strong>corruptionem.</strong></span> <span class='ocrx_word' id='word_1_239' title='bbox 908 4349 960 4424; x_wconf 78' lang='lat' dir='ltr'><strong>nd</strong></span> <span class='ocrx_word' id='word_1_240' title='bbox 988 4351 1087 4444; x_wconf 85' lang='lat' dir='ltr'><strong>quod</strong></span> <span class='ocrx_word' id='word_1_241' title='bbox 1115 4357 1170 4424; x_wconf 88' lang='lat' dir='ltr'><strong>est</strong></span> <span class='ocrx_word' id='word_1_242' title='bbox 1193 4351 1395 4424; x_wconf 86' lang='lat' dir='ltr'><strong>notandum</strong></span> <span class='ocrx_word' id='word_1_243' title='bbox 1423 4348 1522 4443; x_wconf 86' lang='lat' dir='ltr'><strong>quod</strong></span> 
     </span>
     <span class='ocr_line' id='line_1_30' title="bbox 344 4470 1521 4566; baseline 0 -22"><span class='ocrx_word' id='word_1_244' title='bbox 344 4470 444 4545; x_wconf 86' lang='lat' dir='ltr'><strong>Deus</strong></span> <span class='ocrx_word' id='word_1_245' title='bbox 469 4471 591 4565; x_wconf 89' lang='lat' dir='ltr'><strong>aliqua</strong></span> <span class='ocrx_word' id='word_1_246' title='bbox 618 4480 795 4566; x_wconf 90' lang='lat' dir='ltr'><strong>operatur</strong></span> <span class='ocrx_word' id='word_1_247' title='bbox 821 4478 954 4546; x_wconf 89' lang='lat' dir='ltr'><strong>natura</strong></span> <span class='ocrx_word' id='word_1_248' title='bbox 980 4471 1173 4566; x_wconf 81' lang='lat' dir='ltr'><strong>mediante,</strong></span> <span class='ocrx_word' id='word_1_249' title='bbox 1195 4471 1298 4565; x_wconf 86' lang='lat' dir='ltr'><strong>idest,</strong></span> <span class='ocrx_word' id='word_1_250' title='bbox 1317 4470 1521 4546; x_wconf 88' lang='lat' dir='ltr'><strong>secundum</strong></span> 
     </span>
     <span class='ocr_line' id='line_1_31' title="bbox 344 4591 1522 4688; baseline -0.003 -19"><span class='ocrx_word' id='word_1_251' title='bbox 344 4613 580 4669; x_wconf 90' lang='lat' dir='ltr'><strong>communem</strong></span> <span class='ocrx_word' id='word_1_252' title='bbox 609 4614 762 4667; x_wconf 88' lang='lat' dir='ltr'><strong>cursum</strong></span> <span class='ocrx_word' id='word_1_253' title='bbox 781 4599 943 4686; x_wconf 81' lang='lat' dir='ltr'><strong>naturae3</strong></span> <span class='ocrx_word' id='word_1_254' title='bbox 963 4598 999 4666; x_wconf 91' lang='lat' dir='ltr'><strong>et</strong></span> <span class='ocrx_word' id='word_1_255' title='bbox 1019 4592 1099 4666; x_wconf 89' lang='lat' dir='ltr'><strong>talis</strong></span> <span class='ocrx_word' id='word_1_256' title='bbox 1115 4592 1281 4688; x_wconf 90' lang='lat' dir='ltr'><strong>operatio</strong></span> <span class='ocrx_word' id='word_1_257' title='bbox 1304 4612 1376 4666; x_wconf 93' lang='lat' dir='ltr'><strong>non</strong></span> <span class='ocrx_word' id='word_1_258' title='bbox 1393 4591 1522 4666; x_wconf 90' lang='lat' dir='ltr'><strong>distin·</strong></span> 
     </span>
     <span class='ocr_line' id='line_1_32' title="bbox 342 4711 1521 4810; baseline -0.002 -24"><span class='ocrx_word' id='word_1_259' title='bbox 342 4713 471 4810; x_wconf 83' lang='lat' dir='ltr'><strong>guitur</strong></span> <span class='ocrx_word' id='word_1_260' title='bbox 502 4712 549 4786; x_wconf 89' lang='lat' dir='ltr'><strong>ab</strong></span> <span class='ocrx_word' id='word_1_261' title='bbox 581 4713 794 4807; x_wconf 90' lang='lat' dir='ltr'><strong>operatione</strong></span> <span class='ocrx_word' id='word_1_262' title='bbox 819 4719 974 4805; x_wconf 73' lang='lat' dir='ltr'><strong>naturae,</strong></span> <span class='ocrx_word' id='word_1_263' title='bbox 1001 4711 1088 4806; x_wconf 89' lang='lat' dir='ltr'><strong>quia</strong></span> <span class='ocrx_word' id='word_1_264' title='bbox 1114 4712 1151 4785; x_wconf 92' lang='lat' dir='ltr'><strong>in</strong></span> <span class='ocrx_word' id='word_1_265' title='bbox 1172 4714 1241 4786; x_wconf 90' lang='lat' dir='ltr'><strong>hoc</strong></span> <span class='ocrx_word' id='word_1_266' title='bbox 1267 4713 1366 4784; x_wconf 76' lang='lat' dir='ltr'><strong>lleus</strong></span> <span class='ocrx_word' id='word_1_267' title='bbox 1390 4718 1429 4785; x_wconf 93' lang='lat' dir='ltr'><strong>et</strong></span> <span class='ocrx_word' id='word_1_268' title='bbox 1453 4731 1521 4784; x_wconf 87' lang='lat' dir='ltr'><strong>na·</strong></span> 
     </span>
     <span class='ocr_line' id='line_1_33' title="bbox 345 4831 1519 4927; baseline -0.002 -20"><span class='ocrx_word' id='word_1_269' title='bbox 345 4837 430 4908; x_wconf 89' lang='lat' dir='ltr'><strong>tura</strong></span> <span class='ocrx_word' id='word_1_270' title='bbox 457 4831 567 4906; x_wconf 90' lang='lat' dir='ltr'><strong>simul</strong></span> <span class='ocrx_word' id='word_1_271' title='bbox 592 4841 802 4927; x_wconf 91' lang='lat' dir='ltr'><strong>operantur.</strong></span> <span class='ocrx_word' id='word_1_272' title='bbox 830 4833 910 4907; x_wconf 79' lang='lat' dir='ltr'><strong>Alio</strong></span> <span class='ocrx_word' id='word_1_273' title='bbox 938 4831 1045 4907; x_wconf 91' lang='lat' dir='ltr'><strong>modo</strong></span> <span class='ocrx_word' id='word_1_274' title='bbox 1072 4834 1170 4906; x_wconf 82' lang='lat' dir='ltr'><strong>lleus</strong></span> <span class='ocrx_word' id='word_1_275' title='bbox 1191 4838 1368 4926; x_wconf 88' lang='lat' dir='ltr'><strong>operatur</strong></span> <span class='ocrx_word' id='word_1_276' title='bbox 1393 4831 1519 4925; x_wconf 88' lang='lat' dir='ltr'><strong>aliqua</strong></span> 
     </span>
    </p>
   </div>
   <div class='ocr_carea' id='block_1_5' title="bbox 409 5095 698 5159">
    <p class='ocr_par' dir='ltr' id='par_1_6' title="bbox 409 5095 698 5159">
     <span class='ocr_line' id='line_1_34' title="bbox 409 5095 698 5159; baseline 0 -13"><span class='ocrx_word' id='word_1_277' title='bbox 409 5095 436 5159; x_wconf 86' lang='lat'><strong>(¹)</strong></span> <span class='ocrx_word' id='word_1_278' title='bbox 453 5095 484 5146; x_wconf 71' lang='lat' dir='ltr'>E</span> <span class='ocrx_word' id='word_1_279' title='bbox 500 5095 698 5158; x_wconf 81' lang='lat' dir='ltr'><strong>reparationem.</strong></span> 
     </span>
    </p>
   </div>
   <div class='ocr_carea' id='block_1_6' title="bbox 0 0 2176 6692">
    <p class='ocr_par' dir='ltr' id='par_1_7' title="bbox 0 0 2176 6692">
     <span class='ocr_line' id='line_1_35' title="bbox 0 0 2176 6692; baseline 0 1"><span class='ocrx_word' id='word_1_280' title='bbox 0 0 2176 6692; x_wconf 95' lang='lat' dir='ltr'><strong> </strong></span> 
     </span>
    </p>
   </div>
  </div>
 </body>
</html>
