4342 6692
764 925 902 982 murus
926 927 1069 984 rnvuus
1432 916 1525 984 301'

330 1071 406 1146 sius
420 1071 515 1146 libro
527 1070 734 1145 Fastorum.
749 1072 841 1148 Dicit
859 1093 951 1169 ergo
966 1073 1130 1148 breviter
1143 1073 1242 1168 quod
1255 1075 1418 1169 Marsyas
1436 1072 1506 1146 luit

331 1190 490 1265 rusticus
514 1191 676 1266 silvanus
701 1191 912 1288 degenere
936 1201 1159 1289 satyrorum,
1185 1193 1247 1288 qui
1273 1191 1505 1288 presumpsit

330 1317 474 1385 temere
498 1331 704 1406 provocare
728 1311 930 1406 Apollinem
956 1313 1003 1387 ad
1028 1320 1218 1388 certamen
1244 1313 1281 1386 iu
1306 1319 1388 1388 arte
1418 1332 1505 1387 mu·

330 1431 416 1524 sica,
435 1432 561 1507 volens
578 1453 756 1527 superare
772 1432 874 1506 illum
891 1427 927 1525 (¹)
947 1433 1152 1528 pulsantem
1173 1434 1290 1529 lyram
1309 1453 1396 1508 cum
1417 1433 1503 1508 tibia

330 1571 398 1625 sua
412 1573 496 1646 quae
513 1552 636 1627 luerat
651 1552 823 1646 Palladis,
841 1553 905 1628 sed
923 1553 1041 1628 victus
1056 1553 1105 1626 ab
1123 1553 1286 1648 Apolline
1304 1553 1369 1628 luit
1391 1573 1504 1628 exco-

329 1671 446 1746 riatus
464 1671 512 1746 ab
537 1693 594 1767 eo,
608 1672 659 1746 ita
679 1672 778 1767 quod
795 1673 959 1748 detracta
976 1673 1070 1768 pelle
1087 1675 1249 1769 Marsyas
1262 1665 1300 1766 (¹)
1323 1671 1501 1749 remansit

329 1796 429 1866 totus
454 1793 690 1890 sanguineus,
708 1793 795 1887 quia
815 1794 953 1868 rubeus
978 1801 1016 1868 et
1041 1793 1183 1889 pudore
1200 1777 1374 1868 coniusus
1391 1802 1429 1868 et
1446 1799 1505 1868 to·

327 1916 388 1985 tus
422 1919 601 2006 tremens;
628 1918 666 1987 et
697 1913 846 2008 sanguis
871 1914 952 1989 eius
976 1913 1115 1988 calidus
1148 1935 1350 1989 conversus
1380 1920 1434 1989 est
1466 1912 1504 1987 in

328 2051 467 2125 aquam
492 2032 679 2129 frigidam:
706 2053 793 2107 narn
820 2052 1021 2107 conversus
1038 2033 1230 2128 inaquam
1248 2033 1332 2108 lecit
1348 2032 1501 2110 lluvium

330 2151 570 2246 purissimum
597 2153 761 2249 phrygiae
786 2151 955 2248 regionis.
981 2153 1027 2227 Si
1045 2153 1098 2226 vis
1130 2161 1230 2228 recte
1255 2153 1380 2229 videre
1411 2153 1503 2228 alle-

329 2270 473 2366 goriam
500 2271 604 2345 istius
619 2263 655 2364 (³)
684 2272 824 2347 labelloe
846 2292 1001 2348 recurre
1016 2272 1062 2348 ad
1080 2293 1124 2348 ea
1151 2293 1236 2368 quae
1260 2273 1393 2367 scripta
1416 2277 1503 2346 sunt

329 2389 376 2464 de
401 2388 581 2485 Arachne,
613 2391 854 2489 *Purgatorii
879 2393 1037 2488 capitulo
1069 2394 1154 2488 Xll;
1181 2393 1377 2487 utrobique
1402 2393 1501 2468 enim

329 2509 515 2607 liguratur
539 2510 638 2586 idem
664 2512 841 2586 ellectus:
867 2511 961 2586 sicut
978 2513 1076 2588 enim
1093 2501 1344 2604 Arachne*(⁴)
1368 2512 1504 2588 semina

330 2649 398 2725 per
432 2630 630 2725 superbam
668 2631 823 2727 gloriam
856 2632 1048 2707 attentavit
1080 2653 1284 2728 provocare
1317 2631 1503 2706 Palladem

329 2750 438 2824 deam
463 2749 650 2846 sapientie
675 2750 712 2824 in
737 2770 851 2846 opere
875 2752 1045 2846 textrino,
1071 2751 1135 2826 sed
1160 2751 1255 2826 victa
1286 2757 1323 2826 et
1353 2751 1504 2826 conlusa

330 2887 509 2944 conversa
540 2876 594 2944 est
624 2870 662 2944 in
692 2891 847 2946 vermen
872 2870 1063 2962 facientem
1091 2872 1200 2946 telam
1227 2870 1294 2946 etsi
1320 2870 1503 2966 subtilem,

327 2995 453 3064 temen
486 2989 665 3085 lragilem,
691 2991 869 3091 caducam
900 2998 938 3066 et
967 2991 1151 3085 inutilem3
1185 2991 1234 3066 ita
1260 2991 1421 3088 Marsyas
1445 2990 1502 3065 vir

324 3109 482 3185 irritavit
507 3111 709 3206 Apollinem
734 3111 847 3186 deum
873 3112 1058 3206 sapientiae
1074 3113 1112 3187 in
1130 3131 1243 3207 opere
1260 3113 1413 3207 musico,
1435 3111 1500 3188 sed

327 3229 445 3304 victus
470 3235 508 3304 et
532 3237 728 3325 superatus
753 3231 820 3304 luit
844 3230 1018 3326 spoliatus
1042 3232 1148 3327 pelle,
1167 3231 1268 3326 idest,
1287 3233 1499 3328 apparentia

324 3350 501 3425 exteriori
526 3356 564 3425 et
588 3351 807 3446 superficiali
833 3372 907 3447 qua
925 3358 1005 3426 erat
1021 3352 1179 3447 inllatus,
1197 3359 1234 3427 et
1251 3353 1402 3427 evanuit
1420 3353 1501 3428 ina-

327 3471 384 3545 nis
404 3471 580 3566 Jactantia
605 3470 696 3545 eius.
714 3470 776 3546 list
797 3491 888 3568 ergo
913 3471 1008 3547 bene
1032 3493 1193 3547 consona
1218 3472 1332 3565 fictio,
1359 3493 1445 3547 nam
1471 3472 1501 3546 si

326 3591 474 3686 respicis
500 3591 594 3666 duos
621 3597 734 3686 utres,
760 3593 919 3666 alterum
945 3592 1108 3688 plenum,
1134 3593 1294 3668 alterum
1320 3593 1500 3687 inflatum,

326 3718 412 3786 sunt
437 3712 601 3788 eiusdem
628 3711 852 3806 quantitatis,
877 3713 941 3788 sed
966 3733 1040 3786 non
1065 3713 1255 3807 bonitatis3
1281 3713 1375 3787 alter
1401 3713 1499 3788 enim

325 3839 380 3907 est
405 3834 536 3928 plenus
563 3841 685 3927 vento,
710 3834 805 3908 alter
830 3833 916 3906 vino
940 3835 1000 3908 rel
1025 3834 1119 3907 oleo.
1146 3833 1231 3908 ideo
1257 3833 1352 3908 bene
1381 3835 1501 3908 bonus

325 3960 364 4028 et
387 3954 531 4049 sapiens
556 3961 664 4050 poeta
689 3955 824 4028 bantes
848 3959 949 4048 optat
974 3959 1011 4028 et
1035 3953 1126 4048 petit
1151 3952 1229 4028 lieri
1255 3975 1321 4028 vas
1348 3954 1497 4048 plenum

326 4075 464 4169 optimo
482 4081 519 4148 et
538 4057 636 4149 dulci
662 4075 807 4168 liquore
823 4073 1019 4169 sapientia,
1038 4079 1080 4147 ut
1098 4093 1202 4148 more
1224 4073 1395 4168 Apollinis
1415 4094 1501 4169 pos—

326 4194 371 4267 sit
396 4195 622 4270 coniundere
647 4194 801 4268 aemulos
826 4193 1036 4290 ignorantes
1069 4192 1108 4266 in
1141 4199 1252 4268 cantu
1288 4194 1429 4288 poetico
1462 4195 1499 4268 in

324 4315 389 4388 ista
418 4315 524 4389 tertia
551 4314 710 4407 Cantica,
728 4313 823 4388 sicut
844 4321 882 4387 el
907 4333 1024 4386 musae
1048 4317 1312 4387 converterunt
1337 4313 1499 4388 Pierides

322 4432 360 4505 iu
385 4433 495 4527 picas,
517 4440 559 4507 ut
575 4434 703 4528 pulcre
719 4431 872 4527 exposui
889 4431 1010 4527 primo
1027 4437 1137 4506 cautu
1158 4431 1365 4528 Purgatorii
1376 4457 1387 4527 ;
1406 4433 1501 4508 sicut

324 4553 463 4628 calidus
495 4559 533 4628 et
564 4554 745 4648 superbus
776 4552 926 4649 sanguis
954 4553 1108 4648 Marsyae
1143 4571 1345 4626 conversus
1376 4559 1432 4628 est
1463 4553 1501 4627 in

324 4694 461 4767 aquam
488 4673 656 4768 frigidam
684 4679 722 4748 et
746 4672 891 4746 labilem
918 4671 1017 4746 lluvii
1043 4671 1272 4766 velocissimi,
1294 4693 1405 4767 quem
1435 4672 1500 4748 de·

324 4794 449 4868 scribit
460 4793 618 4881 Quintus
634 4793 783 4868 Curtius
800 4792 893 4866 libro
910 4792 1082 4887 secundo,
1098 4793 1160 4867 ubi
1177 4793 1278 4868 dicit:
1292 4793 1500 4868 Alexander

387 4983 415 5041 (¹)
430 4981 460 5032 E.
477 4995 546 5032 eum.
629 4977 658 5043 (‘)
674 4980 703 5030 Ε.
720 4981 838 5044 Marsyas
854 4983 908 5044 ipsa
925 4982 1054 5032 remansit.
1138 4979 1164 5044 Γ)
1181 4981 1207 5032 S.
1224 4993 1238 5030 e
1256 4980 1286 5031 Ε.
1303 4981 1375 5032 istius
1393 4979 1499 5032 l'abular.¹

387 5059 414 5122 (Ἴ
430 5059 467 5109 Le
482 5057 572 5122 parole
588 5057 629 5108 tra
644 5059 653 5108 i
669 5057 720 5108 due
735 5059 869 5108 merbcbi
884 5071 931 5110 sau
946 5057 1057 5122 supplile
1073 5058 1141 5123 dagli
1158 5057 1218 5108 altri
1234 5063 1274 5108 tre
1290 5056 1385 5108 Codicl.
1432 5073 1434 5078 ·
