4342 6692
672 873 744 944 3³8
1063 884 1269 942 conmrun
1293 885 1460 940 malum

670 1029 837 1106 similiter
861 1037 981 1106 artem
1007 1029 1217 1124 militarem,
1237 1029 1404 1126 peritiam
1427 1047 1636 1122 armorum,
1659 1029 1844 1104 calculum

672 1171 936 1244 numerorum3
954 1150 1036 1226 ideo
1053 1149 1187 1226 merito
1204 1155 1324 1224 totum
1339 1149 1408 1224 fuit
1424 1149 1608 1224 celebrata
1622 1169 1688 1246 per
1700 1151 1844 1243 orbem,

671 1278 710 1348 et
734 1271 918 1367 precipue
948 1270 1047 1367 apud
1078 1271 1250 1346 Athenas.
1283 1269 1388 1346 llodo
1419 1270 1466 1346 ad
1498 1271 1725 1366 propositum
1759 1271 1845 1347 dicit

673 1398 797 1488 poeta:
830 1411 902 1488 ego
933 1391 1066 1488 navigo
1098 1390 1205 1466 istam
1238 1411 1388 1486 aquam,
1421 1390 1509 1484 quia
1543 1390 1661 1465 habeo
1693 1399 1845 1466 ventum

673 1531 905 1608 prosperum,
930 1511 1078 1605 scilicet,
1109 1511 1273 1588 favorem
1304 1511 1497 1605 llinervae3
1523 1511 1623 1586 unde
1647 1512 1751 1587 dicit:
1778 1517 1846 1588 dfi-

673 1651 787 1704 nerua
818 1633 932 1724 spira
962 1631 1065 1724 idest,
1094 1631 1250 1706 infundit
1281 1631 1369 1706 milri
1399 1631 1567 1727 spiritum
1600 1633 1798 1728 sapientiae,
1827 1653 1848 1708 a

674 1753 875 1824 wnducemi
898 1753 1039 1844 Apulo,
1067 1751 1172 1845 quasi
1197 1751 1313 1826 dicat:
1330 1751 1449 1826 habeo
1467 1752 1606 1826 bonum
1630 1760 1781 1828 nautam
1809 1761 1847 1828 et

674 1871 963 1966 gubernatorem
990 1891 1084 1945 meae
1109 1871 1223 1964 navis,
1241 1870 1388 1964 scilieet,
1408 1871 1609 1967 Apollinem
1627 1872 1738 1948 deum
1757 1893 1848 1969 pne-

674 1994 812 2085 tarum,
828 1990 935 2064 cuius
958 1990 1139 2066 auxilium
1158 1989 1365 2086 imploravit
1382 1990 1420 2064 in
1437 1991 1655 2087 precedenti
1669 1993 1847 2088 capitulo;

675 2114 714 2184 et
737 2109 847 2186 tertio
872 2109 991 2186 nabeo
1021 2115 1232 2206 magnetem
1267 2117 1304 2185 ct
1335 2131 1444 2184 acum
1460 2105 1511 2205 (¹),
1542 2130 1628 2205 quae
1652 2112 1849 2188 ostendunt

676 2229 763 2303 mihi
790 2237 1075 2325 tramontanam,
1091 2229 1137 2305 ad
1156 2251 1269 2325 quam
1287 2229 1420 2326 navigo
1437 2231 1474 2304 in
1491 2231 1560 2304 isto
1587 2251 1720 2328 magno
1741 2233 1847 2307 mari.

674 2349 777 2425 Unde
809 2350 913 2424 dicit:
947 2374 967 2425 e
996 2372 1087 2426 noae
1115 2371 1222 2442 mane,
1257 2369 1373 2424 musae
1399 2349 1572 2425 dicuntur
1602 2372 1737 2427 novem
1768 2353 1848 2428 dee

676 2476 882 2566 poetarum,
907 2470 1114 2564 dequibus
1140 2471 1246 2566 plene
1274 2470 1347 2546 dixi
1375 2471 1494 2566 primo
1524 2473 1683 2566 capitulo
1708 2473 1851 2570 Purga-

678 2589 774 2685 torii,
800 2593 850 2664 mi
872 2593 1073 2664 draconun
1097 2594 1120 2664 t'
1132 2582 1244 2685 Orse;
1268 2611 1354 2666 num
1381 2590 1418 2664 in
1444 2599 1569 2667 nostro
1595 2593 1679 2686 polo
1703 2601 1850 2688 septen-

679 2710 822 2784 trionali
847 2717 935 2784 sunt
959 2710 1042 2786 duae
1066 2711 1371 2805 constellationes,
1391 2710 1527 2786 scilicet
1555 2729 1644 2787 ursa
1669 2712 1788 2788 maior
1811 2719 1850 2788 et

678 2833 811 2927 minor,
837 2833 875 2908 in
900 2855 974 2929 qua
999 2840 1055 2908 est
1080 2840 1325 2927 tramontana,
1345 2839 1385 2906 ut
1407 2831 1551 2908 dicetur
1574 2834 1674 2910 clare
1698 2834 1762 2908 llll
1788 2854 1851 2909 m-

678 2952 793 3048 pitulo
819 2952 928 3026 innius
953 2952 1054 3047 libri3
1071 2954 1131 3028 vcl
1156 2971 1300 3047 expone
1319 2951 1497 3047 subtilius,
1515 2973 1605 3026 nove
1621 2974 1727 3046 manc,
1746 2955 1850 3048 idest,

678 3075 852 3169 novelle,
881 3074 968 3170 quia
1000 3074 1049 3148 de
1079 3093 1178 3148 novo
1211 3072 1341 3169 incipio
1375 3079 1527 3169 poetare
1563 3074 1610 3150 de
1645 3095 1736 3150 vero
1773 3075 1850 3149 lieo

678 3202 830 3289 aeterno,
856 3215 931 3270 non
955 3194 1002 3270 de
1033 3194 1112 3269 aliis
1125 3185 1162 3286 (¹)
1189 3193 1369 3290 gentium,
1399 3193 1493 3268 sicut
1519 3195 1686 3270 fecerunt
1710 3195 1850 3290 antiqui

678 3323 808 3412 poetae,
825 3314 901 3409 qui,
929 3320 1021 3389 teste
1044 3313 1249 3422 Aristotele,
1269 3315 1421 3390 fuerunt
1437 3315 1545 3411 primi
1565 3315 1851 3411 theologizantes

678 3436 726 3510 de
748 3435 827 3510 diis.
841 3475 891 3488 -
910 3437 972 3508 Voi
994 3437 1090 3508 alti.
1116 3436 1221 3509 Nunc
1246 3440 1354 3530 pocla
1371 3435 1500 3509 invitat
1516 3443 1708 3530 provectos
1733 3442 1771 3511 et
1794 3437 1852 3509 in-

678 3555 882 3653 telligentes
906 3555 953 3630 ad
978 3554 1141 3629 studium
1170 3555 1280 3630 liuius
1301 3554 1397 3649 libri3
1417 3555 1516 3631 unde
1534 3555 1695 3653 dirigens
1711 3575 1853 3631 sermo-

681 3694 768 3752 nem
798 3674 848 3749 ad
879 3695 944 3750 eus
974 3675 1079 3749 dicit:
1114 3679 1174 3748 Vol
1198 3677 1283 3748 atat
1311 3677 1423 3768 poctt
1457 3677 1558 3750 Bene
1588 3675 1673 3750 dicit
1682 3665 1732 3770 (³),
1765 3676 1852 3770 quia

637 3809 642 3818 ·
680 3794 861 3890 sapientes
895 3802 980 3868 sunt
1013 3795 1136 3890 pauci,
1169 3794 1245 3868 imo
1278 3793 1498 3890 paucissimi,
1531 3797 1590 3868 cle
1623 3797 1855 3870 maurili

681 3920 784 4008 cotto,
802 3915 905 4010 idest,
921 3923 1032 4011 caput
1052 3915 1090 3988 in
1107 3916 1237 4009 altum,
1255 3918 1295 3989 ot
1315 3935 1390 4008 pun
1414 3917 1507 4007 depli
1530 3919 1658 4008 capeti,
1680 3915 1782 4010 idest,
1805 3916 1852 3990 ad

681 4036 886 4111 doctrinam
923 4035 1055 4109 divinae
1093 4035 1253 4110 scientim
1274 4023 1324 4130 (⁴),
1359 4056 1443 4129 quae
1476 4036 1610 4131 scripta
1643 4043 1700 4112 est
1734 4037 1853 4111 mani-

680 4157 751 4231 hus
770 4155 955 4253 angelicis,
983 4162 1025 4230 nt
1057 4155 1135 4251 ipsc
1166 4162 1274 4251 poeta
1300 4155 1442 4251 scripsit
1467 4157 1674 4252 Purgaton'i
1699 4157 1852 4251 cantica,

680 4277 739 4350 det
760 4279 847 4368 punt
877 4277 983 4348 moesi
1006 4278 1077 4368 qut,
1107 4275 1209 4369 idest,
1236 4274 1397 4370 pascitur
1425 4275 1462 4350 in
1492 4276 1561 4351 isto
1586 4276 1726 4352 mundo
1752 4297 1855 4353 mor-

680 4395 757 4489 tali,
783 4413 844 4468 mu
875 4415 949 4468 non
976 4415 1039 4467 serr
1063 4398 1142 4468 vien
1165 4398 1307 4487 cundo,
1332 4394 1435 4490 idest,
1461 4416 1536 4472 non
1565 4395 1612 4472 ad
1636 4397 1854 4492 satietatem,

680 4515 769 4608 quia
794 4536 868 4589 non
893 4514 1082 4608 quietatur
1106 4515 1252 4590 animus
1278 4516 1464 4592 humanus
1492 4517 1530 4590 in
1555 4516 1623 4590 istu
1648 4517 1733 4592 vita.
1759 4519 1853 4593 Nam
1882 4555 1883 4558 κ

680 4637 727 4712 de
753 4636 807 4712 rei
832 4636 988 4711 veritate
1013 4655 1103 4710 vera
1128 4635 1278 4712 felicitas
1303 4656 1378 4712 non
1402 4637 1561 4712 habetur
1585 4637 1681 4713 inter
1705 4645 1760 4716 tot
1785 4639 1856 4712 mi·

681 4756 796 4831 serias
820 4756 1018 4831 humanas:
1036 4762 1103 4830 ant
1129 4756 1226 4832 enim
1245 4758 1357 4832 homo
1377 4757 1478 4851 punit
1494 4757 1703 4834 felicitatem
1721 4760 1758 4832 in
1776 4759 1853 4834 for-

680 4917 684 4924 *
746 4943 773 5004 (¹)
789 4944 819 4994 n.
835 4959 935 4995 arcum.
1247 4946 1275 5010 (¹)
1290 4946 1321 4996 lt.
1335 4960 1388 4998 non
1403 4947 1437 4998 dn
1453 4948 1501 5000 dila
1516 4949 1641 5013 gentium.

746 5019 773 5083 (Ἰ
788 5019 819 5071 R.
835 5020 898 5072 dlclt
909 5023 993 5086 poelt,
1008 5023 1079 5088 quin
1246 5021 1274 5086 ζ’)
1289 5022 1320 5074 n.
1337 5023 1477 5088 inpunita,
1493 5037 1539 5076 ann
1555 5025 1678 5076 acbatis.
