4342 6692
756 901 895 957 murus
919 900 1086 967 nunnus.
1431 886 1502 955 lttt

327 1050 488 1127 rendum
514 1056 552 1125 et
579 1055 679 1125 reete
706 1047 895 1143 agendum
928 1046 1055 1121 datum
1090 1053 1145 1122 est
1175 1047 1312 1122 lronrini
1343 1046 1500 1123 liberum
1639 1042 1644 1047 ’

327 1170 525 1247 adunatis
549 1168 756 1245 arbitrium.
783 1168 910 1245 Melior
935 1168 1033 1243 enirn
1060 1169 1172 1243 homo
1197 1173 1253 1243 est
1283 1168 1346 1263 qui
1373 1168 1503 1243 volun·

329 1297 403 1368 tate
428 1291 546 1388 magis
571 1310 684 1383 quam
711 1289 928 1365 nenessitate
952 1289 1071 1363 bonus
1095 1295 1160 1363 est.
1186 1288 1230 1365 Et
1255 1288 1358 1365 dieii:
1377 1290 1415 1363 di
1429 1292 1502 1381 eae,

328 1410 431 1505 idest,
457 1432 532 1505 qna
557 1409 726 1486 libertate
750 1408 902 1503 arbitrii,
928 1412 960 1482 te
982 1416 1144 1482 creature
1167 1408 1502 1503 patriospatrios,

329 1531 536 1624 solonates,
563 1530 658 1609 sieut
690 1530 812 1627 augeli
838 1536 875 1605 et
900 1530 1078 1624 homiues,
1103 1533 1188 1623 suro
1213 1552 1231 1601 e
1255 1551 1321 1603 soa
1345 1532 1504 1605 dmutee

329 1659 422 1742 otte,
440 1657 621 1744 quantum
638 1649 687 1725 ad
702 1650 900 1744 individua,
917 1672 936 1723 e
951 1652 1035 1742 sote,
1057 1656 1240 1743 quantum
1261 1650 1308 1724 ad
1330 1650 1503 1746 speeiem,

329 1772 424 1848 sieut
446 1792 471 1847 a
496 1771 614 1867 simili,
644 1770 676 1845 si
707 1770 788 1846 dieo
823 1789 953 1845 omnes
982 1768 1149 1844 homiues
1180 1776 1266 1843 sunt
1296 1770 1502 1865 rationales,

329 1890 432 1987 idest,
456 1893 535 1967 solu
561 1892 699 1987 speeies
724 1892 887 1965 humana
912 1890 1008 1965 inter
1025 1888 1198 1965 animalia
1225 1896 1280 1965 est
1306 1889 1502 1965 rationalis
1569 1933 1573 1939 ·

330 2052 379 2065 -
396 2017 458 2087 Or.
485 2012 551 2086 Hic
575 2010 723 2087 Bealrix
754 2010 942 2107 praemisso
971 2031 1047 2083 uno
1078 2009 1317 2084 fundamento
1347 2010 1504 2085 ostendit

330 2133 440 2225 quale
464 2131 597 2207 debeat
621 2151 703 2206 esse
722 2137 854 2205 votum
871 2130 1087 2225 perlectum.
1105 2128 1159 2203 lu
1176 2128 1281 2203 cuius
1299 2129 1504 2227 intelligen-

330 2252 418 2345 tiam
445 2257 589 2347 oportet
614 2257 821 2347 praenotare
845 2250 945 2345 quod
971 2256 1099 2325 votum
1133 2256 1187 2324 est
1217 2250 1321 2344 quasi
1354 2250 1504 2343 quidam

330 2378 543 2447 contractus
561 2390 636 2465 quo
655 2371 767 2445 homo
783 2371 979 2467 paciscitur
991 2390 1078 2444 oum
1098 2371 1184 2445 Deo.
1203 2370 1256 2444 Ad
1274 2376 1504 2445 contractum

331 2497 457 2566 autem
472 2490 574 2585 juste
590 2490 851 2565 celebrandum
871 2491 1114 2585 requiruntur
1128 2490 1255 2585 multa,
1270 2489 1404 2565 seilicet
1421 2510 1506 2586 pern

334 2631 434 2685 sonae
448 2610 758 2705 contrahentium,
775 2631 834 2685 res
850 2631 963 2707 super
979 2630 1054 2705 qua
1070 2608 1111 2683 tlt
1127 2616 1348 2702 contractus,
1366 2616 1403 2684 et
1421 2630 1506 2683 mu-

334 2740 422 2807 tuus
438 2752 647 2807 consensus.
663 2731 768 2805 Modo
784 2730 831 2805 ad
848 2732 1072 2827 propositum
1091 2730 1128 2804 in
1148 2736 1234 2804 roto
1252 2730 1508 2805 contrahentes

334 2858 420 2927 sunt
444 2852 543 2927 Deus
575 2858 613 2927 et
646 2852 782 2946 hom03
816 2872 877 2927 res
902 2857 1090 2927 contracta
1117 2857 1172 2926 est
1188 2844 1225 2944 (¹)
1249 2850 1507 2947 peregrinatio,

330 2971 512 3067 ieiunium
541 2978 578 3047 et
606 2972 756 3067 similia,
787 2978 825 3047 et
857 2992 1056 3048 cousensus
1087 2972 1152 3047 llei
1181 2979 1219 3047 et
1251 2971 1407 3045 hominis
1440 2992 1507 3047 ne-

334 3092 492 3169 cessario
523 3091 736 3187 requiritur.
763 3084 860 3185 Etr)
888 3099 928 3167 tu
953 3092 1076 3168 dices:
1108 3091 1296 3187 quomodo
1333 3092 1446 3167 sciam
1471 3092 1509 3167 -si

333 3214 433 3288 Dem
456 3212 660 3289 eonsentiti
686 3211 909 3307 respondeo:
936 3212 966 3286 si
986 3214 1129 3308 justum
1153 3220 1221 3307 est,
1237 3213 1331 3287 siout
1349 3213 1385 3286 in
1404 3221 1509 3310 puoto

334 3333 528 3427 temporali
544 3332 595 3407 ait
615 3338 763 3427 praetor,
785 3337 890 3427 pacta
913 3332 1070 3407 servabo
1095 3332 1192 3407 bona
1219 3333 1289 3408 lide
1314 3333 1409 3410 lacta
1436 3352 1508 3409 nou

334 3452 372 3527 lu
397 3453 578 3529 staulam.
604 3454 710 3528 Nunc
735 3453 782 3528 ad
807 3454 951 3528 literam
974 3453 1060 3528 dicit
1077 3453 1244 3528 Beatrir:
1268 3458 1320 3529 Or
1345 3458 1372 3528 ti
1392 3444 1511 3552 perard
1607 3474 1611 3481 ’

337 3578 440 3649 tutto
467 3578 571 3649 noar
595 3577 653 3649 det
676 3580 771 3666 voto,
788 3574 890 3671 idest,
909 3594 1044 3670 magna
1062 3574 1190 3670 virtus,
1210 3597 1248 3648 se
1264 3582 1299 3650 ta
1315 3578 1513 3669 orpomeatt

206 3692 210 3701 ’
338 3698 465 3789 maol,
490 3696 595 3790 idest,
619 3695 650 3768 si
676 3702 717 3769 tu
742 3694 869 3791 arguis
893 3696 940 3769 ab
966 3694 1034 3769 ista
1059 3695 1200 3770 arbitrii
1219 3697 1417 3791 voluntate,
1437 3692 1515 3770 see

336 3808 367 3889 ri
387 3820 490 3910 suto,
516 3816 620 3911 idest,
644 3822 721 3889 tam
745 3813 909 3911 legitime
925 3821 1170 3910 eontraetum,
1187 3818 1247 3889 rte
1263 3819 1332 3889 Dio
1349 3822 1513 3891 coemto

338 3938 481 4027 woodo
504 3942 541 4010 tu
565 3937 730 4029 amoeni,
760 3934 864 4029 idest,
892 3941 1058 4031 aceeptet
1087 3944 1216 4009 volum
1253 3942 1361 4010 tuum
1396 3952 1513 4009 exau-

338 4054 490 4150 ‹lieud03
516 4062 554 4130 et
578 4075 666 4131 eece
690 4055 896 4150 quomodo:
922 4052 985 4130 ete*
1007 4060 1139 4130 aalma
1156 4060 1259 4151 soret,
1277 4056 1380 4152 idest,
1401 4054 1514 4130 sacri-

340 4174 463 4249 lieium
492 4182 642 4273 gratum
679 4178 767 4271 Deo,
791 4179 830 4249 dt
861 4184 979 4269 quoto
1008 4184 1137 4269 tesoro,
1168 4177 1269 4273 idest,
1300 4197 1388 4251 caro
1417 4175 1514 4251 dono
1580 4246 1584 4253 .

338 4294 454 4371 libere
478 4297 601 4372 oblato
630 4298 718 4391 lleo,
745 4300 798 4370 tat
824 4299 910 4389 quar
934 4300 971 4371 to
1001 4300 1094 4389 dieo,
1119 4297 1319 4373 dedicando
1350 4304 1512 4373 mentem

339 4416 415 4493 Deo
440 4422 478 4493 et
502 4416 697 4515 obligando
722 4438 764 4493 se
788 4424 919 4513 sponte
947 4416 1016 4513 illi;
1043 4417 1142 4493 nude
1171 4418 1275 4493 dicit:
1302 4438 1322 4492 a
1347 4422 1438 4514 sossi
1456 4422 1518 4493 'rot

338 4560 403 4613 suo
425 4546 512 4629 utto,
528 4538 631 4633 idest,
652 4559 739 4613 cum
760 4544 848 4613 actu
865 4537 977 4633 ipsius
997 4539 1194 4613 voluntatis
1215 4539 1351 4634 liberae,
1369 4542 1427 4613 net
1437 4544 1515 4635 ser-

339 4680 421 4732 mur
442 4660 472 4733 it
489 4666 604 4752 putto,
628 4659 731 4753 idest,
758 4665 900 4754 votnm,
919 4667 977 4732 tro
993 4663 1063 4734 Dio
1084 4681 1103 4732 e
1128 4663 1150 4734 t'
1162 4682 1277 4735 aomo.
1292 4702 1342 4717 —
1355 4667 1513 4756 Duraque.

339 4778 405 4854 llio
431 4779 560 4855 ultimo
584 4779 732 4857 Beatrix
758 4800 806 4857 ex
832 4779 1027 4875 praemissis
1052 4781 1150 4856 elicit
1174 4803 1281 4857 suam
1312 4784 1516 4860 conclusio-

403 4965 431 5027 (Ἴ
447 4966 478 5017 E.
495 4973 535 5018 est
551 4974 581 5019 ut
597 4970 779 5033 peregrinatio,
792 4968 930 5033 ieiunium,
947 4970 1106 5021 coutinentia
1121 4976 1149 5021 et
1164 4971 1266 5023 nmilia.

404 5040 433 5106 (Ἴ
448 5043 479 5095 Β.
494 5044 539 5095 sed
556 5051 585 5097 tu
601 5046 679 5098 (ΙΙοω.
894 5072 897 5075 ·
