4342 6692
654 878 791 935 caurus
816 878 1007 937 meusium
1032 879 1174 935 saurus.
1427 870 1494 941 tto

327 1024 450 1119 incipit
471 1022 640 1105 occidens
664 1022 935 1117 abquantulum
953 1022 1098 1099 albere:
1118 1031 1155 1098 et
1171 1024 1242 1100 boc
1259 1026 1414 1101 iaciebat
1431 1028 1500 1121 sol,

327 1151 458 1227 mente
482 1145 542 1219 cire
565 1135 596 1219 st
620 1164 658 1221 oc
682 1146 717 1219 π’
730 1146 910 1219 madenam
925 1164 995 1235 per
1019 1146 1041 1216 l'
1053 1147 1147 1234 orto,
1166 1145 1267 1239 idest,
1286 1148 1502 1223 extremita-

327 1272 404 1341 tem
437 1264 520 1359 riae,
552 1285 623 1337 uno
655 1268 803 1343 innanzi
830 1268 939 1357 ultro,
982 1264 1129 1359 scilicet,
1164 1266 1336 1362 Virgilius
1370 1268 1501 1363 primo,

328 1386 459 1469 deinde
483 1384 629 1480 Statius,
653 1385 761 1461 tertio
786 1386 932 1481 Dantes,
959 1384 1085 1461 soliciti
1111 1385 1211 1461 eirca
1236 1386 1353 1482 riam;
1371 1387 1502 1464 *uude

330 1506 434 1583 dicit:
459 1508 487 1589 il
509 1506 601 1581 buon
627 1512 791 1597 moeson,
809 1505 956 1599 scilicet,
974 1504 1156 1601 Virgilius,
1175 1507 1239 1602 qui
1265 1508 1360 1583 bene
1385 1508 1499 1583 duce·

331 1628 393 1709 bat
418 1646 505 1703 eum
532 1634 698 1721 portam
725 1625 968 1721 periculosam
999 1619 1195 1720 viam*(¹),
1221 1628 1343 1701 ἀίοευα
1366 1649 1499 1720 spesso,

331 1748 521 1829 reflectens
546 1767 586 1823 se
611 1767 741 1823 remus
766 1767 848 1841 me;
872 1750 1028 1838 guarda,
1054 1746 1201 1842 scilicet,
1227 1749 1414 1843 quomodo
1436 1769 1501 1825 ve-

331 1868 421 1962 nias,
438 1874 475 1945 et
500 1887 591 1943 cave
616 1866 681 1941 tibi
703 1866 751 1941 ab
776 1866 871 1963 igue.
889 1867 933 1941 Et
949 1866 1052 1942 dicit:
1070 1870 1172 1958 pioni
1185 1869 1236 1941 clr’
1249 1872 1284 1941 io
1304 1871 1329 1941 ti
1347 1872 1501 1963 scolb05

331 1987 435 2083 quasi
458 1986 574 2066 dicat:
593 1987 713 2063 valcat
738 1985 801 2060 tibi
827 1987 925 2081 quod
942 2008 1012 2084 ego
1037 1988 1105 2062 leci
1119 1989 1199 2083 jam
1217 1994 1255 2063 te
1271 1996 1499 2084 praecautum

331 2114 367 2183 et
391 2106 594 2183 scaltritum
622 2106 719 2181 circa
745 2106 841 2181 istud
867 2106 947 2181 iter.
973 2109 1017 2179 Et
1043 2106 1101 2181 bie
1125 2115 1222 2202 nota,
1249 2110 1376 2203 lector,
1400 2108 1500 2203 quod

331 2226 501 2323 Virgilius
526 2226 732 2303 necessario
758 2226 889 2320 repetit
921 2226 978 2300 bic
991 2218 1030 2319 (²)
1066 2228 1206 2303 bonum
1236 2228 1500 2304 documentum

331 2368 454 2440 suum,
480 2345 567 2440 quia
592 2346 726 2421 Dantes
752 2366 824 2420 non
849 2353 992 2442 poterat
1018 2336 1182 2442 lacilit'er,
1205 2368 1326 2443 neque
1345 2350 1417 2423 cito
1442 2368 1503 2424 re-

333 2468 428 2543 trahi
452 2466 500 2541 ab
525 2466 595 2541 isto
620 2466 724 2564 igue,
755 2487 840 2540 nam
872 2466 1051 2542 luxuriosi
1082 2468 1218 2542 babent
1249 2469 1504 2543 excusationes

332 2609 417 2666 suas
442 2606 588 2683 semper
613 2593 768 2684 paratas.
796 2586 929 2661 Dicunt
957 2587 1056 2663 enim
1086 2588 1186 2682 quod
1212 2588 1281 2662 viri
1305 2588 1503 2680 fortissimi,

333 2708 586 2805 sapientissimi
610 2715 648 2783 et
673 2706 887 2783 sanctissimi
913 2707 1009 2781 istud
1035 2708 1164 2782 vitium
1194 2708 1312 2783 vitare
1336 2729 1411 2783 non
1436 2728 1504 2803 po-

334 2835 498 2923 tuerunt,
515 2827 603 2921 quia
623 2828 771 2902 lururla
789 2826 898 2901 ludus
914 2833 969 2903 est
981 2827 1197 2923 juventutis,
1216 2834 1409 2922 peccatum
1429 2848 1503 2902 non

334 2948 482 3023 malitim
511 2946 575 3025 sed
608 2952 773 3041 naturae3
803 2946 885 3021 ideo
914 2952 1060 3021 aetalem
1087 2946 1287 3022 relraenare
1317 2968 1391 3021 non
1418 2968 1503 3042 pos-

333 3074 436 3161 sunt3
462 3067 526 3142 sed
551 3066 694 3162 sapiens
711 3066 882 3163 Virgilius
898 3066 1001 3141 dicit:
1020 3067 1210 3141 considera
1232 3066 1418 3162 vilitatem,
1436 3068 1504 3142 ob-

334 3186 560 3281 scenitatem,
575 3186 804 3281 brevitatem,
818 3185 929 3261 linem
946 3186 1048 3261 istius
1067 3186 1141 3261 vitii
1155 3176 1203 3278 (³).
1217 3186 1380 3261 Luxuria
1403 3187 1500 3261 euim

333 3308 415 3403 plus
432 3306 574 3382 caeteris
591 3306 685 3381 vitiis
703 3306 814 3381 loedat
829 3326 975 3401 corpus,
993 3306 1145 3381 infamat
1162 3313 1199 3381 et
1216 3307 1359 3381 breviat
1377 3308 1501 3402 vitam,

333 3433 371 3511 et
395 3427 425 3501 si
450 3427 497 3504 ad
513 3434 741 3503 senectutem
768 3427 991 3521 luxuriosus,
1011 3426 1110 3520 quod
1130 3446 1326 3522 perrarum
1352 3434 1418 3520 est,
1438 3446 1504 3501 ve-

334 3546 420 3641 niat,
441 3546 537 3623 male
559 3566 757 3641 expensam
776 3545 880 3621 tarde
897 3546 1137 3640 conqueritur
1150 3546 1398 3640 juventutem,
1417 3567 1503 3621 cum

334 3665 491 3761 amplius
517 3665 655 3743 resumi
681 3686 753 3743 non
779 3672 908 3761 potest.
922 3672 1031 3740 -Et
1052 3670 1097 3739 io.
1116 3666 1181 3740 llic
1202 3672 1309 3761 poeta
1333 3667 1505 3741 describit

335 3786 492 3881 primam
517 3785 634 3860 aciem
661 3785 927 3862 luxuriantium
954 3791 1081 3859 contra
1108 3792 1301 3880 naturam;
1322 3792 1360 3861 el
1384 3786 1505 3880 primo

335 3906 490 3983 ostendit
515 3906 701 4001 quomodo
725 3906 774 3979 illi
799 3904 1056 4001 perpenderint
1079 3904 1127 3979 de
1156 3926 1213 3999 eo,
1240 3906 1338 3999 quod
1354 3895 1391 3998 (⁴)
1424 3913 1505 3981 erat

336 4048 422 4103 oum
448 4046 604 4123 corpore
628 4026 774 4118 vireus3
802 4026 899 4101 unde
922 4024 1023 4099 dicit:
1050 4032 1083 4098 et
1106 4029 1141 4098 to
1169 4030 1273 4119 facea
1298 4029 1335 4099 lc
1355 4028 1504 4118 fiommo

330 4168 445 4240 parer
468 4142 532 4240 pti
565 4149 711 4237 mona,
739 4146 842 4240 idest,
874 4144 990 4241 magis
1020 4144 1173 4238 tristem,
1205 4144 1291 4238 quia
1324 4144 1503 4219 faciebam

337 4267 453 4363 ipsam
492 4266 608 4363 magis
644 4267 852 4360 obscuram,
882 4286 949 4339 con
977 4266 1154 4357 lombro,
1178 4264 1314 4339 scilicet
1342 4264 1506 4359 corporis

337 4388 422 4482 mei,
451 4388 498 4463 de
522 4406 597 4482 quo
622 4392 815 4481 ooeperuut
844 4385 1018 4461 admirari
1043 4385 1187 4460 animae.
1218 4385 1320 4460 Unde
1348 4385 1456 4459 dicit:
1487 4408 1507 4459 e

338 4512 408 4589 otii
418 4511 454 4581 io
479 4509 580 4583 nnio
604 4506 736 4596 ombre,
760 4505 862 4599 idest,
887 4504 1028 4581 animas
1055 4513 1302 4599 mortuorum,
1319 4508 1505 4598 cadendo,

338 4650 404 4725 par
429 4628 567 4725 iguem,
587 4648 659 4719 por
684 4633 794 4699 monte
814 4645 886 4718 par
911 4646 935 4697 a
960 4632 1056 4699 moto
1080 4628 1224 4719 indizio,
1259 4624 1362 4719 idest,
1387 4625 1506 4699 solum

401 4858 428 4921 (¹)
444 4858 480 4907 Le
496 4858 585 4921 parole
602 4858 641 4909 ira
657 4860 666 4909 i
682 4859 732 4909 due
749 4858 879 4909 asteriscbi
896 4870 942 4907 son
958 4857 1069 4921 supplite
1086 4856 1237 4908 dulcedine
1256 4860 1311 4908 lli.

402 4934 429 4997 ζ’)
447 4934 476 4985 Ε.
493 4935 543 4985 boo
559 4934 665 4987 bonum.
860 4933 886 4997 (⁸)
903 4934 933 4985 E.
950 4934 1018 4986 vitii:
1035 4934 1114 4986 lmdat
1130 4948 1233 4998 corpus.

404 5008 432 5071 (¹1
448 5014 494 5061 ll'!
509 5024 525 5062 e
541 5010 572 5063 Ε.
588 5012 647 5075 quin
663 5016 728 5063 erat.
