4342 6692
664 870 802 927 caurus
827 872 1018 926 ueneratus
1043 848 1187 927 ssx'rus.
1431 859 1500 926 129

330 1018 359 1089 s'
371 1018 477 1089 inlesa
501 1018 661 1089 citamur
685 1018 823 1108 rapina,
849 1016 936 1111 quia
964 1035 1069 1090 rnore
1100 1016 1264 1091 mulieris
1292 1036 1420 1111 passus
1445 1025 1502 1091 est

331 1142 512 1230 stuprum,
537 1140 663 1208 contra
687 1156 737 1225 se,
763 1135 910 1229 scilicet,
935 1157 957 1209 a
983 1135 1158 1210 militibus
1176 1136 1263 1211 suis.
1282 1138 1327 1211 Et
1342 1135 1502 1233 assignat

330 1276 480 1330 causam
507 1274 625 1349 quare
651 1255 707 1329 isti
728 1256 940 1332 recedentes
956 1256 1008 1331 sic
1028 1258 1237 1332 clamabant
1257 1258 1397 1332 dicens:
1413 1248 1502 1349 perd

329 1378 363 1448 si
369 1382 504 1468 partun
520 1376 699 1465 midundu
717 1378 872 1449 Sodoma
884 1380 1182 1469 rimprovcrnndo
1199 1398 1224 1450 u
1242 1399 1293 1468 se,
1310 1375 1412 1470 idest,
1431 1376 1502 1447 im·

332 1500 569 1590 properantes
601 1494 667 1568 sibi
697 1494 792 1590 ipsis,
818 1499 974 1570 cnm’ltui
997 1500 1107 1590 aditu
1132 1505 1166 1571 et
1188 1500 1310 1571 anna
1334 1501 1502 1571 rar-sara

333 1616 587 1705 ragamunde
593 1640 608 1707 ;
633 1614 739 1709 quasi
763 1614 869 1711 dicat,
889 1616 988 1711 quod
1008 1618 1121 1691 ardor
1137 1616 1368 1692 verecundia
1388 1622 1502 1712 auget

332 1734 386 1809 eis
410 1733 582 1809 ardorem
609 1734 712 1831 ignis,
738 1734 837 1809 unde
863 1737 1117 1811 erubescentia
1146 1743 1202 1811 est
1230 1736 1283 1811 eis
1313 1756 1447 1833 magna
1464 1728 1501 1827 (⁴)

332 1873 417 1949 pars
442 1872 571 1948 poenae.
586 1858 788 1928 -Nostrn
814 1855 878 1930 llic
895 1855 1013 1931 Guido
1033 1855 1240 1931 manifestat
1264 1862 1402 1931 sectarn
1427 1855 1501 1950 pri-

333 1994 431 2047 mam
458 1972 496 2046 in
521 1994 596 2068 qua
620 1972 697 2070 ipse
722 1981 813 2068 erat,
830 1982 868 2051 et
888 1975 1033 2051 videtur
1053 1977 1176 2052 dicere
1200 1977 1299 2071 quud
1324 1996 1501 2072 peccave·

331 2099 420 2168 runt
449 2099 576 2169 contra
610 2095 780 2169 naturam
811 2096 955 2191 agendo
985 2103 1022 2171 et
1052 2097 1230 2192 patiendo.
1263 2097 1339 2172 lluc
1373 2101 1499 2171 autem

331 2212 416 2289 dicit
441 2214 510 2288 sub
537 2212 688 2289 bunestu
714 2214 895 2289 velamine
913 2216 1126 2310 verborum,
1144 2216 1238 2290 sicut
1249 2216 1328 2311 J'am
1356 2216 1438 2291 lecit
1454 2214 1501 2290 de

262 2388 265 2395 .
330 2334 528 2431 predictis:
556 2340 594 2409 et
618 2334 878 2409 sententialiter
896 2334 1041 2410 videtur
1063 2336 1186 2412 dicere
1206 2336 1305 2430 quud
1322 2355 1501 2431 peccave-

331 2459 418 2529 runt
442 2454 592 2551 gravius
617 2474 730 2548 quam
757 2453 806 2527 illi
832 2454 878 2530 de
909 2454 979 2529 alia
1011 2460 1122 2549 secta,
1148 2454 1234 2550 quia
1264 2455 1314 2529 illi
1338 2453 1501 2529 offende-

332 2583 420 2650 runt
444 2579 614 2648 naturam
648 2594 724 2648 uuo
755 2573 876 2669 mode
903 2575 961 2650 vel
993 2575 1136 2671 agendo
1169 2581 1325 2671 autum,
1352 2576 1409 2651 vel
1435 2594 1502 2669 pa-

332 2693 452 2769 tiendo
472 2699 629 2789 tantum3
643 2694 699 2769 isti
713 2715 803 2769 vero
821 2700 981 2790 utroque
998 2695 1118 2769 medo.
1136 2695 1229 2769 Dicit
1245 2716 1352 2792 ergo:
1372 2700 1502 2769 Nostro

328 2822 469 2908 peccatu
482 2817 524 2909 fu
541 2818 780 2910 ermasruditc.
799 2816 854 2889 dd
866 2815 965 2910 quud
982 2822 1067 2889 nuta
1086 2815 1185 2910 quud
1202 2815 1499 2911 hermaphrodita

332 2938 486 3008 vocatur
512 2956 533 3009 a
558 2935 673 3030 poetis
699 2934 758 3009 ille
784 2934 846 3029 qui
873 2935 983 3009 babet
1009 2942 1212 3030 utrumque
1233 2955 1377 3030 sexum,
1404 2935 1501 3009 scili·

332 3059 401 3147 eet,
424 3054 664 3129 masculinum
692 3060 730 3129 et
754 3054 1002 3148 flamininum,
1029 3054 1092 3129 sed
1118 3055 1148 3128 si
1175 3053 1292 3151 magis
1317 3054 1501 3129 incalescit

330 3172 368 3247 in
394 3172 594 3249 masculino
611 3180 783 3249 censetur
801 3174 1003 3268 masculus3
1021 3173 1106 3247 siin
1123 3171 1311 3247 ioemininn
1328 3174 1499 3265 loemina3

330 3295 429 3370 unde
454 3295 484 3369 si
510 3294 591 3389 quis
616 3300 743 3370 utatur
769 3301 927 3389 utroque
948 3296 1103 3390 jubetur
1129 3286 1339 3385 cremari(‘)
1359 3315 1427 3389 per
1446 3294 1501 3369 le-

329 3435 405 3512 ges.
424 3416 529 3491 Modo
546 3414 843 3511 hermaphrodita
860 3414 1064 3511 appellatur
1082 3414 1140 3488 bic
1158 3415 1423 3510 transumptive
1439 3415 1503 3490 ille

330 3536 393 3630 qui
418 3535 494 3631 agit
518 3541 555 3609 et
584 3535 720 3630 patitur
751 3534 920 3628 indebite,
946 3542 983 3609 et
1016 3534 1127 3610 talem
1159 3540 1267 3610 vocat
1291 3534 1500 3629 bestialem3

331 3655 428 3731 unde
453 3655 553 3730 dicit:
581 3677 641 3729 ma
663 3651 790 3748 percbd
813 3675 882 3728 non
908 3675 1107 3728 sauammu
1129 3676 1261 3729 tamnu
1284 3656 1394 3749 lappe,
1415 3676 1500 3749 quae

331 3776 410 3850 vult
434 3772 534 3869 quud
560 3775 718 3849 masculi·
736 3781 848 3871 agant
872 3778 909 3849 et
927 3774 1089 3871 gignant,
1110 3780 1148 3849 et
1168 3773 1341 3850 mulieres
1358 3775 1501 3871 patian-

331 3900 403 3989 tur,
430 3894 644 3989 cuncipiant,
669 3899 706 3969 et
731 3894 884 3990 pariant,
909 3897 1083 3985 sequendo
1109 3915 1204 3967 conae
1224 3897 1332 3969 bestia
1356 3898 1380 3968 l’
1392 3917 1501 3989 appe-

332 4017 404 4107 aa,
429 4014 507 4088 sine
534 4014 673 4089 ratione
698 4015 871 4107 bumana,
896 4035 962 4106 per
986 4018 1047 4087 noi
1070 4016 1102 4086 si
1126 4016 1224 4105 [eppe
1251 4018 1289 4087 in
1313 4016 1502 4089 οῠὸνοῠνίο

332 4137 369 4209 di
384 4138 445 4212 nui
460 4136 602 4226 amado
621 4138 822 4228 purliamci,
849 4134 996 4226 scilicet,
1021 4134 1068 4208 ab
1093 4133 1172 4207 aliis
1196 4133 1347 4209 alterius
1379 4142 1499 4228 sectae,

331 4257 359 4329 il
381 4275 482 4329 nome
505 4258 544 4329 di
566 4258 663 4349 cola,
681 4255 825 4349 scilicet,
852 4255 1056 4350 Pasiphaes,
1076 4260 1118 4327 ut
1148 4253 1265 4349 patuit
1289 4274 1414 4350 supra,
1439 4257 1500 4328 cite

328 4368 535 4468 camara,
560 4376 696 4451 iaciens
720 4397 761 4452 se
790 4396 954 4469 vaccam,
973 4374 1093 4449 *nelle
1121 4374 1310 4448 imbestinte
1333 4378 1498 4468 scbcppe5

330 4500 524 4591 quaesunt
549 4498 662 4572 stellae
687 4496 883 4594 lignorum,
910 4494 995 4589 quia
1022 4494 1172 4570 intravit
1191 4514 1342 4569 racmm
1356 4492 1377 4537 *
1392 4486 1428 4587 (⁸)
1455 4495 1499 4568 li-

328 4636 475 4714 gueam.
497 4616 542 4689 Et
557 4616 693 4690 Plinius
710 4616 794 4691 dicit
811 4614 909 4710 quod
926 4614 1139 4690 Semiramis
1155 4613 1340 4689 adamavit
1357 4634 1497 4709 equum

330 4734 514 4830 usquead
535 4735 697 4811 unitum:
729 4742 766 4810 et
792 4734 884 4809 sorte
910 4736 979 4809 sub
1005 4735 1152 4810 nomine
1177 4732 1372 4828 Pasiphaes
1390 4741 1498 4831 poeta

393 4922 420 4986 dl
437 4922 468 4975 B·
484 4923 605 4973 mrum·
872 4918 900 4984 (¹)
916 4922 947 4972 a.
963 4922 1092 4973 amnui.

395 4999 422 5061 l'l
437 5000 474 5051 Le
489 5000 579 5064 parole
595 4998 636 5051 rra
651 5001 659 5052 l
675 5000 726 5051 due
741 5000 873 5051 urmbchl
889 5012 936 5050 son
951 4998 1063 5063 supplltc
1078 4998 1120 5049 dai
1136 4997 1223 5049 Codici
1238 4997 1347 5049 liutem
1362 5010 1378 5047 c
1395 5000 1449 5047 tlt.

468 5107 506 5151 lv.
1356 5105 1369 5147 Β
