4342 6692
691 883 739 951 88
1053 892 1259 947 consonum
1284 892 1505 946 runcaronn

690 1039 785 1114 illius
811 1036 921 1135 vocis,
948 1039 1044 1114 sicut
1067 1038 1204 1113 fecerat
1220 1037 1266 1113 ad
1288 1041 1486 1131 utramque
1503 1037 1691 1134 arborem,
1707 1038 1772 1115 sod
1789 1060 1862 1115 non

691 1156 840 1255 frustra,
868 1159 954 1255 quia
980 1158 1028 1234 ibi
1054 1159 1141 1232 nibil
1166 1158 1264 1253 vidit,
1283 1158 1341 1233 bic
1358 1177 1449 1233 vero
1465 1178 1547 1233 rem
1565 1158 1745 1254 nobilem,
1765 1159 1863 1235 unde

642 1324 645 1329 ,
690 1280 792 1355 dicit:
819 1303 838 1353 e
861 1282 1033 1373 piammoi
1056 1300 1128 1353 uon
1151 1276 1184 1352 si
1207 1282 1330 1352 videm
1347 1280 1386 1351 in
1399 1272 1561 1372 fornace,
1577 1278 1670 1375 ignis
1690 1278 1863 1374 ardentio,

692 1400 781 1474 vetii
804 1422 823 1473 c
847 1402 976 1474 mctalli
999 1392 1029 1473 si
1054 1401 1179 1473 lucenti
1201 1420 1220 1471 c
1243 1400 1501 1488 rossi-comio
1522 1400 1594 1473 vidi
1612 1419 1683 1492 uo,·
1704 1398 1763 1473 bic
1782 1406 1864 1474 'erat

693 1522 848 1617 angelus
869 1520 1152 1614 lucentissimus,
1168 1518 1444 1595 ardentissimus
1462 1519 1604 1593 ratione
1620 1538 1778 1593 summae
1794 1540 1864 1614 pu·

694 1641 809 1715 nitatis
835 1648 872 1715 et
898 1641 1168 1737 perfectissimae
1193 1638 1365 1734 caritatis,
1390 1642 1450 1713 cte
1473 1643 1594 1714 dicem
1609 1644 1676 1713 s'a
1693 1644 1864 1734 volpium

694 1764 896 1835 montorio
927 1782 981 1854 sn,
1017 1767 1123 1835 erant
1153 1760 1251 1835 enim
1282 1760 1320 1833 in
1349 1760 1422 1834 fine
1452 1760 1545 1835 sexti
1576 1760 1716 1855 circuli,
1749 1764 1864 1854 puisi

693 1884 836 1955 convica
859 1883 932 1953 dar
956 1884 1072 1975 voltu;
1099 1880 1314 1955 ostendebat
1338 1880 1493 1976 angelus
1517 1880 1654 1953 scalam
1685 1900 1770 1975 quae
1793 1880 1865 1955 du-

692 1999 740 2075 cit
765 2000 809 2074 ad
837 2000 1034 2095 septimum
1062 2000 1267 2095 circulum,
1298 1998 1380 2073 ideo
1411 1998 1514 2074 dicit:
1539 2002 1655 2092 quinci
1681 2002 1714 2073 si
1742 2022 1789 2074 va
1811 2004 1866 2075 cti

693 2122 775 2194 not
804 2122 924 2193 undar
948 2142 1017 2214 per
1042 2140 1144 2213 pace,
1174 2118 1278 2213 idest,
1308 2118 1372 2212 qui
1410 2119 1543 2213 quaerit
1579 2119 1702 2195 lacere
1734 2140 1862 2215 paoem

693 2261 779 2314 cum
797 2240 885 2334 Deo,
904 2261 1015 2333 quem
1041 2239 1203 2333 offendit,
1221 2239 1332 2314 babet
1349 2239 1505 2315 transire
1529 2236 1596 2335 per
1620 2240 1719 2315 viam
1744 2240 1862 2315 istam.

692 2362 736 2434 Et
760 2360 881 2434 subdit
911 2360 1165 2435 excellentiam
1194 2358 1337 2434 ardoris
1365 2366 1404 2435 et
1432 2361 1633 2456 splendoris
1657 2362 1788 2458 angeli,
1809 2362 1865 2437 di-

693 2502 798 2557 cens:
825 2484 991 2573 tuspetto
1015 2502 1079 2555 suo
1104 2484 1149 2554 m'
1162 2500 1253 2553 uvea
1276 2484 1314 2553 to
1339 2484 1427 2555 autu
1447 2485 1545 2574 totto,
1576 2482 1671 2557 sicut
1694 2488 1863 2577 aspectus

694 2601 779 2677 solis
804 2602 926 2675 lacere
951 2600 1043 2675 solet
1067 2600 1222 2675 intuenti
1247 2600 1388 2695 ipsum,
1405 2599 1488 2675 ideo
1506 2602 1664 2676 recurrit
1688 2602 1735 2677 ad
1763 2602 1864 2677 relu-

692 2720 796 2817 gium
822 2741 949 2814 suum,
968 2719 1066 2794 unde
1086 2718 1188 2794 dicit:
1202 2722 1371 2812 perct'io
1395 2724 1444 2793 nti
1463 2724 1551 2795 vobi
1564 2725 1714 2796 indoao
1739 2724 1866 2796 o'mrci

693 2842 836 2930 dodum
860 2840 1007 2933 scilicet,
1033 2839 1080 2914 ad
1106 2839 1300 2936 Virgilium*
1328 2845 1367 2915 ot
1396 2838 1565 2936 Statium,
1591 2842 1695 2935 quasi
1720 2842 1862 2917 diceus:

693 2958 817 3035 audite
842 2959 930 3053 quid
949 2959 1035 3034 dicit
1054 2959 1123 3034 iste
1140 2959 1331 3034 mirabilis:
1349 2959 1529 3034 vadamus
1548 2980 1651 3055 ergo,
1668 2982 1763 3035 come
1781 2982 1864 3035 uom

575 3106 577 3111 ·
692 3081 752 3153 cte
768 3100 813 3155 oa
829 3084 979 3155 secondo
996 3083 1117 3172 cb’epti
1131 3083 1278 3172 ascella,
1295 3080 1397 3174 idest,
1415 3080 1510 3153 sicut
1525 3080 1629 3159 audit
1644 3101 1667 3155 a
1684 3081 1778 3157 duce
1795 3103 1863 3157 suo

693 3202 756 3295 qui
782 3202 877 3297 regit
902 3222 1003 3295 eum,
1020 3201 1079 3277 vel
1100 3200 1148 3275 ab
1172 3202 1304 3297 angelo
1322 3200 1385 3294 qui
1402 3198 1525 3297 dirigit
1545 3221 1633 3276 eum
1649 3202 1697 3276 ad
1713 3223 1861 3278 omnem

647 3350 649 3355 ·
692 3321 884 3396 circulum.
900 3327 994 3394 -Ε
1017 3324 1128 3414 quale.
1155 3322 1220 3396 llic
1246 3321 1375 3394 ultimo
1400 3326 1508 3415 poeta
1530 3319 1701 3396 describit
1725 3344 1864 3419 purga-

692 3442 830 3516 tionem
855 3443 988 3515 lactam
1003 3436 1041 3533 (¹)
1066 3441 1114 3515 ab
1138 3441 1271 3537 angelo
1295 3432 1370 3533 η’)
1397 3441 1484 3516 vitio
1507 3440 1617 3538 gulae,
1644 3443 1708 3536 qui
1734 3444 1863 3519 leviter

691 3562 829 3637 abrasit
853 3561 900 3636 ab
926 3582 979 3636 eo·
991 3568 1138 3636 sentum
1157 3568 1349 3656 peccatum
1367 3582 1434 3656 per
1451 3584 1566 3639 unam
1584 3563 1743 3639 nobilem
1760 3586 1865 3640 com-

693 3684 920 3781 parationem
944 3682 1045 3758 veuti
1070 3682 1172 3776 levis,
1190 3682 1255 3776 qui
1280 3682 1461 3757 transiens
1486 3703 1552 3778 per
1575 3703 1704 3760 aerem
1724 3705 1863 3780 purum

693 3812 731 3879 et
755 3804 875 3878 solum
900 3803 1022 3879 virens
1047 3802 1161 3900 spirat
1184 3799 1348 3878 suaviter
1364 3802 1402 3877 iu
1420 3803 1530 3878 iacies
1551 3804 1754 3878 bominum.
1772 3806 1865 3881 llicit

693 3944 804 4020 ergo:
829 3945 849 3995 e
874 3926 923 3996 mi
945 3926 1042 3995 seoti’
1055 3944 1103 3996 un
1128 3925 1179 3995 tul
1201 3929 1314 4015 vodo,
1340 3922 1561 4017 productum
1586 3942 1634 3997 ex
1666 3929 1769 3998 motu
1795 3944 1864 3998 au·

692 4044 764 4140 geli
790 4044 957 4136 volantis,
980 4045 1052 4116 dur
1070 4065 1140 4137 per
1164 4062 1288 4115 nwzza
1311 4044 1349 4115 lo
1370 4047 1501 4136 frunt,
1528 4049 1565 4118 et
1589 4042 1714 4119 delere
1734 4044 1864 4119 leviter

692 4186 811 4238 unum
846 4163 874 4238 P
906 4164 942 4238 in
976 4164 1036 4238 illa
1065 4164 1311 4257 ventilatione,
1344 4166 1447 4255 paule
1479 4166 1610 4237 tauro
1640 4166 1679 4237 di
1705 4166 1861 4255 mappic,

692 4284 796 4378 idest,
827 4290 959 4360 ventus
993 4284 1101 4379 mitis,
1135 4286 1397 4357 emundatrice
1418 4278 1522 4375 -dep'ti
1559 4284 1686 4377 dhon,
1716 4284 1863 4378 seilicet,

693 4404 900 4499 clarorum3
934 4406 1087 4477 muovesi
1115 4410 1148 4476 et
1182 4406 1319 4495 plezza,
1351 4402 1452 4498 idest,
1480 4402 1517 4478 iu
1546 4404 1697 4479 odorem
1730 4404 1863 4499 spirat:

693 4530 800 4615 auro,
828 4524 921 4618 dico,
957 4531 1042 4597 tutta
1069 4528 1293 4617 improprium
1322 4526 1406 4598 datr
1418 4525 1506 4599 erbo
1532 4547 1552 4597 e
1581 4527 1643 4598 dui
1671 4528 1769 4618 fiori,
1799 4545 1865 4620 per

692 4664 786 4739 quos
811 4643 950 4718 transit.
976 4644 1021 4716 Et
1045 4643 1149 4718 dicit:
1166 4666 1185 4717 c
1204 4644 1269 4716 ten
1287 4647 1538 4718 sentimuoocr
1554 4648 1592 4718 la
1605 4648 1743 4737 mama,
1760 4643 1863 4737 idest,

692 4784 852 4859 pennam
870 4764 1014 4837 alarum
1027 4762 1164 4860 angeli,
1179 4763 1286 4837 cuius
1303 4763 1523 4839 suavitatem
1539 4764 1651 4861 tangit
1668 4784 1735 4859 per
1750 4764 1861 4839 aliam

757 5025 785 5089 (¹)
803 5029 856 5086 ll'l,
873 5026 921 5075 sibi
937 5026 1040 5078 lactum.
1228 5024 1258 5090 (¹)
1273 5028 1304 5079 E.
1321 5028 1353 5077 de
1368 5028 1430 5079 vitio
1446 5027 1524 5093 gulo.
