4342 6692
752 890 892 947 caurus
915 893 1093 961 oumrus·
1427 858 1496 953 401

323 1034 427 1130 idest,
452 1033 654 1109 secundum
680 1036 780 1129 quod
804 1039 886 1133 ptus
918 1040 1117 1136 cognoscit,
1143 1033 1215 1114 cosi
1244 1044 1303 1115 net
1325 1024 1415 1115 bene
1433 1065 1500 1136 op-

318 1177 425 1251 prcso
449 1177 571 1230 muooe
585 1158 613 1229 u
624 1159 737 1249 pede,
764 1157 865 1253 idest,
891 1158 1123 1235 affectionem
1150 1161 1186 1236 in
1211 1161 1330 1257 ipsum
1358 1163 1498 1236 bonum

321 1277 522 1375 cognitum,
553 1276 640 1371 quia
672 1277 847 1351 continuo
877 1280 996 1375 magis
1025 1280 1139 1354 tendit
1170 1281 1208 1354 in
1240 1282 1368 1356 altum.
1384 1323 1433 1335 -
1449 1286 1498 1355 to.

320 1398 386 1473 iiic
412 1396 558 1471 Beatrix
583 1395 745 1472 declarat
770 1397 807 1471 in
833 1418 879 1473 eo
905 1400 1005 1493 quod
1029 1400 1130 1495 dixit,
1148 1400 1289 1477 dicens:
1315 1383 1357 1475 Io
1374 1405 1497 1493 neppio

322 1521 387 1593 ten
409 1511 440 1592 si
463 1538 560 1591 come
583 1508 645 1610 ptd
668 1520 844 1611 risplende
868 1523 947 1594 nett'
959 1524 1120 1596 uectem
1145 1528 1203 1595 tuo
1228 1525 1384 1597 ictcrou
1410 1526 1497 1614 lucc,

323 1640 468 1735 scilicet,
489 1639 672 1733 veritatis3
695 1645 732 1714 et
757 1639 862 1715 dicit:
887 1644 948 1714 cde
972 1644 1062 1716 vute
1085 1646 1164 1716 solo
1189 1664 1207 1715 c
1231 1664 1368 1737 semprc
1392 1663 1498 1716 umor

324 1764 482 1835 accende.
508 1759 553 1834 Et
578 1759 635 1834 hic
662 1766 748 1835 nota
772 1761 879 1858 bene,
897 1763 997 1856 quod
1022 1763 1089 1838 ista
1116 1764 1221 1839 titera
1247 1770 1366 1859 potest
1391 1764 1498 1839 intet-

323 1880 386 1978 ligi
412 1881 449 1955 in
469 1901 579 1957 sensu
596 1880 798 1975 composito
815 1887 852 1956 et
876 1882 913 1957 in
937 1902 1046 1957 sensu
1064 1882 1190 1957 diviso.
1210 1885 1377 1959 insensu
1396 1904 1498 1958 com-

324 2002 442 2098 posito
458 2001 671 2098 dupliciter;
689 2022 764 2076 uno
782 2002 905 2098 modo,
926 2003 998 2077 sic:
1019 2006 1092 2096 cte,
1112 2004 1215 2099 idest,
1234 2024 1347 2099 quam
1373 2006 1496 2082 lucem

324 2128 514 2217 aeternam,
539 2125 618 2196 soto
642 2124 745 2213 neu,
762 2122 865 2216 idest,
884 2124 961 2197 sola
989 2123 1077 2198 visio
1095 2122 1348 2199 intellectualis
1368 2145 1500 2200 accen-

323 2243 394 2337 dit,
420 2244 483 2318 sed
508 2242 577 2318 ista
601 2242 779 2339 expositio
804 2243 950 2319 ridetur
975 2243 1186 2340 impropria,
1208 2244 1294 2337 quia
1316 2244 1408 2319 visio
1430 2246 1501 2318 hu·

323 2383 433 2439 mana
454 2383 527 2437 non
544 2362 708 2440 accendit
724 2364 847 2438 lucem
866 2371 1056 2458 aeternam,
1075 2363 1138 2437 sed
1157 2363 1277 2459 potius
1303 2384 1326 2438 e
1350 2368 1498 2438 contra-

325 2484 396 2559 rio:
422 2484 494 2558 alio
521 2483 642 2578 modo,
668 2483 739 2558 sic:
757 2486 817 2557 cte
833 2486 923 2557 outo
939 2486 1032 2574 soto,
1051 2483 1153 2578 idest,
1171 2503 1256 2578 quae
1277 2483 1341 2556 iux
1359 2489 1499 2559 aeterna

226 2638 233 2653 ·
324 2603 400 2678 risa
432 2604 521 2697 sota,
553 2603 603 2679 ita
635 2603 734 2698 quod
766 2596 792 2677 u
826 2605 902 2676 uico
937 2610 1094 2697 ponatur
1124 2602 1395 2699 participialiter
1425 2622 1500 2677 non

325 2722 577 2816 nominaliter,
604 2729 643 2796 et
668 2723 735 2797 ista
760 2723 937 2818 expositio
966 2723 1076 2799 etiam
1113 2744 1186 2798 non
1218 2723 1363 2798 ridetur
1393 2742 1500 2818 posse

324 2849 433 2937 stare,
460 2842 547 2937 quia
572 2842 661 2917 iliud
686 2851 719 2916 ct
742 2862 815 2917 non
841 2844 952 2918 hahet
976 2843 1064 2937 quid
1080 2834 1117 2936 (⁴)
1143 2844 1301 2938 copulet,
1320 2849 1357 2919 et
1380 2842 1498 2918 oratio

324 2970 379 3039 eet
404 2983 552 3059 semper
576 2964 807 3059 suspensiva3
834 2963 915 3037 ideo
945 2964 1012 3038 ista
1045 2963 1150 3037 litera
1179 2970 1234 3039 est
1265 2962 1497 3061 intelligenda

324 3084 361 3157 in
386 3104 496 3158 sensu
521 3082 646 3175 diviso,
673 3082 722 3157 ita
755 3090 796 3156 ut
828 3088 1046 3178 exponatur,
1072 3085 1145 3177 ctc,
1180 3083 1283 3178 idest,
1315 3103 1400 3177 quae
1430 3083 1497 3156 lux

322 3210 474 3297 (eterna,
501 3204 603 3294 virm,
628 3202 731 3297 idest,
747 3210 818 3277 stat
843 3203 891 3276 ibi
917 3202 954 3276 in
979 3202 1167 3278 intellectu
1185 3208 1263 3297 tuo,
1284 3204 1374 3295 soto,
1393 3198 1496 3295 idest,

323 3324 402 3399 sine
425 3323 496 3397 alia
526 3322 718 3397 affectione
748 3322 979 3418 impediente,
1006 3322 1092 3416 quia
1123 3322 1328 3398 intellectus
1358 3321 1498 3397 autoris

322 3451 403 3520 erat
427 3441 572 3538 penitus
596 3442 797 3538 depuratus
830 3448 867 3517 et
897 3441 1005 3516 datus
1029 3442 1327 3537 contemplationi
1357 3442 1499 3517 divino·

322 3587 430 3660 rum;
456 3565 539 3641 ideo
575 3564 683 3639 dicit:
713 3584 850 3656 soopre
875 3566 1024 3638 accende
1048 3584 1165 3658 umor,
1193 3562 1296 3658 idest,
1322 3563 1359 3637 in
1393 3563 1500 3638 intet-

321 3687 420 3762 iectu
452 3691 529 3779 tuo,
560 3684 646 3779 quia
679 3683 853 3758 continuo
887 3703 1034 3779 semper
1068 3683 1267 3758 inardescis
1298 3683 1334 3755 in
1369 3701 1499 3756 amore

322 3813 472 3881 reternae
502 3804 682 3898 veritatis3
716 3811 753 3878 et
781 3804 849 3878 ista
883 3803 1029 3878 videtur
1058 3803 1211 3877 intentio
1245 3803 1372 3896 titerae,
1404 3801 1498 3875 sicut

323 3932 422 4022 patet
442 3946 489 4001 ex
507 3924 629 4001 verbis
649 3922 939 4019 praecadentibns
956 3930 993 3998 et
1010 3923 1270 4017 sequentibus3
1293 3922 1391 3997 unde
1408 3920 1497 3995 sub-

323 4047 376 4121 dit
391 4046 491 4141 quod
517 4046 603 4119 nihii
628 4044 723 4119 cadit
748 4044 785 4118 in
810 4044 1034 4118 intellectum
1047 4035 1097 4137 (²),
1116 4043 1183 4117 nisi
1208 4044 1338 4119 saitem
1364 4042 1498 4116 habeat

323 4169 487 4242 notorem
512 4166 601 4241 reri.
629 4166 721 4240 Dicit
750 4184 860 4261 ergo:
892 4186 911 4236 e
939 4166 1077 4237 totta
1111 4184 1206 4257 coro,
1233 4163 1336 4257 idest,
1367 4163 1396 4237 si
1425 4162 1496 4265 atia

324 4288 459 4366 veritas
483 4307 674 4385 apparens,
695 4294 814 4360 vocuo
839 4306 943 4359 amor
968 4288 1103 4377 reduce,
1122 4284 1225 4380 idest,
1245 4284 1355 4360 trahit
1378 4304 1442 4358 vos
1459 4282 1495 4355 in

323 4428 492 4484 amorem
514 4407 584 4501 sui,
601 4428 675 4481 non
692 4402 723 4497 ἐ,
743 4428 781 4479 sc
799 4427 870 4480 non
889 4408 994 4480 cicun
1013 4408 1169 4497 omdpio,
1187 4405 1291 4499 idest,
1308 4404 1495 4499 quoddam

322 4530 470 4626 signnm
502 4547 692 4623 apparens,
728 4529 766 4600 di
798 4529 925 4619 quattu,
956 4525 1102 4621 scilicet,
1138 4524 1230 4598 lucis
1264 4531 1301 4601 et
1334 4524 1497 4599 veritatis

323 4656 485 4744 aeternae,
514 4652 589 4723 mat
618 4651 828 4740 conoscioto,
867 4647 954 4742 quia
987 4645 1274 4743 apprehenditur
1305 4651 1495 4739 tamquam

324 4770 475 4863 bonum,
501 4789 589 4844 cum
614 4775 738 4843 tamen
763 4787 837 4841 non
857 4768 922 4862 sit;
941 4767 1022 4841 ideo
1039 4765 1144 4841 dicit:
1165 4768 1226 4838 otc
1242 4768 1374 4839 dature
1390 4767 1496 4858 quim,

387 5030 416 5094 (¹)
431 5037 455 5093 t,
471 5045 525 5097 qno
540 5030 653 5095 copulet.
889 5028 917 5094 (Ἴ
934 5030 965 5080 Ε.
982 5031 1009 5080 tn
1025 5030 1168 5082 intellectu.

456 5140 495 5185 tr.
1336 5137 1363 5180 id
