4342 6692
683 928 823 985 caurus
848 928 1039 983 vrousnrus
1063 928 1207 983 sarnus.
1456 914 1524 983 131

356 1084 551 1173 conceptos
567 1096 612 1152 an
631 1077 763 1151 lasona
780 1074 980 1150 transmisit
996 1074 1147 1150 alendos
1163 1075 1208 1150 ad
1227 1082 1369 1170 patrem
1383 1078 1529 1151 Thoan·

356 1204 432 1271 tem
458 1197 504 1271 ad
529 1194 684 1271 insulam
713 1195 856 1290 Citium,
883 1216 995 1291 quern
1022 1216 1063 1271 se
1087 1195 1261 1271 occidisse
1288 1197 1528 1271 simulaverat

355 1324 567 1391 constructo
594 1336 703 1413 rogo:
729 1322 855 1412 postea
881 1336 968 1391 cum
995 1316 1227 1391 manifestato
1251 1317 1311 1412 pio
1335 1317 1436 1391 lurto
1460 1335 1529 1391 suo

357 1436 550 1534 llypsypile
567 1436 713 1532 lugeret
728 1434 766 1509 iu
784 1435 992 1510 naviculae
1010 1436 1138 1511 lurore
1153 1436 1404 1529 ioeminarum,
1421 1441 1528 1531 capta

357 1578 380 1632 a
411 1556 536 1653 piratis
566 1556 651 1630 data
685 1563 741 1631 est
765 1556 935 1653 Lycurgo
973 1557 1052 1653 regi
1090 1558 1251 1653 Nemeo,
1276 1559 1384 1632 cuius
1413 1557 1530 1630 inlan-

358 1677 458 1751 tulns
483 1678 732 1750 Archemorus
757 1676 974 1751 commissus
1001 1682 1057 1751 est
1081 1698 1184 1752 curoe
1214 1677 1325 1773 ipsius
1351 1675 1527 1751 mulieris.

358 1796 411 1871 Eo
435 1802 602 1893 tempore
629 1796 803 1870 Adrastus
828 1816 894 1871 rex
920 1796 1135 1892 argivorum
1158 1817 1245 1871 cum
1264 1803 1403 1891 sentem
1430 1795 1528 1891 regi·

358 1914 429 1991 bus
448 1916 553 1990 duxit
567 1910 604 2009 (¹)
624 1916 829 1990 exercitum
847 1923 975 1991 contra
992 1916 1152 2010 Tbebas3
1170 1923 1310 1991 etcum
1329 1916 1440 1989 nimia
1458 1916 1530 1990 sic·

356 2038 466 2113 citata
490 2036 741 2111 deficientibus
765 2036 871 2130 aquis
895 2036 1032 2131 ubique
1049 2056 1179 2111 ornnes
1198 2036 1410 2111 laborarent
1426 2056 1529 2111 mor·

359 2156 463 2233 tilera
488 2156 556 2251 siti,
588 2156 782 2253 Hypsypile
815 2157 984 2251 precibus
1010 2156 1163 2251 Adrasti,
1190 2156 1317 2232 relicto
1346 2158 1383 2230 in
1415 2156 1530 2251 pratis

359 2278 512 2374 parvulo
537 2276 633 2352 inter
659 2278 779 2371 liores,
800 2276 865 2352 ivit
880 2277 926 2352 ad
954 2276 1233 2352 monstrandum
1251 2277 1424 2373 Langiam
1448 2277 1528 2351 lon·

354 2404 445 2488 tom,
464 2398 526 2491 qui
552 2397 652 2473 solus
669 2396 764 2471 inter
781 2397 900 2472 tontes
917 2417 988 2470 non
1010 2404 1184 2491 aruerat;
1202 2397 1307 2471 cuius
1323 2418 1421 2491 aqua
1441 2381 1529 2492 gra-

357 2517 495 2593 tissima
520 2536 651 2591 omnes
675 2522 881 2612 opportune
898 2516 1054 2591 recreati
1080 2522 1166 2589 sunt
1190 2523 1228 2590 et
1252 2516 1335 2590 tacti
1361 2516 1528 2611 animosi,

363 2638 463 2713 velut
481 2638 614 2712 sicum
633 2658 731 2731 aqna
748 2634 921 2710 bibissent
938 2636 1061 2733 ignem
1083 2634 1178 2709 belli.
1199 2635 1270 2709 Sed
1282 2634 1373 2707 dum
1389 2635 1531 2732 Hypsy·

361 2758 433 2855 pile
459 2764 631 2833 narraret
649 2756 853 2853 preteritas
885 2755 1028 2830 labores
1057 2775 1146 2829 suos
1171 2755 1311 2851 placido
1337 2754 1426 2848 seni,
1444 2776 1532 2829 nar·

360 2880 543 2954 rationem
564 2878 759 2972 interrupit
776 2897 884 2951 casus
901 2875 1043 2950 inlelix:
1062 2895 1147 2949 nam
1167 2894 1317 2970 serpens
1333 2875 1429 2947 inter
1445 2875 1533 2950 ber·

360 3000 426 3073 bas
450 2998 636 3073 ludentem
665 2996 935 3071 Archemorum
956 3001 1184 3070 mactaverat
1208 2994 1366 3069 verbere
1389 2994 1527 3067 caudae„

358 3118 441 3206 Quo
458 3117 585 3192 audito
608 3115 728 3190 infelix
747 3114 941 3212 llypsypile
959 3135 1032 3189 non
1050 3113 1165 3187 verba
1181 3133 1255 3187 non
1271 3113 1455 3209 lacrymas
1474 3113 1532 3187 iu·

360 3236 461 3312 veuit
492 3238 624 3331 primo,
655 3236 717 3311 sed
747 3236 871 3311 oscula
903 3241 1078 3328 tantum;'
1099 3234 1246 3308 tandem
1280 3255 1352 3308 vox
1383 3234 1533 3331 fatigata

359 3356 496 3449 dolore,
516 3362 631 3431 totam
656 3356 797 3451 sylvam
815 3356 969 3450 replevit
987 3356 1152 3429 clamore
1170 3354 1379 3448 miserabili,
1397 3375 1533 3430 vocans

359 3494 520 3573 puerum
545 3475 690 3549 dulcem
717 3474 917 3572 imaginem
950 3474 1123 3569 filiorum,
1155 3475 1319 3551 solamen
1343 3476 1471 3570 patrioe
1494 3482 1533 3551 et

362 3616 489 3671 rerum
523 3614 691 3688 suarum,
716 3600 755 3669 et
783 3612 862 3668 suae
893 3594 1080 3669 servitutis
1114 3595 1304 3670 bonorem.
1340 3596 1533 3693 Lycurgus

361 3734 452 3791 vero
477 3716 532 3790 ira
557 3721 595 3789 et
625 3715 753 3791 lurore
781 3734 959 3790 accensos
991 3712 1159 3791 mittebat
1188 3716 1234 3790 ad
1265 3716 1363 3790 illam
1392 3715 1532 3791 interti-

360 3832 548 3929 ciendam3
567 3835 630 3910 scd
651 3834 805 3931 Tydeus»
827 3835 1018 3931 Capaneus
1043 3842 1080 3910 et
1105 3834 1166 3910 alii
1190 3836 1303 3911 duces
1322 3856 1532 3932 graccorum

359 3961 604 4051 protexerunt
620 3974 724 4029 eam:
742 3955 888 4029 interim
906 3954 1038 4029 milites
1055 3964 1301 4029 cucurrerant
1321 3955 1366 4030 ad
1394 3961 1532 4030 terram

362 4094 449 4151 cum
475 4075 575 4149 lerro
600 4081 638 4148 et
663 4074 767 4170 igne3
793 4074 857 4149 sed
886 4075 1027 4169 saplerrs
1059 4094 1172 4149 senex
1204 4074 1380 4149 Adrastus
1411 4074 1532 4149 subito

361 4198 501 4271 intrans
518 4190 737 4271 trementem
756 4195 917 4289 turbam,
931 4194 1126 4270 ostendens
1142 4195 1372 4292 llypsypilem
1391 4194 1529 4269 salvam

363 4336 475 4411 quam
502 4334 629 4391 secum
654 4319 877 4411 portaverat,
903 4314 1099 4390 revocavit.
1118 4334 1183 4389 eos
1206 4315 1255 4389 ab
1282 4314 1433 4389 excidio.
1460 4312 1531 4390 Sed

363 4436 508 4512 volente
531 4435 606 4511 lato
631 4454 678 4511 ex
703 4442 805 4513 tanto
829 4436 956 4510 dolore
972 4440 1009 4510 et
1026 4435 1160 4510 timore
1176 4434 1300 4510 laetitia
1318 4441 1404 4510 nata
1420 4441 1477 4511 est
1495 4441 1533 4511 et

362 4556 546 4653 inopinata
571 4576 664 4652 spes
690 4556 782 4630 Nam
814 4556 888 4629 duo
914 4554 975 4628 lilii
1004 4554 1218 4652 Hypsypiles
1242 4555 1305 4649 qui
1333 4555 1532 4650 querendo
1626 4535 1633 4545 ⁶

362 4684 520 4753 matrem
553 4681 732 4753 venerant
762 4676 949 4750 Nemaeanr
981 4674 1137 4770 noviter,
1161 4682 1199 4751 et
1228 4676 1354 4750 audito
1379 4694 1534 4751 rumore
1672 4679 1677 4688 '

361 4796 410 4873 de
430 4804 554 4872 morte
579 4796 652 4890 lilii,
670 4796 792 4870 statim
819 4796 962 4871 iverant
978 4816 1065 4871 cum
1083 4797 1254 4893 Lycurgo
1271 4796 1308 4869 in
1325 4796 1405 4871 eius
1425 4794 1529 4871 lavo·

426 5058 456 5123 υ)
473 5062 519 5110 ur
534 5070 550 5109 a
565 5058 597 5109 rt.
614 5058 731 5109 manaa
