4342 6692
626 911 765 967 caurus
790 914 984 970 vrccsruus
1008 914 1191 969 summus.
1424 904 1492 972 153

326 1053 420 1147 lecit,
449 1074 534 1149 qua
564 1055 707 1151 magnis
739 1057 865 1132 ditavit
898 1058 1051 1153 opibus,
1090 1058 1273 1155 refugium
1308 1060 1495 1157 singulare

324 1193 489 1248 romanae
514 1176 694 1271 ecclesiae3
722 1178 880 1253 undeet
907 1199 1129 1253 normannos
1147 1186 1315 1274 potenter
1341 1182 1490 1275 expulit,

324 1294 388 1390 qui
417 1294 454 1368 in
482 1295 731 1390 praeiudicium
763 1298 999 1373 sanctissimae
1036 1320 1201 1373 romanae
1238 1299 1401 1375 ecclesiae
1433 1322 1493 1375 re-

324 1435 439 1511 gnum
453 1415 592 1510 Apuliae
608 1416 828 1513 invaserant,
841 1425 879 1494 et
892 1419 1083 1494 vastabant
1096 1419 1343 1513 Campaniam.
1358 1419 1491 1494 Fertur

324 1543 448 1609 autern
464 1536 646 1611 comitissa
662 1538 831 1613 habuisse
844 1540 966 1613 virum
981 1559 1120 1635 genere
1136 1558 1491 1635 germanum,quem

323 1677 346 1729 a
372 1676 412 1730 se
436 1656 680 1751 sequestravit
704 1658 791 1751 quia
817 1680 889 1733 non
915 1665 1058 1754 poterat
1083 1678 1306 1754 cognoscere
1331 1678 1429 1753 eam,
1451 1666 1492 1732 ut

324 1776 466 1851 dicetur
491 1778 649 1871 capitulo
674 1778 719 1852 Vl
744 1779 922 1874 Paradisi;
943 1786 981 1855 et
1003 1779 1114 1853 nobili
1138 1778 1382 1875 indignatione
1407 1799 1493 1873 per·

324 1918 442 1991 cussa,
469 1890 633 1989 noluit(¹)
660 1898 707 1972 de
731 1906 866 1973 caetero
888 1898 1016 1974 subiici
1043 1899 1133 1973 viro.
1160 1898 1227 1972 Alii
1252 1905 1376 1973 tamen
1400 1898 1492 1973 sori·

323 2016 427 2109 bunt,
453 2016 552 2111 quod
577 2037 623 2091 ev
650 2018 729 2093 viro
760 2020 889 2114 genuit
914 2020 1041 2114 lilium,
1068 2019 1131 2093 sed
1160 2026 1309 2114 propter
1347 2018 1492 2093 dolores

326 2143 453 2231 partus
479 2157 668 2231 nunquam
694 2138 810 2213 voluit
834 2146 959 2233 postea
987 2139 1065 2213 viro
1091 2138 1294 2215 admisceri.
1318 2138 1399 2212 Fuit
1425 2138 1493 2213 ista

324 2257 506 2331 comitissa
532 2263 659 2352 potens
684 2257 721 2330 in
748 2257 969 2354 principatu:
999 2260 1126 2333 habuit
1149 2260 1245 2335 enim
1269 2257 1493 2334 subditione

324 2398 392 2451 sua
416 2378 614 2470 Mantuam,
640 2378 823 2472 Parmam,
850 2379 1019 2475 Regium,
1044 2378 1231 2472 Mutinam,
1258 2378 1491 2453 Ferrariam:

326 2496 393 2569 luit
417 2495 526 2570 etiam
555 2495 709 2589 literata,
730 2504 767 2570 et
784 2518 957 2593 magnam
977 2497 1155 2572 librorum
1178 2498 1304 2572 habuit
1328 2497 1492 2591 copiam:

328 2615 394 2689 luit
418 2635 573 2710 corpore
596 2614 741 2709 decora,
763 2615 855 2691 lacie
880 2616 1016 2711 hilaris,
1043 2618 1198 2713 pecunia
1223 2618 1399 2711 liberalis;
1425 2616 1494 2690 liu·

326 2756 439 2830 guam
461 2734 630 2828 italicam,
648 2736 896 2830 germanicam
916 2742 953 2811 et
970 2738 1136 2833 gallicam
1155 2739 1249 2813 bene
1265 2737 1376 2811 novit.
1398 2736 1494 2810 Tau·-

325 2856 409 2930 dem
424 2855 555 2928 devote
575 2854 742 2948 spiritum
761 2856 914 2929 reddidit
933 2856 1009 2931 Deo
1021 2877 1090 2931 suo
1105 2878 1203 2931 anno
1219 2857 1346 2953 gratiae
1363 2855 1493 2929 Christi

326 2973 463 3066 MCXV,
477 2973 592 3046 aetatis
604 2994 681 3046 suae
695 2976 923 3069 sexagesimo
941 2996 1049 3070 nono,
1069 2976 1272 3071 imperante
1288 2976 1444 3049 Henrico
1452 2975 1494 3069 V,

256 3136 259 3141 -
326 3096 476 3169 sedente
499 3094 661 3169 Paschali
686 3115 779 3189 papa
797 3095 838 3186 ll,
865 3102 903 3170 et
927 3096 1067 3190 sepulta
1093 3102 1148 3170 est
1173 3095 1209 3169 in
1232 3095 1341 3169 nobili
1364 3115 1494 3171 mona-

326 3216 437 3289 sterio
464 3213 559 3308 apud
585 3214 747 3288 Paduam
766 3216 875 3311 longe
891 3236 912 3289 a
931 3217 1077 3289 Mantua
1101 3216 1227 3289 decem
1250 3215 1435 3308 milliariis,
1457 3214 1495 3288 iu

329 3337 497 3430 sepulcro
521 3334 713 3430 grandior
736 3335 928 3410 alabastro.
949 3335 1108 3430 Reliquit
1131 3342 1256 3410 autem
1282 3336 1349 3410 sibi
1375 3337 1493 3410 haere·

329 3455 413 3530 dem
447 3455 636 3529 ecclesiam
676 3476 880 3549 romanam,
912 3476 999 3529 cum
1032 3456 1195 3550 amplum
1230 3455 1490 3551 patrimonium

328 3575 536 3671 possideret.
562 3573 624 3647 His
648 3573 811 3649 breviter
835 3583 873 3649 et
898 3575 1082 3650 succincte
1099 3575 1269 3683 collectis,
1289 3594 1386 3648 nunc
1404 3594 1493 3649 cou-

329 3693 458 3789 sidera,
484 3695 608 3788 lector,
642 3694 671 3767 si
697 3702 805 3789 poeta
831 3702 956 3770 noster
993 3694 1260 3791 elegantissime
1298 3694 1494 3769 introducit

329 3815 433 3888 istam
462 3814 671 3910 Mathildim,
701 3835 784 3908 quae
818 3814 918 3889 ducit
942 3815 1061 3909 ipsum
1094 3834 1159 3909 per
1193 3814 1403 3909 paradisum
1428 3814 1493 3889 de-

328 3932 505 4028 liciarum,
528 3938 565 4008 et
590 3933 745 4007 ostendit
770 3934 960 4008 ecclesiam
980 3932 1044 4007 Dei
1071 3931 1299 4025 militantem,
1325 3932 1362 4006 in
1388 3932 1493 4008 cuius

328 4051 518 4127 servitium
543 4059 582 4127 et
606 4053 786 4127 honorem
816 4060 890 4125 tam
919 4050 1110 4147 magnifice
1143 4050 1309 4124 militavit
1333 4050 1370 4123 in
1400 4050 1494 4144 vita;

328 4180 365 4248 et
390 4174 427 4246 in
452 4181 572 4248 morte
596 4174 747 4247 Petrum
773 4172 973 4268 principem
998 4172 1108 4245 huius
1129 4171 1291 4245 ecclesie
1316 4171 1398 4246 lecit
1418 4172 1495 4243 lrae-

328 4292 466 4369 rodem.
492 4294 597 4369 Nunc
621 4299 676 4369 est
710 4293 757 4367 ad
785 4293 928 4368 literam
961 4290 1267 4385 descendendum,
1293 4312 1406 4386 quam
1432 4311 1495 4365 or-

326 4413 409 4486 dina
435 4413 505 4487 sic:
527 4418 578 4487 Mi
594 4436 710 4507 parea
726 4417 831 4489 aeder
846 4419 884 4488 to
899 4434 1012 4505 capno
1031 4415 1166 4503 donum
1188 4432 1272 4506 quae
1289 4410 1357 4486 luit
1378 4411 1495 4507 impe-

328 4532 424 4607 riosa
450 4532 566 4625 valde,
590 4537 753 4627 piooanc,
774 4534 860 4628 quia
886 4532 997 4608 etiam
1015 4532 1052 4606 in
1069 4537 1258 4608 senectute
1280 4531 1492 4627 juveniliter

327 4652 494 4727 excreuit
518 4672 652 4748 corpus
677 4661 713 4727 et
737 4654 923 4747 animum3
941 4660 978 4727 et
1003 4653 1090 4746 quia
1117 4652 1183 4726 luit
1207 4671 1352 4747 semper
1377 4652 1496 4728 activa

328 4793 441 4867 opera
458 4773 696 4848 memoranda
717 4774 851 4847 iaciens
875 4779 950 4846 tam
978 4772 1230 4867 temporaliter
1250 4793 1363 4866 quam
1389 4772 1496 4867 spiri-

391 5032 418 5091 l'l
436 5033 490 5090 ¹1⁷,
505 5044 638 5095 numnam
655 5031 738 5083 voluit
752 5032 785 5083 de
800 5038 906 5084 cetero.
