4342 6692
672 914 718 980 20
932 933 935 944 ·
1029 920 1234 978 coueuruu
1258 901 1478 979 innclmnu

672 1069 816 1158 tulum
841 1065 986 1160 scilicet,
1013 1065 1160 1160 Statius,
1184 1070 1374 1158 wangiam
1398 1067 1494 1140 cl’io
1514 1068 1616 1160 dica;
1634 1069 1716 1142 ond
1729 1068 1765 1138 io
1783 1087 1844 1138 so·

668 1191 781 1281 spiro,
808 1207 826 1260 c
850 1206 937 1259 sotto
962 1189 1070 1259 inleso
1095 1189 1159 1260 dul
1182 1190 1252 1260 mio
1276 1193 1442 1276 mano,
1461 1184 1608 1280 scilicet,
1631 1207 1654 1261 a
1679 1185 1842 1282 Virgilio,

671 1327 785 1402 quem
811 1306 1116 1402 plus'reverebar
1140 1307 1204 1400 qui
1232 1307 1375 1382 ridebat
1401 1326 1523 1382 meam
1548 1307 1759 1382 aviditatem
1786 1306 1844 1380 lo·

670 1426 806 1523 quendi
824 1445 933 1518 nunc,
950 1424 1098 1518 qualem
1117 1427 1296 1500 habebam
1315 1427 1483 1523 superius
1499 1426 1656 1521 sciendi3
1673 1425 1756 1538 ideo
1775 1425 1842 1500 de·
1867 1417 1870 1427 '

669 1546 721 1622 dit
745 1546 810 1620 sibi
837 1544 1018 1620 licentiam
1043 1545 1196 1639 dicendi,
1222 1545 1321 1621 unde
1344 1544 1448 1620 dicit:
1469 1566 1489 1619 c
1510 1549 1614 1636 dure,
1639 1546 1700 1620 ille
1720 1544 1840 1640 Virgi-

669 1667 752 1761 lius,
786 1685 859 1742 uon
883 1685 969 1737 aver
988 1684 1111 1757 paura
1134 1667 1172 1738 di
1190 1668 1345 1758 partu,-
1371 1671 1520 1760 propter
1551 1686 1623 1760 me,
1649 1687 1710 1738 mo
1729 1667 1840 1757 parta

593 1852 598 1860 .
670 1808 689 1860 e
713 1789 799 1878 dtuli
822 1787 901 1876 quel
923 1787 982 1857 cte
1007 1788 1177 1858 dimuodu
1201 1806 1268 1858 con
1291 1792 1432 1859 cotonta
1455 1807 1556 1879 cruc,
1581 1785 1728 1879 scilicet,
1749 1806 1840 1859 cau·

670 1926 748 1979 sam
775 1904 827 1976 tui
854 1903 1018 1976 risus—
1036 1906 1126 1978 Orod
1137 1907 1183 1977 io.
1209 1904 1275 1979 llic
1299 1909 1412 1999 poeta-
1432 1905 1533 2000 ponit
1563 1903 1837 1999 responsionem

562 2019 564 2022 ’
669 2046 775 2100 snam
801 2023 847 2100 ad
872 2023 1081 2119 petitionem
1101 2023 1214 2118 Statii,
1236 2023 1379 2099 dicens:
1410 2029 1499 2099 Ond’
1511 2029 1560 2116 io,
1587 2025 1838 2100 licentiatusa

666 2144 826 2242 Virgilio,
853 2143 945 2216 dixi:
979 2162 1002 2215 o
1033 2147 1144 2236 spirtu
1172 2147 1327 2236 unoquo,
1354 2144 1416 2238 qui
1446 2145 1599 2240 poetasti
1628 2145 1706 2240 jam
1738 2144 1839 2220 mille

669 2265 774 2340 annis
798 2263 947 2358 elapsis;
970 2266 1068 2356 forse
1092 2266 1152 2336 cte
1167 2270 1203 2337 tu
1220 2267 1247 2338 ti
1262 2267 1453 2356 morcoipti
1470 2268 1528 2340 det
1543 2267 1642 2340 ride
1661 2265 1756 2338 cb'io
1770 2267 1833 2359 sci,

670 2385 755 2480 quia
773 2384 867 2458 lorte
884 2383 1009 2458 videor
1030 2383 1092 2456 tibi
1110 2383 1278 2458 derisisse
1296 2384 1507 2481 magnificas
1526 2385 1653 2461 laudes
1670 2405 1763 2478 quas
1782 2385 1838 2459 le·

670 2505 747 2581 cisti
764 2504 810 2578 de
826 2503 987 2600 Virgilio,
1005 2509 1042 2578 et
1058 2503 1387 2600 singularissimum
1406 2524 1574 2580 amorem
1588 2525 1700 2598 quem
1713 2510 1837 2578 osten·

669 2624 749 2700 disti
769 2630 805 2699 te
821 2624 960 2698 babere
977 2623 1023 2698 ad
1041 2623 1143 2697 iilum
1161 2621 1444 2699 celeberrimum
1459 2631 1625 2720 poetam3
1638 2646 1699 2698 mu
1715 2627 1837 2698 oo'cte

669 2747 695 2818 ti
713 2747 804 2837 picti
823 2739 885 2837 piri
911 2745 1211 2838 dammirazton5
1229 2751 1266 2818 et
1283 2764 1370 2820 cece
1396 2764 1474 2819 rem
1502 2745 1736 2840 stupendam:
1754 2765 1837 2841 puc-

668 2867 713 2938 sti
736 2867 795 2938 obe
818 2867 928 2956 paida
950 2867 989 2937 in
1014 2867 1100 2956 ulto,
1119 2864 1166 2939 ad
1186 2885 1376 2938 summum
1395 2865 1551 2959 virtutis,
1567 2868 1619 2958 pli
1633 2867 1729 2938 occdi
1743 2868 1835 2956 miei,

667 2985 771 3076 idest,
788 2984 1072 3080 speculationem
1103 2984 1398 3078 intellectualem,
1415 2977 1529 3076 dquet
1554 2988 1708 3077 Virgilio,
1725 3005 1837 3058 num-

668 3123 780 3196 quam
807 3103 892 3177 satis
917 3103 1096 3197 laudatus,
1114 3106 1178 3176 dul
1195 3106 1281 3194 quat
1303 3110 1340 3177 tu
1365 3106 1511 3195 teplicsti
1523 3108 1632 3198 [οντα
1652 3126 1677 3178 α
1692 3112 1833 3199 cuntur,

668 3222 769 3315 idest,
796 3222 869 3296 alte
893 3222 1113 3315 describere,
1138 3224 1231 3313 degli
1260 3226 1392 3296 nomini
1423 3246 1442 3296 c
1470 3226 1523 3298 dc’
1537 3229 1611 3298 Det.
1638 3226 1748 3314 Quasi
1782 3225 1837 3300 di-

669 3347 727 3417 cat
739 3335 794 3433 (¹)²
821 3341 1061 3416 imitationem
1089 3341 1226 3438 Virgilii
1246 3363 1331 3416 cum
1350 3335 1492 3438 poetice
1507 3344 1724 3440 descripsisti
1741 3345 1837 3421 bella

668 3461 877 3536 Thebarum
905 3462 1176 3537 introducendo·
1196 3462 1278 3537 binc
1304 3463 1388 3538 iude
1413 3464 1580 3540 bomines
1610 3472 1647 3540 et
1679 3467 1768 3560 deos
1799 3467 1837 3542 in

667 3602 785 3676 arma,
812 3582 905 3655 sicut
931 3588 971 3655 tu
996 3582 1167 3678 Virgilius
1192 3582 1305 3656 iecisti
1332 3590 1369 3657 et
1392 3585 1562 3678 accepisti
1591 3586 1640 3660 ab
1663 3587 1835 3662 Homero.

668 3701 712 3774 ut
736 3702 919 3777 concludit
944 3723 1093 3777 omnem
1119 3703 1229 3778 aliam
1254 3724 1417 3798 causam,
1443 3705 1586 3780 dicens:
1613 3710 1751 3781 s'ottru
1775 3729 1837 3782 co-
1897 3722 1900 3726 ·

667 3825 751 3912 pion
775 3823 920 3895 credastt
944 3827 983 3896 ut
1004 3825 1104 3896 rider
1128 3827 1211 3913 mio,
1228 3826 1375 3897 tasnato
1387 3845 1454 3918 per
1470 3846 1540 3899 non
1563 3847 1662 3918 ocra,
1679 3830 1724 3901 ed
1741 3850 1835 3902 esser

667 3943 763 4014 credi
787 3945 895 4032 quelle
914 3945 1054 4033 parole,
1080 3943 1218 4038 supple,
1245 3963 1325 4018 esse
1351 3964 1451 4039 vera,
1477 3947 1538 4018 otc
1561 3949 1599 4019 ur·
1622 3950 1672 4020 lui
1698 3951 1834 4041 diserti,

667 4060 753 4154 quia
779 4067 816 4136 et
841 4081 912 4158 ego
937 4061 1047 4136 credo
1064 4062 1150 4136 illud
1169 4063 1268 4156 quod
1284 4063 1404 4137 dixisti
1422 4064 1459 4139 iu
1477 4066 1833 4143 commendationem

666 4179 823 4276 Virgilii3
850 4177 931 4254 ideo
952 4202 1025 4255 non
1044 4181 1105 4256 risi
1123 4182 1159 4256 in
1176 4189 1427 4278 contemptum
1448 4184 1541 4278 eius,
1558 4205 1644 4259 cum
1663 4206 1733 4282 ego
1753 4187 1835 4261 lue-

667 4300 736 4374 rim
758 4301 982 4376 illumiuatus
1007 4307 1043 4376 et
1068 4302 1226 4377 inriatus
1254 4304 1303 4378 ab
1334 4324 1379 4378 eo
1410 4304 1457 4379 ad
1487 4307 1723 4403 poetandum,
1750 4307 1833 4383 lieet

667 4421 858 4495 habuerim
886 4422 1005 4496 maius
1023 4423 1150 4496 lumen
1166 4423 1305 4518 gratiae,
1324 4446 1436 4518 qrram
1454 4431 1494 4498 tu
1509 4423 1572 4501 'vel
1589 4427 1676 4522 ipse.
1689 4467 1739 4482 —-
1754 4419 1831 4502 otri.

667 4540 731 4613 llic
758 4540 885 4614 ultimo
911 4547 1017 4636 poeta
1043 4541 1225 4616 concludit
1250 4542 1360 4617 linem
1378 4565 1455 4618 suae
1477 4546 1729 4641 responsionis,
1746 4548 1833 4642 quia

667 4659 802 4734 Statius
819 4663 979 4755 repletus
996 4669 1146 4757 stupore
1163 4670 1200 4737 et
1217 4682 1347 4738 amore
1362 4684 1449 4737 cum
1467 4686 1612 4740 summa
1627 4669 1832 4742 reverentia

667 4786 704 4853 et
729 4781 965 4857 veneratione
989 4782 1174 4858 inclinavit
1191 4803 1231 4857 se
1247 4784 1294 4859 ad
1311 4786 1572 4880 gratulandum
1593 4786 1752 4884 Virgilio.
1770 4789 1833 4862 ut-

728 5043 755 5106 (¹)
772 5042 802 5094 u.
818 5041 899 5093 dieat:
916 5044 942 5092 ln
958 5043 1128 5095 imitationem
1144 5044 1246 5110 Virgilii
1263 5049 1292 5096 tu
1307 5045 1416 5109 poetice.
