4342 6692
743 935 883 993 cliil‘tls
906 931 1074 1005 QUlN'l‘tls.
1421 928 1492 997 tot

319 1092 422 1159 ctnn'r
445 1090 535 1159 erat.
553 1084 647 1159 Nota
664 1084 775 1159 etiam
793 1085 892 1179 quod
909 1086 1008 1182 Papa
1033 1088 1151 1181 potent
1176 1086 1300 1162 omnia
1326 1092 1364 1162 et
1389 1108 1497 1183 quoe

320 1202 406 1278 dam
433 1204 515 1278 alia.
803 1292 807 1297 ,

396 1328 478 1399 Non
498 1328 696 1418 praedm.
723 1326 794 1401 lata
818 1332 876 1401 est
901 1325 1008 1400 tertia
1034 1345 1119 1420 pars
1143 1326 1325 1423 generalis
1351 1328 1388 1401 in
1419 1348 1494 1423 qua

321 1446 467 1521 Beatrix
492 1446 556 1521 dat
577 1466 695 1519 unum
713 1446 891 1541 optimum
911 1446 1188 1541 documentum,
1207 1448 1409 1523 admonens
1428 1470 1497 1524 nos

322 1586 370 1640 ne
393 1566 508 1639 simus
533 1565 650 1641 festini
680 1566 751 1641 rel·
768 1566 961 1661 improvidi
993 1566 1092 1641 circa
1124 1573 1253 1641 vetum
1287 1568 1494 1644 laciendum

322 1684 454 1781 duplici
480 1686 660 1781 exemplo.
688 1684 873 1781 inprimi
899 1684 1173 1782 intelligentiam
1207 1690 1262 1761 est
1292 1687 1493 1783 sciendum,

323 1806 422 1901 quod
442 1806 536 1884 sicut
551 1813 652 1902 patet
668 1805 761 1880 libro
778 1806 960 1899 lodicum,
979 1807 1136 1904 populns
1152 1807 1263 1882 lsrael
1284 1808 1330 1883 ad
1348 1814 1496 1904 tempus¹

322 1926 390 2000 luit
420 1927 648 2023 gubernatus
678 1946 744 2021 per
773 1926 917 2021 judices
932 1919 970 2019 Γ)
1002 1936 1164 2021 quatuor
1194 1934 1393 2023 antequam
1427 1948 1494 2024 per

322 2066 440 2143 regen
466 2047 563 2120 lnter
589 2045 679 2121 alios
703 2051 828 2121 autem
855 2043 924 2120 luit
944 2068 1041 2121 unus
1060 2054 1214 2121 vocatus
1238 2047 1313 2121 Jair
1338 2048 1384 2123 de
1405 2046 1496 2122 civi*

323 2172 397 2241 tate
421 2165 568 2259 Galaad,
586 2166 650 2260 qni
671 2166 797 2240 habuit
817 2165 964 2261 triginta
984 2164 1075 2240 tilios
1101 2186 1147 2241 ex
1174 2186 1303 2262 uxore,
1323 2173 1360 2241 et
1376 2168 1491 2241 alium

321 2307 367 2363 er
382 2286 577 2361 meretrice
590 2286 738 2360 nomine
751 2286 917 2381 lephthe,
933 2305 1045 2379 quem
1060 2286 1193 2360 iratres
1206 2287 1394 2361 eiecerunt
1408 2287 1495 2381 quia

321 2426 395 2481 non
414 2414 495 2482 erat
520 2407 723 2503 legitimum
742 2406 800 2480 vel
818 2406 955 2499 verius,
973 2405 1060 2499 quia
1085 2405 1263 2480 timebant
1288 2425 1389 2499 eum,
1407 2428 1495 2482 cum

321 2534 417 2603 eset
440 2528 497 2602 vir
522 2526 741 2601 fortissimus
766 2532 804 2601 et
835 2532 1030 2622 pugnator,
1057 2525 1120 2620 qui
1151 2527 1387 2623 congregavit
1415 2549 1495 2602 nra-

321 2668 432 2743 gnam
465 2648 612 2722 turbam
647 2666 854 2742 pauperum
887 2652 926 2721 et
957 2647 1153 2720 latronum.
1189 2648 1333 2721 Mortuo
1367 2654 1493 2721 autem

322 2773 426 2862 patre
442 2767 504 2841 lilii
520 2766 643 2860 Israel,
661 2774 810 2862 propter
827 2785 922 2841 nova
943 2772 1091 2861 peccam
1108 2766 1297 2859 idolatriae,
1315 2786 1399 2840 cum
1419 2786 1493 2840 non

323 2894 469 2983 possent
485 2887 656 2962 resistere
671 2885 890 2961 adversariis
907 2887 1100 2983 elegerunt
1118 2886 1271 2981 lephthe
1292 2886 1492 2981 principem

322 3027 466 3082 eorum.
482 3007 635 3101 lephthe
647 3027 737 3102 ergo
755 3006 874 3080 iturus
891 3015 1018 3081 contra
1032 3008 1153 3081 lrostes
1170 3006 1254 3081 lecit
1272 3014 1400 3081 votum
1419 3006 1492 3082 Do-

324 3126 423 3200 mino
448 3125 601 3219 quodsi
627 3125 809 3201 obtineret
834 3126 1036 3221 victoriam,
1063 3126 1099 3200 in
1126 3127 1241 3201 reditu
1270 3127 1407 3203 laceret
1435 3148 1496 3203 sa-

322 3246 501 3321 crilicium
534 3246 580 3321 de
608 3267 655 3321 eo
684 3246 783 3340 quod
815 3254 1029 3322 occurreret
1054 3246 1120 3321 sibi
1155 3248 1192 3321 in
1223 3255 1332 3342 porta
1360 3246 1494 3323 domos

322 3388 410 3442 snae.
425 3366 578 3463 lephthe
595 3387 686 3463 ergo
699 3366 815 3440 victor
833 3367 994 3440 hostium
1012 3388 1173 3461 qnorum
1190 3368 1314 3465 viginti
1329 3369 1495 3445 civitates

321 3476 552 3584 oppresserat
576 3507 623 3562 ex
650 3484 730 3559 liliis
755 3484 873 3559 Amen
898 3505 984 3561 cnm
1013 3488 1148 3562 rediret
1177 3508 1262 3562 cum
1295 3488 1495 3584 triumpho,
1605 3530 1609 3559 .

321 3607 483 3685 occurrit
509 3606 628 3702 primo
653 3605 720 3679 sibl
745 3606 933 3701 unigenita
960 3606 1031 3681 lilia
1062 3626 1149 3681 cum
1182 3628 1273 3682 sono
1303 3613 1340 3682 et
1371 3613 1493 3682 cantu.

320 3731 401 3819 Qua
428 3728 502 3803 visa
527 3725 643 3802 doluit
660 3725 788 3818 nimis;
804 3725 868 3800 sed
885 3727 1005 3820 puella
1024 3746 1098 3800 non
1116 3728 1298 3802 recusavit
1315 3726 1394 3801 lieri
1413 3727 1492 3801 vio·

321 3850 432 3944 tima3
457 3847 559 3944 petiit
584 3853 708 3920 tamen
728 3852 771 3919 ut
787 3845 932 3920 dnobus
954 3847 1141 3921 mensibus
1164 3848 1234 3922 iret
1258 3866 1324 3942 per
1352 3853 1494 3921 montes

322 3968 545 4065 deplorando
558 3988 663 4041 suam
679 3966 944 4062 virginitatem3
958 3986 1034 4059 quo
1055 3968 1151 4041 lacto
1164 3974 1268 4062 pater
1289 3968 1492 4043 immolavit

323 4110 417 4166 eam.
435 4089 480 4163 Et
499 4088 651 4183 lephthe
666 4087 844 4181 judicavit
860 4086 970 4161 lsrael
991 4107 1055 4161 sex
1077 4088 1193 4161 annis.
1211 4088 1315 4163 Nunc
1335 4089 1382 4164 ad
1409 4088 1490 4163 lite-

323 4231 403 4286 ram
421 4209 506 4283 dicit
521 4207 688 4282 Beatrir:
708 4211 788 4281 Non
801 4209 989 4301 prenniano
1012 4210 1027 4279 t
1050 4210 1194 4285 mortali
1213 4210 1335 4281 llvoto
1351 4228 1376 4280 a
1393 4211 1493 4281 non-

321 4334 390 4424 cio,
410 4330 512 4424 idest,
530 4348 597 4424 pro
615 4326 738 4422 trulla,
756 4328 843 4422 quia
860 4334 916 4403 eet
932 4348 991 4402 res
1008 4328 1145 4424 gravis,
1164 4328 1258 4402 imo:
1276 4332 1362 4404 stote
1375 4331 1492 4425 fedeli,

322 4471 388 4526 vos
413 4449 591 4541 hominm,
617 4454 651 4521 et
673 4469 698 4520 o
721 4440 776 4521 all
796 4452 861 4541 sor
884 4468 957 4520 noo
977 4448 1074 4538 loct,
1092 4448 1193 4543 idest,
1212 4448 1404 4544 simpliceS,
1422 4450 1493 4522 im-

321 4567 473 4667 providi,
490 4589 587 4643 come
599 4572 641 4662 stt
655 4572 743 4663 leste
759 4570 833 4641 olla
848 4588 913 4641 run
927 4570 1047 4661 primo
1064 4572 1218 4661 mancio,
1232 4569 1335 4663 idest,
1354 4570 1494 4665 primo-

321 4689 576 4789 genitenta,
611 4710 698 4764 cum
730 4694 874 4764 careret
903 4688 1004 4763 omni
1034 4689 1105 4764 alia
1136 4690 1259 4785 prole3
1289 4694 1346 4764 coi
1374 4686 1495 4783 pillei

322 4814 490 4886 convenio
514 4811 631 4883 dicem
657 4811 731 4881 mol
750 4810 831 4902 secl,
861 4808 963 4901 idest,
993 4810 1154 4903 peccavi,
1185 4809 1281 4883 male
1315 4810 1492 4903 vovendo,

385 5075 412 5136 (Ἴ
429 5080 451 5130 l.
465 5074 574 5138 inlices,
590 5078 617 5124 et
633 5078 780 5138 alequam.
