4342 6692
669 920 808 976 chunus
833 922 1026 977 vldnsllltls
1049 921 1218 977 OCTAVUS·
1457 912 1527 979 165

356 1071 523 1141 cantaret
547 1066 679 1142 audisti
705 1068 742 1142 in
767 1068 927 1163 capitulo
951 1067 1182 1163 precedenti,
1209 1068 1297 1162 qnia
1321 1069 1527 1145 delectatur

357 1184 395 1258 in
419 1185 514 1262 Mne
538 1188 735 1283 operando,
761 1210 780 1261 c
812 1192 1006 1280 scepticudo
1029 1191 1101 1280 fior
1132 1190 1181 1261 da
1209 1191 1313 1281 fiere,
1338 1188 1442 1283 idest,
1468 1210 1528 1264 se-

356 1305 541 1381 cernendo
566 1307 776 1383 tlorentiora
801 1328 915 1404 opera
938 1307 1083 1381 virtutis
1108 1306 1155 1381 ad
1180 1307 1387 1383 laciendum
1415 1330 1527 1384 suum
1578 1338 1604 1382 u

357 1431 511 1521 sertum,
525 1432 566 1501 nt
582 1426 725 1503 dicebat
742 1449 853 1523 snpra
883 1428 919 1502 in
949 1428 1093 1502 somnio
1122 1428 1236 1503 nostri
1261 1436 1398 1524 poetae3
1424 1432 1527 1521 oude,

358 1544 460 1639 idest,
493 1566 539 1621 ex
573 1548 708 1643 quibus
741 1549 904 1641 floribus,
937 1554 1023 1622 utta
1052 1550 1090 1621 lo
1123 1570 1188 1621 suu
1223 1552 1282 1621 oio
1314 1570 1378 1622 cro
1410 1552 1527 1642 pintu,

314 1703 322 1724 ι
358 1664 450 1741 idest
462 1660 513 1761 (¹),
539 1666 619 1743 eins
644 1669 719 1744 vita
752 1676 833 1744 erat
862 1674 1004 1743 ornata.
1036 1669 1081 1743 Et
1110 1668 1271 1744 declarat
1301 1670 1440 1744 dictum
1462 1691 1529 1767 per

358 1785 486 1882 simile,
502 1788 646 1865 dicens:
671 1792 816 1863 siccome
832 1791 900 1880 epti
920 1809 1068 1882 appare,
1086 1789 1283 1884 interdum,
1306 1792 1530 1867 subitumcntc

357 1927 455 1998 cosa,
480 1908 666 2002 mirabilis,
693 1910 753 1981 cle
775 1910 889 1983 duom
907 1930 977 2002 per
1001 1912 1211 2001 mcraoipliu
1236 1914 1308 1985 lutt'
1321 1914 1416 1985 ultro
1437 1932 1529 2003 peu-

356 2049 462 2122 sarc,·
487 2028 593 2123 quasi
620 2028 717 2103 dicat
747 2028 875 2104 tacite:
902 2050 1002 2103 nunc
1026 2030 1156 2105 accidit
1182 2029 1270 2105 mihi
1296 2030 1390 2106 sicut
1421 2052 1529 2127 pere-

356 2148 464 2244 grino
489 2148 693 2223 transeunti
718 2169 785 2243 per
809 2148 1040 2225 solitudinem
1071 2150 1263 2245 virentem,
1291 2152 1350 2226 cni
1381 2152 1528 2226 miranti

356 2267 609 2345 amoenitatem
633 2268 769 2341 dorum
800 2273 837 2343 et
868 2268 1048 2343 arborum
1079 2290 1126 2345 ox
1158 2270 1342 2366 insperato
1377 2277 1529 2366 apparet

356 2388 579 2483 pulcerrima
604 2387 720 2485 virgo,
747 2408 831 2483 qnae
856 2388 979 2463 statim
1012 2391 1164 2465 retrahit
1194 2390 1314 2464 visum
1347 2390 1392 2465 ad
1425 2390 1528 2463 illum

356 2508 504 2584 dimissa
520 2508 744 2604 inspectione
760 2510 882 2605 sylvae.
892 2549 943 2563 -
954 2513 1040 2583 Delu
1058 2511 1163 2586 Nunc
1180 2518 1287 2607 poeta
1304 2510 1405 2607 ponit
1421 2531 1528 2585 snam

357 2629 563 2705 orationem
579 2627 626 2703 ad
643 2628 751 2703 istam
768 2629 957 2725 egregiam
973 2630 1171 2706 dominam.
1186 2633 1230 2706 llt
1241 2632 1361 2727 primo
1378 2630 1528 2725 quidem

358 2748 445 2824 lacit
468 2747 663 2823 exordium
688 2768 775 2822 cum
800 2748 985 2843 petitione,
1011 2750 1153 2825 dicens:
1180 2754 1272 2825 Dies
1284 2755 1319 2826 io
1345 2772 1369 2823 a
1394 2753 1457 2824 lei:
1478 2748 1528 2822 illi

225 2892 228 2896 ·
358 2868 528 2962 dominae,
553 2870 630 2961 dei,
666 2868 776 2943 dictio
806 2868 1039 2964 deprecativa
1069 2878 1135 2965 est,
1162 2872 1266 2965 qnasi
1291 2871 1409 2946 dicat:
1437 2890 1528 2966 rogo

357 2996 406 3081 te,
423 2988 512 3061 della
527 2990 663 3079 donum
687 2988 739 3063 sic
762 2989 997 3065 commendat
1014 3010 1098 3064 eam
1115 3010 1136 3063 a
1153 2989 1397 3083 pulcritudine
1413 3010 1527 3083 qnam

358 3108 521 3185 maxime
543 3107 716 3183 affectant
740 3109 925 3204 mulieres,
946 3112 1043 3183 ch'ot'
1060 3113 1169 3201 rugpi
1187 3112 1333 3183 clamor
1356 3113 1381 3183 o·
1399 3112 1523 3203 scaldi,

353 3228 461 3324 ‚qnasi
486 3228 593 3323 dicat,
611 3248 695 3323 qnae
711 3229 845 3305 uideris
869 3238 1057 3324 amorata3
1075 3230 1157 3305 ideo
1177 3230 1331 3305 deberes
1353 3250 1433 3306 esse
1450 3231 1527 3326 pla·
1549 3209 1563 3264 s

356 3350 448 3443 cida,
474 3352 503 3423 ε)
515 3352 538 3423 i'
552 3351 762 3423 oo'credere
786 3352 824 3423 ui
846 3351 1039 3442 semicano,
1060 3350 1165 3445 idest,
1198 3350 1310 3447 signis
1335 3350 1528 3425 exteriori·

355 3470 437 3563 hus,
462 3471 523 3543 che
545 3471 685 3560 soptim
707 3490 803 3543 esser
827 3473 984 3545 testimon
1008 3474 1065 3544 del
1093 3492 1211 3563 cuore,
1245 3471 1406 3546 manime
1435 3471 1472 3543 in
1488 3462 1525 3565 (²)

357 3592 454 3666 lacto
490 3588 638 3684 amoris,
665 3589 752 3684 quia
783 3610 890 3665 amor
920 3591 1031 3665 celari
1056 3612 1130 3665 non
1161 3598 1291 3687 potest,-
1321 3594 1461 3683 oepuuti
1487 3596 1525 3667 iu

314 3808 318 3815 ἱ
353 3713 472 3803 cupha
488 3712 526 3785 di
541 3711 666 3783 auerti
682 3713 818 3802 avanti,
838 3709 926 3804 qnia
943 3732 1013 3807 ego
1036 3704 1191 3787 ulterius
1208 3711 1335 3787 venire
1354 3733 1426 3787 non
1443 3731 1558 3807 pos-u

355 3852 458 3925 snm,
491 3849 593 3903 verso
627 3836 746 3921 questu
778 3832 926 3921 molera,
958 3829 1060 3925 idest,
1101 3830 1239 3925 rivum,
1273 3838 1382 3923 tanto,
1422 3832 1525 3926 idest,

354 3956 430 4025 tarn
456 3970 588 4044 prope;
609 3954 690 4023 erat
714 3948 813 4023 enim
838 3948 916 4044 ipsa
940 3948 1090 4024 domina
1118 3950 1204 4024 satis
1229 3970 1252 4023 a
1281 3950 1400 4047 longe,
1427 3954 1478 4025 ch'
1491 3955 1527 4026 io

350 4090 463 4163 possa
485 4071 644 4143 muodo
667 4067 727 4141 che
751 4074 787 4141 tu
810 4071 918 4161 cuod,
944 4068 1050 4162 quasi
1072 4067 1184 4143 dicat:
1213 4075 1254 4142 nt
1277 4070 1432 4143 sentiam
1459 4070 1525 4144 de-

358 4188 590 4263 lectationem
615 4194 730 4262 tuam.
757 4185 801 4261 Et
824 4186 884 4262 hic
908 4194 995 4263 nota
1021 4188 1119 4283 quod
1149 4194 1256 4283 poeta
1286 4190 1418 4263 merito
1444 4194 1526 4263 tan-

357 4314 439 4383 tum
476 4306 622 4383 allectat
653 4308 949 4404 appropinquare
981 4307 1029 4383 ad
1066 4307 1173 4382 istam
1205 4307 1403 4403 dominam,
1438 4309 1525 4403 qnia

358 4428 453 4503 facta
477 4427 694 4524 purgatione
718 4428 892 4503 vitiorum
910 4422 1059 4523 optabat
1077 4426 1255 4503 acoedero
1274 4428 1320 4502 ad
1341 4428 1524 4524 operatio-

357 4568 444 4623 nem
468 4547 623 4643 virtntis,
653 4568 738 4643 qnae
769 4553 1054 4644 representatur
1083 4547 1121 4621 in
1146 4547 1215 4622 ista
1240 4548 1398 4623 domina.
1429 4549 1523 4625 Nota
1552 4534 1562 4572 ‘

356 4667 479 4762 etiam,
497 4668 623 4763 lector,
641 4689 754 4763 qnam
771 4667 918 4762 pulcros
938 4667 1129 4765 rhythmos
1145 4672 1252 4763 poeta
1270 4673 1395 4743 noster
1412 4669 1524 4745 labri-

355 4788 451 4863 cavit
483 4786 520 4861 in
559 4797 634 4864 tam
669 4788 798 4883 pulcra
832 4787 1002 4862 materia:
1029 4808 1076 4863 en
1108 4809 1182 4883 qno
1212 4796 1363 4884 apparet
1388 4810 1522 4865 vorum

416 5047 444 5110 (¹)
461 5049 515 5104 mr,
531 5046 605 5107 scer,
621 5047 704 5097 oum
719 5047 775 5097 uu·
791 5047 850 5097 rto,
1019 5045 1048 5107 l¹l
1065 5046 1095 5097 ll
1112 5047 1139 5097 ¹²¹
1155 5047 1204 5098 nne
1221 5048 1326 5099 amous
