4342 6692
653 877 724 944 472
1042 887 1247 942 cumbunt
1271 887 1440 942 stabulet

652 1035 746 1109 milis
771 1033 1024 1127 salamandrae,
1050 1051 1146 1127 quae,
1173 1039 1215 1106 ut
1239 1032 1324 1107 dicit
1349 1031 1497 1125 Plinius,
1522 1031 1553 1105 si
1578 1029 1740 1107 ascendit
1763 1050 1827 1104 ar-

652 1156 781 1230 borem
808 1153 919 1229 inlicit
942 1152 1165 1250 generaliter
1189 1172 1319 1227 omnes
1336 1152 1489 1246 tructus,
1506 1151 1557 1225 ita
1577 1149 1678 1245 quod
1698 1169 1827 1224 omnes

651 1281 776 1371 postea
792 1277 980 1372 gustantes
997 1271 1082 1346 inde
1100 1271 1331 1367 moriuntur,
1358 1273 1409 1347 ita
1434 1271 1551 1347 Adam
1576 1279 1731 1369 gustans
1748 1270 1829 1344 tru-

652 1403 752 1471 ctum
764 1395 905 1470 arboris
918 1393 1040 1469 iniecit
1052 1413 1181 1468 omnes
1193 1393 1337 1468 animas
1349 1399 1584 1488 posterorum
1598 1392 1663 1487 qui
1676 1392 1830 1466 luerunt

652 1517 690 1591 in
707 1516 837 1592 eadem
856 1515 1091 1590 damnatione
1106 1535 1245 1589 secum.
1256 1509 1375 1588 -Nel
1392 1515 1458 1590 llic
1475 1514 1620 1589 Beatrix
1638 1513 1714 1587 istis
1732 1531 1829 1607 prae·

652 1637 770 1712 missis
788 1637 914 1712 volens
931 1636 1058 1711 venire
1077 1636 1125 1711 ad
1141 1636 1375 1731 solutionem,
1393 1636 1477 1711 iacit
1495 1656 1607 1710 uuam
1628 1634 1829 1710 distinotio-

653 1779 739 1834 nem
766 1758 1023 1851 bimembrem,
1044 1763 1087 1830 ut
1114 1778 1187 1832 una
1204 1764 1309 1853 parte
1328 1763 1471 1833 cassata
1486 1755 1681 1831 concludat
1697 1775 1827 1831 neces·

653 1879 750 1954 sario
776 1880 942 1954 alteram.
961 1877 1055 1953 uicit
1074 1898 1183 1975 ergo:
1203 1873 1432 1952 Ndm'eoorur
1445 1879 1594 1971 potensi
1614 1877 1674 1952 illa
1691 1883 1827 1951 natura

653 2001 816 2075 bumana
841 1999 1025 2093 damnata,
1051 2021 1089 2072 se
1113 2005 1149 2072 tu
1174 1999 1257 2073 dodi
1289 2000 1355 2072 ben
1384 2001 1600 2090 somnone,
1629 1998 1731 2092 idest,
1760 1995 1827 2071 ad·

653 2121 764 2196 vertis
790 2121 955 2214 solerter,
975 2141 1044 2213 per
1073 2123 1203 2194 abono
1234 2122 1305 2212 oio,
1330 2140 1441 2192 senza
1464 2139 1600 2212 postor
1627 2139 1694 2210 per
1717 2136 1766 2190 un
1791 2117 1831 2190 di

654 2245 762 2334 questi
784 2239 1032 2335 quostquam
1056 2238 1172 2314 dieat:
1198 2240 1317 2314 altero
1342 2238 1497 2313 istorum
1526 2236 1738 2330 modorum,
1757 2237 1829 2310 sci-

654 2359 749 2453 licet,
775 2359 834 2434 vel
864 2359 963 2453 quod
996 2359 1107 2453 Deus,
1135 2360 1193 2435 vel
1226 2358 1327 2454 quod
1356 2359 1468 2432 bomo
1502 2357 1689 2433 bominem
1722 2377 1828 2452 repa·

655 2487 772 2575 raret;
799 2479 897 2555 uude
921 2479 1025 2554 dicit:
1052 2501 1074 2552 o
1091 2482 1152 2552 cire
1168 2483 1239 2553 Dio
1253 2501 1320 2572 per
1336 2499 1404 2554 sua
1419 2483 1583 2572 cortesis,
1603 2478 1706 2572 idest,
1723 2497 1829 2552 mera

655 2601 882 2696 liberalitate,
908 2621 981 2675 non
1008 2620 1053 2676 ex
1080 2599 1214 2695 debito,
1240 2603 1390 2675 ‹timesso
1414 2621 1546 2692 averse,
1561 2600 1582 2643 *
1595 2599 1698 2693 idest,
1716 2597 1828 2674 remi·

655 2723 759 2798 sisset
784 2723 944 2816 culpam,
969 2741 992 2792 o
1017 2723 1077 2794 cle
1103 2723 1220 2795 duom
1238 2725 1460 2816 permisso,
1480 2741 1547 2817 per
1563 2719 1829 2816 poenitentiam,

655 2843 806 2918 averse*
821 2835 857 2934 (¹)
879 2844 1086 2936 suddissatto
1103 2864 1128 2915 o
1144 2863 1210 2915 suo
1225 2844 1342 2936 sollio,
1360 2842 1462 2938 idest,
1482 2863 1553 2917 suo
1573 2841 1657 2916 lallo
1678 2847 1717 2916 et
1740 2861 1830 2936 pm-

656 2971 749 3040 cato.
763 3003 813 3016 -
826 2965 940 3036 lima.
965 2962 1030 3035 llio
1052 2962 1202 3036 Beatrir
1228 2963 1382 3038 intendit
1400 2983 1548 3038 cassare
1567 2967 1711 3058 partem
1736 2960 1830 3036 divi·

656 3082 765 3158 sionis
791 3102 864 3156 non
889 3101 1032 3176 veram,
1058 3082 1195 3157 scilieet
1219 3083 1319 3178 quod
1344 3084 1457 3158 bomo
1487 3104 1554 3178 per
1582 3103 1623 3158 se
1648 3103 1724 3157 uon
1749 3087 1831 3156 erat

656 3203 841 3278 sufficiens
866 3202 914 3277 ad
939 3203 1209 3298 reparationem
1242 3204 1399 3278 bominis
1428 3204 1527 3300 lapsi.
1558 3203 1612 3279 Ad
1644 3203 1744 3299 quod
1776 3208 1832 3278 est

657 3323 858 3398 notandum
894 3322 992 3418 quod
1022 3324 1134 3399 bomo
1167 3325 1301 3399 cadens
1330 3325 1368 3399 in
1396 3327 1543 3421 eulpam
1576 3332 1781 3400 recesserat
1808 3345 1832 3398 a

657 3441 832 3538 principio
857 3441 1121 3537 potentissimo,
1148 3441 1503 3539 benevolentissime,
1531 3444 1614 3519 ideo
1638 3449 1831 3518 corruerat

657 3563 696 3636 in
719 3560 981 3655 infirmitatem,
1006 3561 1263 3658 ignorantiam,
1282 3563 1568 3660 malignitatem
1594 3568 1632 3639 et
1655 3563 1701 3637 de
1725 3561 1832 3659 spiri·

657 3681 746 3756 tuali
773 3679 926 3755 ellectus
951 3686 1005 3754 est
1031 3683 1198 3778 carnalis,
1222 3683 1412 3778 sensualis,
1429 3683 1574 3778 ineptus
1598 3682 1644 3758 ad
1668 3682 1830 3757 divinam

658 3803 833 3876 virtutem
852 3800 1078 3875 imitandam.
1092 3800 1146 3877 sd
1160 3803 1304 3878 literam
1322 3823 1431 3902 ergo:
1448 3805 1597 3880 Beatrix
1611 3804 1730 3899 primo
1747 3803 1834 3879 red-

658 3923 710 3998 dit
722 3928 891 3998 autorem
909 3927 1092 3998 attentum
1110 3924 1157 3998 ad
1173 3923 1456 4020 improbandum
1471 3947 1587 4000 unum
1607 3925 1834 4018 membrum,

659 4044 798 4119 dicens:
816 4039 920 4117 Fumo
932 4064 989 4116 mo
1008 4045 1030 4118 t
1039 4046 1170 4136 occlto,
1183 4044 1286 4140 idest,
1299 4047 1584 4142 speculationem
1603 4047 1853 4141 intellectua-¹

659 4165 745 4260 lem,
768 4185 835 4258 per
859 4172 959 4238 eiuro
984 4165 1150 4256 labbeo,
1175 4165 1279 4261 idest,
1304 4167 1602 4262 profunditatem,
1626 4171 1707 4243 dett
1715 4177 1834 4243 eterno

660 4288 841 4378 oonsiplio,
867 4285 930 4380 qui
948 4285 1008 4360 siu·
1016 4285 1180 4362 decrevit
1205 4287 1242 4361 in
1267 4294 1408 4364 aeterno
1432 4289 1583 4365 consilio
1603 4309 1684 4385 suo,
1702 4297 1835 4383 quanto

656 4408 745 4498 pstor·
768 4408 1035 4480 distrettomente
1056 4409 1155 4500 fisso,
1173 4406 1275 4502 idest,
1301 4415 1483 4503 quantum
1509 4409 1678 4505 possibile
1698 4416 1755 4485 est
1778 4410 1836 4484 in-

661 4527 820 4602 tellectui
847 4527 884 4601 in
909 4547 1065 4622 corpore
1091 4528 1249 4603 bominis
1273 4529 1429 4604 viventis
1453 4535 1491 4604 et
1515 4550 1583 4625 per
1598 4531 1743 4606 -ooelum
1764 4531 1837 4606 dis-

660 4647 854 4743 currentis,
880 4651 919 4722 al
943 4653 1012 4723 mio
1026 4652 1173 4742 partor,
1191 4649 1291 4745 quod
1307 4671 1398 4746 paro
1417 4651 1557 4745 iacere3
1575 4656 1613 4725 et
1629 4671 1736 4727 ecce:
1763 4673 1838 4728 nou

656 4775 762 4859 poteo
787 4769 926 4842 leonto
950 4771 1008 4842 nei
1032 4772 1171 4842 ornem
1193 4773 1283 4862 suoi,
1308 4770 1444 4845 scilicet
1469 4770 1505 4845 in
1531 4771 1633 4866 puris
1656 4773 1836 4848 naturali·

724 5029 751 5092 ι’)
767 5029 804 5078 Le
820 5029 909 5093 parole
925 5029 965 5082 ira
982 5033 990 5082 i
1006 5032 1057 5084 due
1072 5033 1206 5086 nument
1221 5045 1269 5086 tou
1283 5034 1396 5099 supplite
1410 5035 1480 5102 degli
1495 5035 1555 5088 altri
1571 5041 1612 5088 tre
1627 5035 1722 5089 mutu.
