4342 6692
629 888 768 945 cunnus
793 891 985 946 vrassmus
1009 890 1186 957 ounnrus.
1446 882 1495 950 so

322 1044 463 1136 guntur
487 1034 598 1134 geniti
624 1036 661 1109 in
686 1055 786 1131 aere,
813 1036 849 1111 iu
875 1036 985 1130 nube,
1003 1036 1049 1111 ad
1067 1037 1301 1112 indicandum
1326 1039 1494 1116 velocem

322 1158 529 1233 discursum
550 1176 695 1251 eorum,
713 1161 751 1231 et
767 1155 910 1231 facilem
928 1156 1216 1255 dissolutionem,
1233 1158 1322 1253 quia
1339 1158 1386 1234 dc
1401 1161 1493 1235 bora
1546 1241 1551 1259 ,

323 1278 361 1352 in
385 1278 517 1351 horam
543 1274 824 1371 disperduntur;
850 1274 932 1351 ideo
957 1296 1052 1351 vane
1077 1276 1269 1371 indantur5
1286 1280 1347 1351 cte
1365 1280 1494 1371 satelli,

323 1397 426 1491 idest,
444 1398 508 1491 qui
525 1396 653 1491 saturi,
667 1396 747 1472 satii
767 1398 852 1471 vinu
870 1402 906 1471 et
923 1396 1016 1491 cibo,
1034 1398 1245 1471 combuttero
1263 1404 1376 1492 Tereo,
1391 1400 1494 1495 idest,

325 1516 637 1614 impugnaverunt
656 1510 706 1611 (¹),
737 1520 793 1590 coi
828 1519 935 1609 doppt
966 1520 1063 1610 petti,
1093 1517 1194 1612 idest,
1224 1539 1310 1593 cum
1345 1526 1495 1620 pectore

324 1640 488 1713 humano
513 1645 550 1713 et
575 1637 722 1733 equino.
747 1638 792 1711 Et
816 1638 875 1711 hic
901 1648 986 1714 uota
1011 1639 1111 1732 quod
1144 1638 1182 1713 in
1206 1639 1374 1715 convivio
1401 1642 1495 1714 Cen·

325 1764 521 1833 taurorum
547 1778 570 1833 a
595 1758 737 1833 Baccbo
760 1758 994 1833 concurritur
1010 1757 1056 1833 ad
1074 1760 1239 1853 Martem,
1257 1766 1300 1833 ut
1318 1760 1495 1835 misceant

324 1878 453 1952 vinum
478 1898 565 1952 cum
591 1878 781 1973 sanguine,
809 1878 908 1971 quod
938 1878 1134 1953 noluerant
1159 1878 1349 1975 lymphare
1373 1900 1491 1975 aqua,

323 1995 406 2073 ideo
423 1997 518 2071 bene
535 1999 632 2072 male
649 2003 793 2093 captam
819 2017 903 2071 cum
931 1998 1110 2094 sauguine
1132 2016 1354 2073 revomuere
1380 2000 1494 2074 victo-

313 2116 538 2192 riam-E
558 2118 660 2208 degli.
687 2116 752 2191 llic
777 2116 907 2191 ultimo
930 2123 1038 2211 poeta
1055 2116 1213 2193 adducto
1229 2119 1398 2213 exemplo
1423 2118 1494 2193 im·

323 2235 511 2311 moderate
528 2236 733 2331 potantium
746 2236 888 2330 vinum,
901 2236 965 2330 qui
978 2242 1239 2332 pugnaverunt
1254 2258 1341 2312 cum
1361 2244 1492 2331 morte,

321 2354 468 2431 adducit
502 2358 713 2451 exemplum
744 2356 987 2431 immoderate
1020 2356 1223 2430 bibentium
1254 2378 1403 2452 aquam,
1430 2358 1494 2452 qui

324 2474 479 2570 turpiter
504 2474 644 2551 exclusi
668 2482 800 2550 sunta
825 2494 950 2571 pugna
963 2466 1002 2567 (²)
1028 2482 1066 2549 et
1091 2475 1243 2550 victoria
1259 2476 1429 2571 gloriosa.
1451 2477 1495 2549 Et

322 2594 369 2669 ad
393 2594 665 2691 intelligendam
691 2595 834 2670 literam
862 2601 917 2669 est
942 2594 1044 2689 prius
1070 2596 1365 2691 memorandum,
1383 2596 1494 2692 quod,

322 2716 416 2793 sicut
440 2722 559 2811 potest
583 2716 711 2791 haberi
741 2735 789 2791 er
818 2714 911 2790 libro
941 2714 1110 2791 iudicum
1142 2722 1179 2791 et
1211 2717 1367 2811 Josepbo
1401 2717 1493 2791 libro

322 2836 602 2932 Antiquitatum,
620 2856 706 2911 cum
732 2835 870 2911 hebraei
889 2842 1115 2933 urgerentur
1130 2836 1228 2912 laune
1245 2844 1283 2912 et
1299 2836 1395 2913 bello
1414 2857 1494 2910 ma·

322 2957 556 3051 diauitarum‚
574 2956 637 3051 qui
662 2956 726 3030 diu
749 2957 843 3032 irato
861 2956 937 3031 Deo
953 2964 1211 3052 oppresserant
1230 2978 1305 3049 eos,
1326 2956 1494 3032 conversi

322 3078 369 3153 ad
394 3077 590 3151 Dominum
617 3096 704 3151 cum
734 3075 903 3171 precibus
935 3081 972 3150 et
1003 3075 1175 3173 lacrymis
1189 3144 1192 3149 .
1206 3076 1492 3152 misericordiam

321 3196 540 3293 petiverunt.
567 3196 669 3271 Tunc
700 3195 854 3293 angelus
880 3194 1023 3269 Domini
1047 3196 1218 3291 apparuit
1247 3195 1407 3271 Gedeoni
1429 3196 1493 3291 ju-

317 3318 405 3395 reui
431 3317 608 3393 mandans
633 3323 675 3391 ut
699 3315 872 3392 liberaret
898 3314 988 3391 filios
1013 3315 1137 3391 Israel.
1164 3316 1208 3389 lit
1233 3337 1320 3390 cum
1344 3315 1493 3419 Gedeou

320 3445 579 3536 congregasset
602 3438 751 3535 triginta
768 3436 880 3512 millia
895 3436 1119 3532 judaeorum,
1137 3457 1222 3530 quae
1241 3438 1351 3511 turba
1376 3458 1494 3532 pauca

320 3559 514 3635 ridebatur
534 3566 703 3656 respectu
720 3558 1017 3651 madianitarum,
1035 3556 1099 3650 qui
1124 3564 1316 3652 tamquam
1343 3559 1494 3635 locuste

320 3686 591 3775 cooperuerant
614 3686 765 3773 terram,
783 3676 962 3753 llominus
986 3676 1172 3752 mandavit
1188 3676 1349 3752 Gedeoni
1371 3683 1411 3751 ut
1432 3698 1494 3753 re·

320 3800 483 3875 mitteret
500 3800 644 3875 timidus
659 3790 710 3893 (³),
727 3804 764 3875 et
782 3798 920 3874 reversi
937 3804 1022 3872 sunt
1039 3797 1167 3893 viginti
1185 3796 1295 3871 millia
1313 3798 1492 3873 virorum.

321 3920 461 3996 lterum
486 3918 663 3995 Dominus
688 3919 814 3994 volens
839 3918 906 3993 sibi
933 3917 1124 3993 victoriam
1154 3938 1227 3992 non
1262 3917 1401 3992 viribus
1427 3919 1494 3991 bo·

321 4041 465 4116 minum
491 4040 676 4135 imputari,
702 4039 888 4115 mandavit
916 4038 1077 4113 Gedeoui
1104 4044 1146 4111 ut
1169 4037 1323 4113 duceret
1351 4059 1416 4113 eos
1446 4038 1493 4113 ad

321 4183 460 4257 aquam
480 4162 517 4236 iu
539 4160 659 4237 medio
675 4159 809 4235 ardore
825 4159 933 4252 solis3
952 4158 1069 4253 etqui
1087 4157 1253 4233 biberent
1274 4179 1362 4234 cum
1378 4179 1492 4233 manu

321 4269 526 4373 duceretl‘)
552 4300 699 4375 secum,
726 4278 789 4373 qui
814 4286 940 4353 autem
971 4276 1126 4374 genibus
1155 4278 1258 4351 lleais
1288 4278 1494 4353 lamberent

321 4420 429 4477 more
453 4422 601 4495 canum,
628 4400 832 4476 remitteret
848 4398 1013 4474 domum.
1031 4398 1113 4485 Quo
1131 4398 1237 4492 lacto,
1251 4398 1386 4473 inventi
1407 4405 1494 4473 sunt

321 4520 474 4596 trecenti
509 4527 653 4597 tautum
688 4540 803 4594 mauu
836 4518 1013 4612 bibentes,
1048 4538 1135 4593 cum
1174 4516 1307 4611 quibus
1344 4518 1493 4595 Gedeon

321 4640 501 4715 transiens
517 4639 715 4721 Iordanem
733 4638 851 4733 prima
868 4637 989 4735 vigilia
1008 4636 1124 4712 noctis
1139 4637 1270 4712 invasit
1286 4638 1491 4713 exercitum

322 4760 555 4835 inimicorum
580 4759 732 4858 singulis
756 4757 986 4853 portantibus
1011 4757 1173 4853 singulas
1198 4758 1317 4852 tubas,
1343 4759 1492 4856 lagenas

324 4900 344 4909 -
386 4945 412 5007 (¹)
428 4944 460 4997 Ε.
476 4918 680 5009 pugnaverunu
751 4941 779 5007 (¹)
795 4944 825 4994 lt
842 4956 927 5007 pugna
943 4956 1005 4993 cum
1021 4942 1137 4994 victoria.
1225 4940 1253 5005 (¹)
1269 4945 1324 5003 111,
1341 4942 1493 4997 timidiores.

386 5022 413 5085 (¹)
430 5022 584 5103 &duceret
599 5023 658 5075 dtus
673 5035 770 5076 mum.
780 5048 811 5061 -
822 5025 876 5082 117,
892 5020 1032 5071 adduceret
1047 5032 1145 5071 secum
