4342 6692
631 928 772 984 caurus
799 929 990 984 vrnrsruus
1013 929 1156 984 narnus.
1430 919 1473 988 13

302 1073 507 1169 provincias
524 1074 683 1170 Judaeae3
706 1074 768 1149 sed
790 1081 914 1150 certus
940 1075 1056 1150 lactus
1082 1073 1180 1168 quod
1206 1075 1326 1148 omnis
1350 1078 1475 1150 multi-

302 1194 391 1268 tudo
412 1195 624 1290 judaeorum
651 1202 875 1270 convenerat
899 1195 1189 1291 Hierosolymam
1217 1194 1264 1269 ad
1288 1195 1475 1272 offerenda

302 1314 477 1390 sacrificia
494 1316 570 1390 Deo
587 1336 656 1390 suo
673 1316 876 1391 secundum
896 1335 1037 1391 morem
1056 1315 1295 1409 antiquorum
1313 1322 1474 1411 patrum,

303 1433 410 1509 motis
435 1436 545 1532 signis
571 1435 682 1509 cinxit
707 1442 820 1510 totam
848 1437 981 1512 urbem
1007 1435 1214 1529 obsidione3
1235 1436 1299 1511 sed
1319 1436 1405 1529 quia
1421 1437 1475 1510 ci-

302 1553 392 1628 vitas
418 1553 640 1629 nobilissima
671 1556 803 1651 regalis
834 1563 915 1631 erat
946 1553 1238 1652 inexpugnabilis
1269 1555 1474 1629 munitione

302 1695 497 1749 murorum
530 1682 568 1750 et
600 1675 830 1752 multitudine
861 1677 1039 1770 virorum,
1067 1682 1175 1750 vetus
1199 1675 1473 1770 perseverantia

303 1797 543 1870 romanorum
570 1797 651 1890 plus
668 1797 785 1892 potuit
805 1817 916 1890 quam
932 1791 969 1889 (¹)
994 1795 1185 1890 obstinata,
1204 1795 1366 1870 inaudita
1387 1816 1473 1890 per-
1575 1778 1578 1785 ⁴

302 1915 433 1990 tinacia
454 1916 678 2011 judaeorum.
704 1916 837 1992 Civitas
860 1938 950 2015 ergo
967 1917 1014 1991 ab
1029 1924 1135 1990 extra
1154 1910 1318 1990 bostium'
1332 1916 1472 1990 viribus

302 2037 564 2132 quassabatur3
590 2037 688 2112 intus
714 2057 804 2111 vero
829 2037 1013 2111 crudelius
1044 2036 1326 2112 dissensionibus
1356 2057 1472 2112 vexa-

301 2158 421 2233 batur.
446 2158 538 2232 Nam
566 2163 641 2232 tres
668 2156 823 2254 tyranni,
850 2157 984 2232 scilicet
1009 2158 1179 2251 loannes,
1206 2157 1344 2249 Simon,
1365 2157 1471 2232 Elea·
1606 2174 1609 2178 ’
1716 2229 1721 2238 .

301 2299 410 2353 zarus
427 2283 698 2372 occupaverant
711 2284 790 2384 tres
808 2276 976 2374 regiones
993 2277 1107 2372 urbis,
1120 2277 1184 2371 qui
1199 2277 1283 2352 licet
1301 2276 1472 2352 videren-

300 2405 363 2473 tur
379 2397 577 2472 oonoordes
595 2404 722 2472 contra
740 2399 863 2474 hostes
877 2403 1000 2471 tamen
1014 2417 1112 2492 saepe
1123 2398 1227 2474 bellis
1239 2397 1469 2472 lacerabant:

300 2519 363 2593 sed
388 2537 457 2592 nec
482 2516 660 2591 discordia
685 2516 833 2610 civium,
855 2538 923 2592 nec
945 2517 1052 2592 ruina
1078 2537 1287 2611 murorum,
1313 2536 1381 2590 nec
1406 2535 1471 2590 oc·

254 2639 260 2648 ’
301 2638 387 2713 cisio
413 2638 593 2729 virorum,
621 2655 688 2710 nec
714 2637 835 2711 suasio
861 2637 1004 2710 romani
1031 2635 1212 2731 principis,
1241 2636 1304 2731 qui
1334 2655 1398 2710 eos
1422 2635 1470 2710 ad

302 2777 428 2852 pacem
447 2755 632 2849 invitabat,
645 2762 846 2851 potuerunt
863 2757 1010 2830 llectere
1026 2765 1173 2854 gentem
1187 2755 1292 2830 durae
1304 2755 1468 2848 cervicis,

302 2885 441 2951 utnon
467 2876 586 2971 potius
612 2877 747 2950 vellent
771 2877 893 2950 omnia
916 2883 1081 2952 extrema
1103 2879 1285 2952 tollerare.
1304 2875 1466 2969 interim,

300 2999 445 3072 Nerone
470 2996 625 3089 sublato,
643 2995 894 3090 Vespasianus,
921 2996 1003 3071 licet
1027 2996 1161 3070 invitus
1181 3003 1219 3072 et
1234 2996 1384 3071 omnino
1405 3015 1468 3070 re-

300 3101 443 3209 cusans,
470 3115 811 3222 lactus'imperator
842 3136 864 3190 a
894 3115 1067 3189 militibus
1101 3116 1205 3190 rediit
1235 3115 1403 3210 Romam,
1429 3123 1468 3189 et

242 3271 244 3281 ·
300 3236 411 3310 Titus'
426 3235 521 3310 lilius
547 3236 627 3310 eius
647 3235 793 3330 juvenis
811 3236 977 3310 omnium
999 3236 1268 3312 laudatissimus
1291 3235 1467 3311 remansit

297 3356 374 3429 dux
401 3343 496 3451 belli,
523 3356 586 3452 qul
606 3355 727 3451 'ipsam
753 3356 969 3449 Jerusalem,
989 3355 1134 3451 cognita
1157 3356 1355 3451 pertinacia
1380 3376 1467 3450 per-

163 3493 165 3496 ·
298 3475 378 3551 lidee
402 3475 533 3572 gentis,
561 3476 677 3572 magis
702 3475 857 3550 arctavit
882 3482 919 3550 et
943 3475 989 3549 ad
1009 3480 1148 3548 tantam
1169 3475 1328 3570 inopiam
1349 3474 1466 3550 dedu-

299 3595 362 3690 xit,
388 3595 488 3690 quod
514 3596 635 3670 omnia
662 3595 846 3690 incognita
871 3593 998 3669 usibus
1023 3595 1196 3669 humanis
1211 3596 1247 3669 in
1265 3616 1352 3671 suos
1368 3594 1467 3669 cibos

297 3722 568 3790 converterunt.
596 3715 755 3789 Tandem
783 3714 969 3789 obsidione
1001 3716 1213 3792 continuata
1244 3717 1335 3790 urbs
1359 3719 1465 3810 capta

298 3843 353 3911 est
377 3842 414 3910 et
439 3837 474 3909 in
502 3841 624 3909 turres
649 3834 862 3930 praecipuas,
881 3835 925 3909 in·
942 3855 1080 3929 arcem,
1098 3835 1135 3909 in
1154 3835 1333 3930 templum
1359 3833 1466 3908 saeri·

298 3961 376 4028 tum
403 3963 476 4050 est:
503 3961 540 4028 et
569 3953 695 4028 civitas
726 3955 841 4028 muris
871 3955 1020 4049 nudata,
1046 3962 1083 4030 et
1110 3955 1278 4032 undecim
1310 3961 1464 4030 centena

298 4075 407 4149 millia
428 4074 639 4171 judaeorum
666 4075 773 4170 lame,
798 4075 909 4170 terro,
936 4076 1114 4170 incendio,
1139 4082 1176 4150 et
1201 4076 1301 4150 omni
1326 4093 1468 4171 genere

298 4176 405 4289 pestis
430 4202 645 4291 consumpta
665 4203 770 4270 sunt:
792 4202 926 4270 caetera
949 4195 1143 4270 multitudo
1163 4195 1199 4270 in
1217 4195 1462 4290 captivitatem

297 4319 334 4388 et
358 4314 572 4389 servitutem
598 4315 765 4412 gentium
785 4313 940 4390 deducta
959 4321 1023 4390 est.
1043 4315 1097 4389 Ex
1117 4337 1193 4410 quo
1209 4322 1377 4410 tempore
1394 4315 1464 4387 rni-

295 4453 379 4507 sera
402 4453 492 4529 gens
518 4435 594 4510 Deo
610 4427 645 4527 (¹)
674 4442 712 4510 et
735 4435 907 4510 omnibus
936 4435 1107 4531 gentibus
1135 4435 1259 4510 odiosa
1287 4455 1354 4530 per
1379 4435 1465 4509 uni-

295 4571 445 4626 versum
471 4552 599 4627 orbem
625 4553 786 4648 dispersa
812 4553 992 4628 serviliter
1016 4553 1106 4628 vivit
1134 4560 1172 4628 et
1198 4554 1309 4628 durat
1333 4554 1371 4627 in
1396 4574 1465 4628 sua

296 4671 453 4746 miseria.
480 4672 585 4747 Nunc
609 4674 737 4748 ordina
762 4673 813 4748 sic
838 4673 1002 4747 literam:
1028 4676 1148 4762 Quello
1162 4676 1300 4766 spirito
1318 4673 1463 4768 scilicet,

296 4791 441 4886 Statius,
467 4795 614 4885 mspose,
639 4792 805 4889 Virgilio:
831 4795 866 4865 io
891 4812 955 4866 era
980 4795 1018 4868 dt
1036 4783 1087 4883 ld,
1113 4793 1149 4867 in
1176 4793 1315 4868 mundo
1335 4794 1464 4868 riven-

358 4980 385 5039 (¹)
401 4977 431 5030 E·
448 4993 526 5042 quum
543 4982 682 5044 pertinacia
694 4981 851 5046 judeorum.

356 5051 384 5115 l’l
400 5054 431 5104 E.
448 5055 503 5106 Deo
518 5061 545 5107 ct
561 5057 716 5118 bominibus,
732 5063 759 5108 et
774 5056 892 5120 genllbus
907 5058 1027 5108 omnibus
1042 5060 1138 5111 odioso.
