4342 6692
696 892 769 959 m
1053 900 1260 957 oonuvrux
1284 902 1506 959 rurnamnu

696 1054 764 1125 Por·
786 1051 859 1124 vtdt
883 1056 1023 1141 prtum
1046 1051 1084 1122 in
1109 1052 1211 1123 umile
1224 1056 1381 1143 parum
1402 1048 1489 1144 quia
1514 1048 1543 1123 si
1566 1050 1706 1125 Paulus
1730 1052 1868 1129 lecerat

695 1168 785 1243 milri
810 1170 981 1244 timorem
1008 1188 1096 1243 eum
1122 1189 1221 1263 ense,
1246 1169 1304 1243 isti
1338 1170 1504 1245 leeerunt
1537 1168 1626 1245 mihi
1650 1192 1753 1267 spem
1780 1192 1866 1247 oum

693 1310 815 1387 penna
840 1288 1060 1365 declarando
1086 1290 1174 1363 milri
1194 1289 1290 1365 meta
1310 1289 1414 1364 Pauli
1431 1296 1469 1365 et
1483 1289 1641 1365 aliarum
1668 1292 1869 1387 scriptura-

693 1432 791 1485 rum.
818 1412 960 1485 Horum
986 1410 1127 1505 primus
1146 1416 1208 1485 ,est
1231 1410 1457 1507 Augustinus
1481 1411 1805 1487 excellentissimus
1829 1414 1868 1489 in

694 1530 948 1627 simulatione,
973 1530 1128 1611 malleus
1158 1530 1428 1605 hereticorum.
1462 1528 1653 1605 Secundus
1686 1532 1867 1629 Hierony·

694 1672 780 1727 urus
810 1652 993 1727 excellens
1021 1649 1060 1723 in
1093 1649 1260 1745 historiis,
1287 1650 1350 1745 qui
1375 1652 1499 1726 omnia
1531 1651 1676 1727 novisse
1707 1654 1864 1729 videtur.
1981 1718 1983 1723 .

693 1772 837 1847 Tertius
861 1771 1075 1847 Ambrosius
1101 1776 1228 1867 potens
1253 1771 1521 1867 predicatione.
1538 1773 1701 1860 Quartus
1724 1774 1866 1871 Grego-

694 1893 772 1967 rius
794 1893 832 1966 in
859 1891 1075 1967 moralitate.
1103 1892 1156 1967 lle
1180 1891 1352 1967 omnibus
1383 1891 1457 1967 istis
1489 1891 1632 1968 dicetur
1662 1894 1803 1990 plenius
1829 1896 1865 1969 in

693 2012 876 2088 Paradiso.
902 2011 947 2085 Et
972 2010 1102 2084 ultimo
1128 2015 1235 2105 poeta
1260 2010 1425 2086 nominat
1450 2032 1567 2086 unum
1591 2032 1730 2101 senem,
1751 2032 1863 2107 quen

686 2114 797 2230 'lingit
830 2132 956 2207 venire
975 2123 1012 2223 (⁴)
1045 2131 1303 2223 dormientem,
1338 2152 1451 2226 quem
1487 2132 1592 2206 multi
1625 2131 1751 2207 dicunt
1785 2154 1866 2209 esse

691 2254 869 2329 loanoem
895 2252 1171 2347 evangelistam,
1190 2253 1253 2347 qui
1273 2251 1486 2326 obdormuit
1510 2272 1622 2347 supra
1648 2260 1775 2347 peetus
1793 2254 1864 2328 llo·

693 2373 800 2447 mini:
827 2370 890 2447 sed
915 2373 985 2447 hoc
1011 2392 1084 2447 non
1111 2372 1256 2446 videtur
1280 2373 1512 2466 conveniens,
1538 2379 1617 2447 tum
1649 2373 1734 2466 quia
1762 2374 1866 2467 poni·

693 2500 756 2567 tur
772 2500 853 2589 post
868 2493 1037 2567 doctores
1053 2512 1147 2587 quus
1166 2498 1265 2566 tanto
1283 2499 1450 2587 tempore
1468 2494 1662 2588 praecessit,
1679 2499 1760 2567 tum
1778 2492 1863 2586 quia

688 2614 769 2709 jam
795 2614 933 2708 positus
958 2619 1014 2687 est
1029 2632 1154 2708 supra,
1171 2618 1251 2686 tum
1275 2612 1360 2707 qnia
1373 2613 1539 2708 juvenis3
1557 2612 1619 2687 sed
1637 2613 1748 2687 credo
1765 2612 1862 2707 quod

692 2734 868 2828 loquatur
896 2732 943 2807 de
971 2732 1080 2807 beato
1111 2731 1308 2807 Bernardo.
1339 2731 1441 2807 Unde
1473 2732 1566 2807 sicut
1598 2735 1717 2827 posuit
1750 2754 1861 2831 supra

690 2854 886 2929 llatlrildim
912 2852 1129 2929 modernam
1155 2872 1222 2949 pro
1241 2852 1314 2926 vita
1331 2851 1450 2927 activa
1467 2852 1504 2926 in
1524 2853 1691 2947 paradiso
1714 2854 1862 2931 delicia·

691 2994 777 3047 rum
803 2974 842 3047 in
866 2974 939 3049 tine
963 2972 1182 3069 Purgatnrii,
1201 2972 1249 3045 ita
1271 2972 1370 3066 ponit
1390 2972 1617 3047 Bernardnm
1640 2973 1860 3049 modernum

690 3114 758 3189 pro
783 3093 858 3169 vita
873 3092 1156 3187 contemplativa
1173 3092 1210 3165 in
1228 3090 1300 3166 fine
1320 3091 1491 3167 Paradisi.
1510 3091 1569 3165 lsti
1588 3111 1678 3187 ergo
1702 3093 1862 3169 maxime

689 3212 915 3288 conveniunt
938 3234 1023 3306 que
1048 3213 1107 3288 hic
1131 3211 1218 3287 dicit
1241 3220 1362 3307 poeta,
1379 3212 1466 3307 quia
1485 3212 1552 3285 luit
1570 3232 1683 3287 senex
1704 3233 1862 3291 venere·

692 3333 773 3408 bilis
797 3339 835 3407 et
858 3332 987 3407 doctor
1012 3354 1191 3428 magnus3
1208 3332 1290 3405 ideo
1313 3332 1433 3406 statim
1461 3332 1562 3428 pouit
1587 3352 1673 3406 eum
1701 3340 1781 3428 post
1796 3332 1862 3409 dn·

689 3459 822 3527 utores.
848 3452 940 3527 Dicit
963 3473 1074 3549 ergo:
1101 3474 1120 3525 e
1143 3454 1278 3527 diretro
1302 3454 1352 3525 da
1379 3455 1464 3546 lulli,
1489 3459 1568 3547 post
1588 3451 1766 3547 doctores,
1789 3456 1862 3527 um

693 3577 792 3647 venir
814 3595 863 3647 uu
888 3576 1023 3647 venetio
1046 3576 1135 3666 solo,
1164 3573 1252 3668 quia
1282 3573 1491 3647 Bernardus
1516 3574 1583 3647 luit
1608 3574 1713 3649 valde
1739 3574 1862 3649 solita·

690 3693 778 3788 rius,
804 3696 1011 3787 dermendO,
1031 3693 1118 3788 quia
1137 3692 1441 3788 contemplativus
1468 3692 1586 3787 nimis,
1604 3714 1670 3767 eon
1688 3696 1725 3767 la
1746 3696 1861 3788 suedo

689 3821 841 3907 moretm
867 3813 953 3908 quia
978 3812 1048 3886 luit
1070 3812 1193 3886 audax
1219 3813 1379 3886 multum
1406 3818 1533 3887 contra
1559 3812 1717 3907 vitiosos,
1737 3819 1778 3889 ut
1795 3834 1860 3909 pa·

689 3934 780 4009 tebit
805 3932 965 4007 Paradisi
991 3932 1204 4028 penultimo.
1222 3932 1290 4007 lllii
1315 3933 1425 4007 diam
1453 3934 1581 4007 volunt
1606 3934 1705 4028 quod
1729 3936 1860 4029 loqua-

689 4061 751 4128 tur
775 4054 823 4129 de
846 4055 984 4129 Thoma
1010 4054 1057 4129 de
1086 4053 1243 4149 Aquino,
1269 4054 1333 4129 sed
1364 4074 1438 4129 non
1470 4054 1519 4129 ita
1550 4054 1646 4129 hene
1677 4056 1860 4149 usuvenit,

688 4176 776 4271 qnia
796 4175 944 4271 juvenis
968 4175 1055 4270 tuit,
1080 4196 1151 4250 uec
1175 4175 1273 4250 dicas
1289 4174 1384 4249 deut
1401 4173 1571 4269 quidam:
1589 4176 1776 4269 quomodo
1793 4196 1859 4271 po·

689 4296 743 4370 nit
766 4294 825 4371 hic
850 4294 1080 4371 Bernardum
1106 4315 1219 4390 quem
1245 4295 1344 4389 ponit
1361 4294 1398 4369 in
1418 4294 1612 4389 paradiso?
1634 4296 1722 4390 quia
1747 4296 1858 4373 etim

688 4416 727 4491 in
750 4414 918 4512 paradiso
937 4415 1040 4511 ponit
1055 4416 1221 4508 Petrum,
1241 4416 1398 4489 Paulum
1416 4421 1454 4489 et
1471 4415 1671 4489 munem:
1691 4416 1748 4490 lric
1768 4436 1859 4513 ergo

689 4538 788 4635 ponit
813 4558 878 4612 eos
901 4536 939 4611 in
964 4536 1116 4612 ecclesie
1143 4536 1331 4629 militante,
1349 4535 1397 4609 ibi
1423 4556 1514 4611 vem
1538 4536 1575 4609 in
1597 4536 1856 4633 triumphante.

687 4698 737 4715 -
751 4661 875 4748 ortesti
902 4656 968 4735 llic
992 4664 1100 4753 poeta
1117 4655 1218 4752 ponit
1235 4654 1527 4731 convenientiam
1554 4660 1591 4731 et
1615 4655 1856 4731 differentiam

689 4778 831 4853 debitus
855 4779 1011 4853 istorum
1036 4776 1084 4852 ad
1110 4776 1259 4872 primos,
1285 4775 1426 4851 dicens:
1455 4780 1564 4868 ptest
1590 4784 1684 4870 sete,
1712 4778 1858 4871 seilicet,

751 5036 780 5101 (¹)
796 5038 826 5088 Ε.
842 5038 967 5089 invenire.
