4342 6692
663 910 735 978 tad
1055 919 1259 974 coumruu
1284 917 1449 971 niumm

568 1155 577 1168 ‚
664 1088 737 1142 uua
763 1071 889 1140 aestate
914 1064 1058 1138 duobus
1084 1063 1243 1139 victoriis
1263 1063 1445 1161 gloriosus
1470 1060 1602 1136 redivit
1626 1060 1662 1135 iu
1679 1059 1831 1135 Galliam

663 1185 918 1281 *cisalpinam
946 1184 1067 1258 Caesar
1092 1183 1224 1258 deiude
1250 1201 1422 1258 reversus
1446 1183 1483 1255 in
1508 1172 1747 1273 Galliam*(¹l
1768 1179 1836 1254 ba·

662 1307 743 1381 buit
775 1305 913 1380 bellum
948 1303 1216 1378 atrocissimum
1251 1324 1338 1379 cum
1379 1302 1531 1396 Nerviis,
1561 1301 1626 1395 qui
1660 1300 1762 1374 ferox
1798 1305 1837 1372 et

662 1425 800 1499 durum
825 1443 943 1521 genus
966 1423 1170 1516 bominum,
1188 1429 1265 1498 tam
1294 1423 1474 1498 obstinate
1498 1426 1771 1518 pugnaverunt,
1797 1423 1836 1492 ut

661 1544 803 1640 equites
829 1543 1067 1619 Trevirorum
1095 1545 1265 1640 lugerent
1295 1545 1359 1638 qui
1385 1549 1565 1619 venerant
1587 1542 1626 1616 in
1651 1540 1834 1615 auxilium

662 1665 825 1741 Caesaris.
853 1663 922 1739 Sed
948 1664 1070 1738 cesar
1095 1685 1183 1738 cum
1208 1685 1355 1760 semper
1383 1663 1642 1760 magnanimus
1666 1666 1773 1754 esset,
1799 1659 1837 1732 in

664 1785 806 1882 magnis
826 1785 996 1881 periculis
1015 1785 1199 1860 maximus
1212 1777 1263 1879 (Ἴ,
1280 1784 1460 1859 arixilium
1481 1784 1581 1877 quod
1598 1783 1743 1857 aliunde
1760 1777 1840 1855 non'

663 1912 807 2002 poterat
832 1927 854 1981 a
880 1905 998 2001 seipso
1023 1905 1186 2001 accepit3
1215 1927 1299 1980 nam
1314 1904 1492 1995 ‚detracto
1517 1912 1623 1981 scuto
1647 1904 1711 1978 uni
1732 1901 1834 1978 militi

663 2048 732 2102 suo
758 2027 794 2101 in
821 2027 976 2123 primam
1004 2025 1121 2101 aciem
1148 2047 1314 2121 currens,
1340 2046 1470 2102 amore
1494 2032 1532 2100 et
1561 2027 1703 2121 pudore
1728 2044 1839 2100 revo-

663 2148 752 2222 catis
778 2147 852 2221 suis
871 2147 1107 2245 reintegravit
1124 2168 1299 2244 pugnam.
1317 2147 1375 2222 Sic
1394 2167 1548 2222 romana
1565 2145 1839 2242 perseverantia

664 2267 899 2364 pertinaciam
925 2268 1145 2342 Nerviorum
1165 2267 1260 2362 vicit,
1287 2273 1324 2341 ct
1348 2267 1470 2342 Caesar
1487 2268 1604 2342 lactus
1623 2273 1679 2342 est
1699 2267 1838 2359 victor,

664 2410 732 2485 pro
758 2409 831 2483 qua
858 2389 1010 2463 victoria
1036 2388 1250 2484 supplicatio
1276 2387 1482 2483 quindecim
1508 2387 1652 2462 dierum
1671 2388 1763 2460 lacta
1781 2391 1839 2459 est

665 2510 803 2584 Rornae.
836 2508 958 2584 Caesar
984 2508 1115 2583 deinde
1140 2509 1305 2584 transivit
1330 2509 1498 2584 Rhenum
1525 2509 1562 2582 in
1588 2507 1838 2599 Germaniam,

664 2630 759 2704 iacto
785 2635 896 2725 ponte
920 2629 1116 2704 artificioso
1132 2630 1250 2723 valde,
1273 2630 1336 2704 ubi
1355 2629 1454 2705 stetit
1470 2629 1590 2703 solum
1608 2630 1735 2704 decem
1754 2635 1839 2702 octo

665 2751 816 2825 diebus:
842 2755 880 2824 et
906 2769 1078 2824 reversus
1111 2750 1149 2823 in
1174 2748 1339 2845 Galliam,
1366 2749 1460 2824 iacto
1491 2770 1627 2844 magno
1658 2753 1837 2842 apparatu

664 2873 826 2966 navium,
846 2871 1011 2946 transivit
1035 2871 1072 2943 in
1094 2870 1319 2945 Britanniam
1345 2871 1453 2944 tertio
1478 2890 1575 2944 anuo
1598 2867 1680 2944 belli
1705 2865 1838 2964 gallici,

665 2992 752 3088 quia
777 2993 935 3067 britanni
961 2991 1138 3067 dederant
1162 2991 1299 3066 auxilia
1324 2990 1437 3088 gallis.
1466 2990 1518 3064 lbi
1535 3011 1663 3086 passus
1684 2994 1738 3063 est
1760 3007 1840 3061 ma·

664 3133 776 3210 gnam
808 3117 1074 3207 tempestatem,
1108 3110 1156 3185 ita
1187 3120 1229 3184 ut
1261 3131 1455 3186 romanam
1486 3110 1679 3187 audaciam
1711 3107 1838 3180 muudi

665 3231 797 3305 linibus
824 3252 896 3305 non
922 3238 1132 3306 contentam
1158 3231 1340 3326 castigare
1360 3230 1547 3306 videretur
1564 3231 1756 3321 Oceanus3
1775 3226 1838 3301 sed

669 3371 736 3445 pro
762 3351 914 3425 victoria
940 3350 1155 3446 supplicatio
1179 3350 1306 3446 viginti
1330 3349 1474 3425 dierum
1502 3350 1595 3426 iacta
1621 3357 1678 3424 est
1700 3349 1837 3440 Romae,

634 3471 635 3476 '
665 3469 765 3562 quod
794 3491 985 3563 nunquam
1011 3471 1261 3544 antefactum
1289 3469 1429 3544 iuerat:
1451 3477 1488 3544 et
1513 3477 1646 3565 quarto
1670 3489 1768 3543 auno
1784 3469 1839 3540 vi·

666 3589 772 3663 sitata
790 3589 906 3664 Gallia
932 3589 1104 3685 cisalpina
1130 3597 1168 3664 et
1192 3590 1341 3686 illyrica,
1362 3611 1448 3684 quae
1472 3611 1571 3665 nunc
1589 3591 1720 3664 dicitur
1736 3589 1839 3664 Scla-

666 3709 788 3803 vonia,
820 3714 857 3784 et
890 3716 970 3784 erat
1003 3710 1073 3784 sub
1101 3709 1285 3806 legatione
1317 3731 1404 3806 sua,
1433 3710 1568 3786 iterum
1604 3709 1767 3785 transivit
1800 3709 1838 3781 in

666 3829 890 3903 Britanniam
916 3849 1003 3904 cum
1029 3829 1160 3904 maiori
1187 3836 1413 3926 tempestate,
1440 3832 1503 3904 ubi
1528 3831 1625 3906 bello
1647 3831 1733 3905 vicit
1749 3829 1839 3905 Cas·

666 3949 884 4024 sivellanum
910 3949 1032 4024 virum
1065 3950 1303 4024 fortissimum
1334 3970 1446 4044 quem
1479 3970 1608 4024 onmes
1639 3950 1772 4025 ducem
1801 3956 1838 4024 et

668 4089 793 4165 regem
831 4070 993 4144 fecerant
1025 4071 1124 4166 apud
1153 4070 1377 4146 Leoudinam
1411 4070 1607 4163 civitatem,
1634 4092 1718 4165 quae
1752 4075 1839 4143 tunc

667 4188 930 4264 Trinobantum
949 4190 1172 4284 vocabatur;
1190 4197 1228 4266 et
1247 4196 1392 4286 recepta
1410 4191 1505 4264 urbe
1525 4211 1612 4264 cum
1630 4190 1710 4264 aliis
1730 4191 1839 4285 quiu-

667 4331 892 4405 quemnam
920 4311 1297 4403 deditCassivellano,
1327 4317 1521 4385 contentus
1550 4311 1678 4386 iecisse
1710 4331 1837 4407 regem

668 4437 705 4506 et
730 4431 954 4506 Britanniam
982 4432 1226 4526 tributariam,
1253 4437 1291 4506 et
1320 4451 1492 4506 reversus
1525 4437 1580 4507 est
1614 4432 1650 4504 in
1684 4430 1838 4505 Galliam

668 4571 799 4626 sereno
818 4552 922 4646 mari,
938 4554 1036 4646 quod
1054 4574 1123 4626 suo
1139 4553 1310 4628 domitori
1323 4552 1502 4648 gratulari
1518 4551 1720 4626 videbatur.
1735 4553 1839 4624 Anno

668 4671 795 4764 quinto
811 4672 931 4746 'buius
956 4673 1040 4748 belli
1066 4673 1171 4766 quasi
1197 4693 1326 4747 omnes
1351 4673 1435 4769 galli
1462 4673 1688 4748 rebellarunt
1708 4670 1841 4745 cesari

669 4791 764 4865 duce
781 4791 1036 4867 induciomaro
1055 4793 1260 4887 trevirensi,
1275 4814 1387 4887 quem
1405 4793 1587 4867 Labienus
1604 4793 1746 4888 legatus
1761 4790 1840 4866 θω-

730 4984 758 5122 g}
774 4983 810 5110 lg
827 4985 916 5072 parole
933 4984 971 5036 ira
987 4986 997 5036 l
1012 4987 1063 5037 due
1079 4985 1214 5037 uterircbt
1230 4999 1277 5037 sou
1293 4985 1406 5049 mppltte
1421 4985 1463 5035 dat
1477 4983 1564 5035 codici
1580 4988 1626 5034 le
1642 4981 1758 5032 liutem.

822 5071 943 5111 mammo.
