<?xml version="1.0" encoding="UTF-8"?>
<!DOCTYPE html PUBLIC "-//W3C//DTD XHTML 1.0 Transitional//EN"
    "http://www.w3.org/TR/xhtml1/DTD/xhtml1-transitional.dtd">
<html xmlns="http://www.w3.org/1999/xhtml" xml:lang="en" lang="en">
 <head>
  <title>
</title>
<meta http-equiv="Content-Type" content="text/html;charset=utf-8" />
  <meta name='ocr-system' content='tesseract 3.04.00' />
  <meta name='ocr-capabilities' content='ocr_page ocr_carea ocr_par ocr_line ocrx_word'/>
</head>
<body>
  <div class='ocr_page' id='page_1' title='image "benevenutideram01lacagoog_0159.png"; bbox 0 0 4342 6692; ppageno 0'>
   <div class='ocr_carea' id='block_1_1' title="bbox 569 872 1528 961">
    <p class='ocr_par' dir='ltr' id='par_1_1' title="bbox 569 872 1528 961">
     <span class='ocr_line' id='line_1_1' title="bbox 569 872 1528 961; baseline -0.001 -2"><span class='ocrx_word' id='word_1_1' title='bbox 569 953 572 959; x_wconf 83' lang='lat'><em>.</em></span> <span class='ocrx_word' id='word_1_2' title='bbox 665 902 802 958; x_wconf 77' lang='lat' dir='ltr'><strong>murus</strong></span> <span class='ocrx_word' id='word_1_3' title='bbox 827 904 1019 959; x_wconf 79' lang='lat' dir='ltr'><strong>vicesimus</strong></span> <span class='ocrx_word' id='word_1_4' title='bbox 1043 872 1227 960; x_wconf 71' lang='lat' dir='ltr'><strong>sanamus.</strong></span> <span class='ocrx_word' id='word_1_5' title='bbox 1459 893 1528 961; x_wconf 76' lang='grc'><strong>149</strong></span> 
     </span>
    </p>
   </div>
   <div class='ocr_carea' id='block_1_2' title="bbox 358 1047 1530 1265">
    <p class='ocr_par' dir='ltr' id='par_1_2' title="bbox 358 1047 1530 1265">
     <span class='ocr_line' id='line_1_2' title="bbox 358 1047 1530 1144; baseline -0.001 -21"><span class='ocrx_word' id='word_1_6' title='bbox 358 1052 535 1140; x_wconf 80' lang='lat' dir='ltr'><strong><em>immense,</em></strong></span> <span class='ocrx_word' id='word_1_7' title='bbox 552 1047 654 1144; x_wconf 75' lang='lat' dir='ltr'><strong>idest,</strong></span> <span class='ocrx_word' id='word_1_8' title='bbox 676 1048 855 1143; x_wconf 77' lang='lat' dir='ltr'><strong>maximis,</strong></span> <span class='ocrx_word' id='word_1_9' title='bbox 873 1052 1067 1140; x_wconf 82' lang='lat' dir='ltr'><strong>orizzonte,</strong></span> <span class='ocrx_word' id='word_1_10' title='bbox 1095 1052 1160 1144; x_wconf 86' lang='lat' dir='ltr'><strong>qui</strong></span> <span class='ocrx_word' id='word_1_11' title='bbox 1185 1058 1239 1125; x_wconf 83' lang='lat' dir='ltr'><strong>est</strong></span> <span class='ocrx_word' id='word_1_12' title='bbox 1264 1051 1423 1125; x_wconf 91' lang='lat' dir='ltr'><strong>circulus</strong></span> <span class='ocrx_word' id='word_1_13' title='bbox 1448 1050 1530 1123; x_wconf 84' lang='lat' dir='ltr'><strong>bni-</strong></span> 
     </span>
     <span class='ocr_line' id='line_1_3' title="bbox 359 1168 1529 1265; baseline 0 -22"><span class='ocrx_word' id='word_1_14' title='bbox 359 1175 418 1243; x_wconf 87' lang='lat' dir='ltr'><strong>tor</strong></span> <span class='ocrx_word' id='word_1_15' title='bbox 444 1168 554 1264; x_wconf 89' lang='lat' dir='ltr'><strong>visus,</strong></span> <span class='ocrx_word' id='word_1_16' title='bbox 572 1168 635 1263; x_wconf 88' lang='lat' dir='ltr'><strong>qui</strong></span> <span class='ocrx_word' id='word_1_17' title='bbox 655 1168 780 1243; x_wconf 89' lang='lat' dir='ltr'><strong>dividit</strong></span> <span class='ocrx_word' id='word_1_18' title='bbox 805 1169 1066 1264; x_wconf 89' lang='lat' dir='ltr'><strong>hemisperium</strong></span> <span class='ocrx_word' id='word_1_19' title='bbox 1088 1170 1258 1265; x_wconf 89' lang='lat' dir='ltr'><strong>superius</strong></span> <span class='ocrx_word' id='word_1_20' title='bbox 1282 1171 1329 1244; x_wconf 94' lang='lat' dir='ltr'><strong>ab</strong></span> <span class='ocrx_word' id='word_1_21' title='bbox 1354 1169 1529 1264; x_wconf 83' lang='lat' dir='ltr'><strong>interiori,</strong></span> 
     </span>
    </p>
   </div>
   <div class='ocr_carea' id='block_1_3' title="bbox 252 1290 1529 1386">
    <p class='ocr_par' dir='ltr' id='par_1_3' title="bbox 252 1290 1529 1386">
     <span class='ocr_line' id='line_1_4' title="bbox 252 1290 1529 1386; baseline 0 -23"><span class='ocrx_word' id='word_1_22' title='bbox 252 1302 254 1307; x_wconf 83' lang='grc'><strong><em>·</em></strong></span> <span class='ocrx_word' id='word_1_23' title='bbox 359 1290 405 1365; x_wconf 93' lang='lat' dir='ltr'><strong>de</strong></span> <span class='ocrx_word' id='word_1_24' title='bbox 430 1310 505 1384; x_wconf 88' lang='lat' dir='ltr'><strong>quo</strong></span> <span class='ocrx_word' id='word_1_25' title='bbox 530 1311 629 1365; x_wconf 93' lang='lat' dir='ltr'><strong>nunc</strong></span> <span class='ocrx_word' id='word_1_26' title='bbox 660 1290 823 1385; x_wconf 87' lang='lat' dir='ltr'><strong>loquitur</strong></span> <span class='ocrx_word' id='word_1_27' title='bbox 855 1298 973 1385; x_wconf 89' lang='lat' dir='ltr'><strong>poeta,</strong></span> <span class='ocrx_word' id='word_1_28' title='bbox 1000 1296 1095 1386; x_wconf 80' lang='lat' dir='ltr'><strong>forre</strong></span> <span class='ocrx_word' id='word_1_29' title='bbox 1121 1296 1211 1386; x_wconf 85' lang='lat' dir='ltr'><strong>sotto</strong></span> <span class='ocrx_word' id='word_1_30' title='bbox 1243 1294 1358 1366; x_wconf 84' lang='lat' dir='ltr'><strong>d&#39;uno</strong></span> <span class='ocrx_word' id='word_1_31' title='bbox 1383 1299 1529 1383; x_wconf 85' lang='lat' dir='ltr'><strong>uspetto,</strong></span> 
     </span>
    </p>
   </div>
   <div class='ocr_carea' id='block_1_4' title="bbox 358 1410 1621 4867">
    <p class='ocr_par' dir='ltr' id='par_1_4' title="bbox 358 1410 1621 4867">
     <span class='ocr_line' id='line_1_5' title="bbox 358 1410 1527 1511; baseline -0.001 -27"><span class='ocrx_word' id='word_1_32' title='bbox 358 1410 461 1505; x_wconf 79' lang='lat' dir='ltr'><strong>idest,</strong></span> <span class='ocrx_word' id='word_1_33' title='bbox 486 1412 618 1486; x_wconf 90' lang='lat' dir='ltr'><strong>coloris</strong></span> <span class='ocrx_word' id='word_1_34' title='bbox 647 1410 805 1505; x_wconf 83' lang='lat' dir='ltr'><strong>obscuri,</strong></span> <span class='ocrx_word' id='word_1_35' title='bbox 838 1434 857 1484; x_wconf 89' lang='lat' dir='ltr'><strong>e</strong></span> <span class='ocrx_word' id='word_1_36' title='bbox 885 1420 976 1485; x_wconf 75' lang='lat' dir='ltr'><strong>nolte</strong></span> <span class='ocrx_word' id='word_1_37' title='bbox 1007 1434 1128 1487; x_wconf 80' lang='lat' dir='ltr'><strong>coesse</strong></span> <span class='ocrx_word' id='word_1_38' title='bbox 1159 1420 1238 1486; x_wconf 85' lang='lat' dir='ltr'><strong>tutte</strong></span> <span class='ocrx_word' id='word_1_39' title='bbox 1265 1434 1327 1487; x_wconf 83' lang='lat' dir='ltr'><strong>sue</strong></span> <span class='ocrx_word' id='word_1_40' title='bbox 1356 1415 1527 1511; x_wconf 76' lang='lat' dir='ltr'><strong>dbpense,</strong></span> 
     </span>
     <span class='ocr_line' id='line_1_6' title="bbox 358 1531 1529 1627; baseline -0.002 -22"><span class='ocrx_word' id='word_1_41' title='bbox 358 1532 461 1624; x_wconf 84' lang='lat' dir='ltr'><strong>tuest,</strong></span> <span class='ocrx_word' id='word_1_42' title='bbox 484 1531 792 1625; x_wconf 82' lang='lat' dir='ltr'><strong>dispensationes3</strong></span> <span class='ocrx_word' id='word_1_43' title='bbox 819 1532 924 1625; x_wconf 83' lang='lat' dir='ltr'>quasi</span> <span class='ocrx_word' id='word_1_44' title='bbox 953 1532 1059 1626; x_wconf 88' lang='lat' dir='ltr'><strong>dicat,</strong></span> <span class='ocrx_word' id='word_1_45' title='bbox 1096 1541 1294 1627; x_wconf 82' lang='lat' dir='ltr'><strong>antequam</strong></span> <span class='ocrx_word' id='word_1_46' title='bbox 1330 1537 1427 1607; x_wconf 82' lang='lat' dir='ltr'><strong>esset</strong></span> <span class='ocrx_word' id='word_1_47' title='bbox 1456 1551 1529 1604; x_wconf 83' lang='lat' dir='ltr'><strong>uox</strong></span> 
     </span>
     <span class='ocr_line' id='line_1_7' title="bbox 359 1649 1531 1747; baseline -0.003 -22"><span class='ocrx_word' id='word_1_48' title='bbox 359 1652 465 1747; x_wconf 91' lang='lat' dir='ltr'><strong>plena</strong></span> <span class='ocrx_word' id='word_1_49' title='bbox 491 1649 641 1745; x_wconf 87' lang='lat' dir='ltr'><strong>ubique,</strong></span> <span class='ocrx_word' id='word_1_50' title='bbox 667 1650 755 1745; x_wconf 87' lang='lat' dir='ltr'><strong>quia</strong></span> <span class='ocrx_word' id='word_1_51' title='bbox 778 1656 859 1746; x_wconf 90' lang='lat' dir='ltr'><strong>post</strong></span> <span class='ocrx_word' id='word_1_52' title='bbox 888 1672 1060 1727; x_wconf 92' lang='lat' dir='ltr'><strong>occasum</strong></span> <span class='ocrx_word' id='word_1_53' title='bbox 1092 1653 1177 1727; x_wconf 93' lang='lat' dir='ltr'><strong>solis</strong></span> <span class='ocrx_word' id='word_1_54' title='bbox 1207 1653 1328 1727; x_wconf 93' lang='lat' dir='ltr'><strong>adbuc</strong></span> <span class='ocrx_word' id='word_1_55' title='bbox 1362 1655 1531 1725; x_wconf 81' lang='lat' dir='ltr'><strong>remanet</strong></span> 
     </span>
     <span class='ocr_line' id='line_1_8' title="bbox 359 1771 1530 1867; baseline -0.002 -20"><span class='ocrx_word' id='word_1_56' title='bbox 359 1773 482 1867; x_wconf 90' lang='lat' dir='ltr'><strong>aliqua</strong></span> <span class='ocrx_word' id='word_1_57' title='bbox 508 1793 592 1867; x_wconf 91' lang='lat' dir='ltr'><strong>pars</strong></span> <span class='ocrx_word' id='word_1_58' title='bbox 617 1771 713 1847; x_wconf 90' lang='lat' dir='ltr'><strong>aeris</strong></span> <span class='ocrx_word' id='word_1_59' title='bbox 737 1771 944 1866; x_wconf 80' lang='lat' dir='ltr'><strong>aliqualiter</strong></span> <span class='ocrx_word' id='word_1_60' title='bbox 969 1772 1162 1865; x_wconf 89' lang='lat' dir='ltr'><strong>luminosa,</strong></span> <span class='ocrx_word' id='word_1_61' title='bbox 1188 1774 1293 1867; x_wconf 89' lang='lat' dir='ltr'><strong>quasi</strong></span> <span class='ocrx_word' id='word_1_62' title='bbox 1318 1774 1433 1847; x_wconf 90' lang='lat' dir='ltr'><strong>dicat:</strong></span> <span class='ocrx_word' id='word_1_63' title='bbox 1459 1773 1530 1846; x_wconf 95' lang='lat' dir='ltr'><strong>du-</strong></span> 
     </span>
     <span class='ocr_line' id='line_1_9' title="bbox 361 1891 1529 1986; baseline -0.001 -20"><span class='ocrx_word' id='word_1_64' title='bbox 361 1898 465 1967; x_wconf 83' lang='lat' dir='ltr'><strong>rante</strong></span> <span class='ocrx_word' id='word_1_65' title='bbox 481 1892 601 1966; x_wconf 89' lang='lat' dir='ltr'><strong>adbuc</strong></span> <span class='ocrx_word' id='word_1_66' title='bbox 617 1891 756 1965; x_wconf 90' lang='lat' dir='ltr'><strong>lumine</strong></span> <span class='ocrx_word' id='word_1_67' title='bbox 772 1891 998 1986; x_wconf 90' lang='lat' dir='ltr'><strong>providimus</strong></span> <span class='ocrx_word' id='word_1_68' title='bbox 1016 1893 1120 1967; x_wconf 92' lang='lat' dir='ltr'><strong>nobis</strong></span> <span class='ocrx_word' id='word_1_69' title='bbox 1131 1893 1179 1968; x_wconf 92' lang='lat' dir='ltr'><strong>de</strong></span> <span class='ocrx_word' id='word_1_70' title='bbox 1191 1893 1271 1967; x_wconf 91' lang='lat' dir='ltr'><strong>loco</strong></span> <span class='ocrx_word' id='word_1_71' title='bbox 1288 1892 1529 1968; x_wconf 89' lang='lat' dir='ltr'><strong>accommodo</strong></span> 
     </span>
     <span class='ocr_line' id='line_1_10' title="bbox 358 2010 1529 2109; baseline 0 -24"><span class='ocrx_word' id='word_1_72' title='bbox 358 2012 405 2085; x_wconf 91' lang='lat' dir='ltr'><strong>ad</strong></span> <span class='ocrx_word' id='word_1_73' title='bbox 425 2010 654 2107; x_wconf 90' lang='lat' dir='ltr'><strong>pausandum</strong></span> <span class='ocrx_word' id='word_1_74' title='bbox 680 2011 716 2084; x_wconf 93' lang='lat' dir='ltr'><strong>in</strong></span> <span class='ocrx_word' id='word_1_75' title='bbox 743 2016 860 2085; x_wconf 90' lang='lat' dir='ltr'><strong>nocte.</strong></span> <span class='ocrx_word' id='word_1_76' title='bbox 887 2011 931 2084; x_wconf 85' lang='lat' dir='ltr'><strong>Et</strong></span> <span class='ocrx_word' id='word_1_77' title='bbox 956 2012 1014 2086; x_wconf 94' lang='lat' dir='ltr'><strong>bic</strong></span> <span class='ocrx_word' id='word_1_78' title='bbox 1031 2020 1118 2087; x_wconf 91' lang='lat' dir='ltr'><strong>nota</strong></span> <span class='ocrx_word' id='word_1_79' title='bbox 1134 2013 1233 2107; x_wconf 87' lang='lat' dir='ltr'><strong>quod</strong></span> <span class='ocrx_word' id='word_1_80' title='bbox 1250 2034 1317 2109; x_wconf 89' lang='lat' dir='ltr'><strong>per</strong></span> <span class='ocrx_word' id='word_1_81' title='bbox 1334 2016 1404 2088; x_wconf 92' lang='lat' dir='ltr'><strong>boc</strong></span> <span class='ocrx_word' id='word_1_82' title='bbox 1421 2018 1529 2108; x_wconf 91' lang='lat' dir='ltr'><strong>poeta</strong></span> 
     </span>
     <span class='ocr_line' id='line_1_11' title="bbox 359 2130 1531 2228; baseline 0.001 -24"><span class='ocrx_word' id='word_1_83' title='bbox 359 2131 421 2206; x_wconf 94' lang='lat' dir='ltr'><strong>dat</strong></span> <span class='ocrx_word' id='word_1_84' title='bbox 445 2130 605 2228; x_wconf 81' lang='lat' dir='ltr'><strong>intelligi,</strong></span> <span class='ocrx_word' id='word_1_85' title='bbox 624 2130 723 2225; x_wconf 88' lang='lat' dir='ltr'><strong>quod</strong></span> <span class='ocrx_word' id='word_1_86' title='bbox 742 2130 918 2225; x_wconf 86' lang='lat' dir='ltr'><strong>disposuit</strong></span> <span class='ocrx_word' id='word_1_87' title='bbox 944 2151 983 2205; x_wconf 89' lang='lat' dir='ltr'><strong>se</strong></span> <span class='ocrx_word' id='word_1_88' title='bbox 1008 2132 1055 2206; x_wconf 92' lang='lat' dir='ltr'><strong>ad</strong></span> <span class='ocrx_word' id='word_1_89' title='bbox 1081 2132 1356 2208; x_wconf 82' lang='lat' dir='ltr'><strong>meditationem</strong></span> <span class='ocrx_word' id='word_1_90' title='bbox 1379 2141 1531 2207; x_wconf 93' lang='lat' dir='ltr'><strong>noctur-</strong></span> 
     </span>
     <span class='ocr_line' id='line_1_12' title="bbox 359 2251 1529 2349; baseline 0 -22"><span class='ocrx_word' id='word_1_91' title='bbox 359 2272 443 2327; x_wconf 88' lang='lat' dir='ltr'><strong>uam</strong></span> <span class='ocrx_word' id='word_1_92' title='bbox 471 2271 556 2327; x_wconf 91' lang='lat' dir='ltr'><strong>curn</strong></span> <span class='ocrx_word' id='word_1_93' title='bbox 583 2251 727 2325; x_wconf 92' lang='lat' dir='ltr'><strong>duobus</strong></span> <span class='ocrx_word' id='word_1_94' title='bbox 760 2252 885 2346; x_wconf 90' lang='lat' dir='ltr'><strong>poetis,</strong></span> <span class='ocrx_word' id='word_1_95' title='bbox 912 2254 1029 2327; x_wconf 90' lang='lat' dir='ltr'><strong>altero</strong></span> <span class='ocrx_word' id='word_1_96' title='bbox 1062 2253 1178 2349; x_wconf 87' lang='lat' dir='ltr'><strong>magis</strong></span> <span class='ocrx_word' id='word_1_97' title='bbox 1212 2254 1383 2347; x_wconf 87' lang='lat' dir='ltr'><strong>naturali,</strong></span> <span class='ocrx_word' id='word_1_98' title='bbox 1412 2254 1529 2328; x_wconf 90' lang='lat' dir='ltr'><strong>altero</strong></span> 
     </span>
     <span class='ocr_line' id='line_1_13' title="bbox 360 2372 1528 2469; baseline 0.001 -24"><span class='ocrx_word' id='word_1_99' title='bbox 360 2372 475 2469; x_wconf 88' lang='lat' dir='ltr'><strong>magis</strong></span> <span class='ocrx_word' id='word_1_100' title='bbox 501 2372 643 2465; x_wconf 84' lang='lat' dir='ltr'><strong>morali,</strong></span> <span class='ocrx_word' id='word_1_101' title='bbox 669 2392 756 2445; x_wconf 91' lang='lat' dir='ltr'><strong>cum</strong></span> <span class='ocrx_word' id='word_1_102' title='bbox 784 2380 931 2467; x_wconf 90' lang='lat' dir='ltr'><strong>pararet</strong></span> <span class='ocrx_word' id='word_1_103' title='bbox 959 2373 1170 2449; x_wconf 87' lang='lat' dir='ltr'><strong>describere</strong></span> <span class='ocrx_word' id='word_1_104' title='bbox 1196 2374 1389 2449; x_wconf 89' lang='lat' dir='ltr'><strong>materiam</strong></span> <span class='ocrx_word' id='word_1_105' title='bbox 1415 2375 1528 2448; x_wconf 91' lang='lat' dir='ltr'><strong>altam</strong></span> 
     </span>
     <span class='ocr_line' id='line_1_14' title="bbox 359 2491 1528 2587; baseline 0 -22"><span class='ocrx_word' id='word_1_106' title='bbox 359 2498 396 2566; x_wconf 89' lang='lat' dir='ltr'><strong>et</strong></span> <span class='ocrx_word' id='word_1_107' title='bbox 420 2491 603 2585; x_wconf 91' lang='lat' dir='ltr'><strong>subtilem,</strong></span> <span class='ocrx_word' id='word_1_108' title='bbox 621 2498 663 2565; x_wconf 92' lang='lat' dir='ltr'><strong>ut</strong></span> <span class='ocrx_word' id='word_1_109' title='bbox 680 2491 751 2565; x_wconf 90' lang='lat' dir='ltr'><strong>cito</strong></span> <span class='ocrx_word' id='word_1_110' title='bbox 769 2492 915 2587; x_wconf 86' lang='lat' dir='ltr'><strong>patebit.</strong></span> <span class='ocrx_word' id='word_1_111' title='bbox 933 2492 976 2565; x_wconf 87' lang='lat' dir='ltr'><strong>Et</strong></span> <span class='ocrx_word' id='word_1_112' title='bbox 993 2513 1081 2567; x_wconf 92' lang='lat' dir='ltr'><strong>ecce</strong></span> <span class='ocrx_word' id='word_1_113' title='bbox 1098 2513 1217 2587; x_wconf 85' lang='lat' dir='ltr'><strong>quare</strong></span> <span class='ocrx_word' id='word_1_114' title='bbox 1233 2495 1449 2568; x_wconf 87' lang='lat' dir='ltr'><strong>locaverunt</strong></span> <span class='ocrx_word' id='word_1_115' title='bbox 1466 2513 1528 2568; x_wconf 91' lang='lat' dir='ltr'><strong>se:</strong></span> 
     </span>
     <span class='ocr_line' id='line_1_15' title="bbox 359 2607 1531 2710; baseline 0.003 -25"><span class='ocrx_word' id='word_1_116' title='bbox 359 2607 430 2705; x_wconf 69' lang='lat' dir='ltr'><strong>clte‘,</strong></span> <span class='ocrx_word' id='word_1_117' title='bbox 457 2614 558 2707; x_wconf 80' lang='lat' dir='ltr'><strong>idest,</strong></span> <span class='ocrx_word' id='word_1_118' title='bbox 585 2613 683 2707; x_wconf 89' lang='lat' dir='ltr'><strong>quia,</strong></span> <span class='ocrx_word' id='word_1_119' title='bbox 709 2616 746 2698; x_wconf 82' lang='lat' dir='ltr'><strong>ln</strong></span> <span class='ocrx_word' id='word_1_120' title='bbox 770 2622 900 2687; x_wconf 82' lang='lat' dir='ltr'><strong>nutura</strong></span> <span class='ocrx_word' id='word_1_121' title='bbox 925 2617 983 2687; x_wconf 84' lang='lat' dir='ltr'><strong>del</strong></span> <span class='ocrx_word' id='word_1_122' title='bbox 1003 2623 1130 2707; x_wconf 72' lang='lat' dir='ltr'><strong>monn,</strong></span> <span class='ocrx_word' id='word_1_123' title='bbox 1151 2636 1218 2709; x_wconf 91' lang='lat' dir='ltr'><strong>per</strong></span> <span class='ocrx_word' id='word_1_124' title='bbox 1242 2636 1353 2709; x_wconf 88' lang='lat' dir='ltr'><strong>quem</strong></span> <span class='ocrx_word' id='word_1_125' title='bbox 1372 2635 1447 2688; x_wconf 92' lang='lat' dir='ltr'><strong>non</strong></span> <span class='ocrx_word' id='word_1_126' title='bbox 1464 2636 1531 2710; x_wconf 93' lang='lat' dir='ltr'><strong>po·</strong></span> 
     </span>
     <span class='ocr_line' id='line_1_16' title="bbox 361 2731 1531 2831; baseline 0.001 -24"><span class='ocrx_word' id='word_1_127' title='bbox 361 2738 430 2807; x_wconf 88' lang='lat' dir='ltr'><strong>test</strong></span> <span class='ocrx_word' id='word_1_128' title='bbox 455 2732 499 2806; x_wconf 94' lang='lat' dir='ltr'><strong>iri</strong></span> <span class='ocrx_word' id='word_1_129' title='bbox 523 2731 570 2806; x_wconf 92' lang='lat' dir='ltr'><strong>de</strong></span> <span class='ocrx_word' id='word_1_130' title='bbox 595 2738 713 2827; x_wconf 86' lang='lat' dir='ltr'><strong>nocte,</strong></span> <span class='ocrx_word' id='word_1_131' title='bbox 734 2736 767 2805; x_wconf 82' lang='lat' dir='ltr'><strong>ct</strong></span> <span class='ocrx_word' id='word_1_132' title='bbox 790 2738 961 2826; x_wconf 75' lang='lat' dir='ltr'><strong>effrenare,</strong></span> <span class='ocrx_word' id='word_1_133' title='bbox 982 2733 1085 2827; x_wconf 91' lang='lat' dir='ltr'><strong>idest,</strong></span> <span class='ocrx_word' id='word_1_134' title='bbox 1104 2734 1211 2831; x_wconf 84' lang='lat' dir='ltr'><strong>lrcgit</strong></span> <span class='ocrx_word' id='word_1_135' title='bbox 1236 2741 1273 2809; x_wconf 93' lang='lat' dir='ltr'><strong>et</strong></span> <span class='ocrx_word' id='word_1_136' title='bbox 1293 2734 1442 2808; x_wconf 92' lang='lat' dir='ltr'><strong>abstulit</strong></span> <span class='ocrx_word' id='word_1_137' title='bbox 1463 2756 1531 2809; x_wconf 91' lang='lat' dir='ltr'><strong>no-</strong></span> 
     </span>
     <span class='ocr_line' id='line_1_17' title="bbox 360 2853 1531 2948; baseline 0.002 -21"><span class='ocrx_word' id='word_1_138' title='bbox 360 2854 427 2948; x_wconf 88' lang='lat' dir='ltr'><strong>bis,</strong></span> <span class='ocrx_word' id='word_1_139' title='bbox 453 2856 490 2927; x_wconf 83' lang='lat' dir='ltr'><strong>lu</strong></span> <span class='ocrx_word' id='word_1_140' title='bbox 509 2873 620 2945; x_wconf 82' lang='lat' dir='ltr'><strong>possa</strong></span> <span class='ocrx_word' id='word_1_141' title='bbox 645 2855 706 2927; x_wconf 83' lang='lat' dir='ltr'><strong>e&#39;l</strong></span> <span class='ocrx_word' id='word_1_142' title='bbox 727 2856 843 2927; x_wconf 86' lang='lat' dir='ltr'><strong>diletto</strong></span> <span class='ocrx_word' id='word_1_143' title='bbox 868 2856 925 2927; x_wconf 85' lang='lat' dir='ltr'><strong>del</strong></span> <span class='ocrx_word' id='word_1_144' title='bbox 942 2858 1044 2947; x_wconf 83' lang='lat' dir='ltr'><strong>satir,</strong></span> <span class='ocrx_word' id='word_1_145' title='bbox 1062 2853 1164 2948; x_wconf 86' lang='lat' dir='ltr'><strong>idest,</strong></span> <span class='ocrx_word' id='word_1_146' title='bbox 1186 2855 1384 2948; x_wconf 90' lang='lat' dir='ltr'><strong>potentiam</strong></span> <span class='ocrx_word' id='word_1_147' title='bbox 1412 2863 1450 2928; x_wconf 93' lang='lat' dir='ltr'><strong>et</strong></span> <span class='ocrx_word' id='word_1_148' title='bbox 1466 2855 1531 2929; x_wconf 92' lang='lat' dir='ltr'><strong>de·</strong></span> 
     </span>
     <span class='ocr_line' id='line_1_18' title="bbox 361 2971 1533 3067; baseline 0.001 -21"><span class='ocrx_word' id='word_1_149' title='bbox 361 2971 593 3047; x_wconf 88' lang='lat' dir='ltr'><strong>lectationem</strong></span> <span class='ocrx_word' id='word_1_150' title='bbox 618 2971 834 3047; x_wconf 88' lang='lat' dir='ltr'><strong>ascendendi</strong></span> <span class='ocrx_word' id='word_1_151' title='bbox 858 2972 1012 3046; x_wconf 90' lang='lat' dir='ltr'><strong>ulterius</strong></span> <span class='ocrx_word' id='word_1_152' title='bbox 1029 2992 1096 3067; x_wconf 92' lang='lat' dir='ltr'><strong>pro</strong></span> <span class='ocrx_word' id='word_1_153' title='bbox 1117 2979 1214 3047; x_wconf 89' lang='lat' dir='ltr'><strong>tunc.</strong></span> <span class='ocrx_word' id='word_1_154' title='bbox 1228 3014 1277 3027; x_wconf 93' lang='lat'>-</span> <span class='ocrx_word' id='word_1_155' title='bbox 1295 2976 1406 3061; x_wconf 78' lang='lat' dir='ltr'><strong>Quali.</strong></span> <span class='ocrx_word' id='word_1_156' title='bbox 1426 2974 1533 3047; x_wconf 90' lang='lat' dir='ltr'><strong>Nunc</strong></span> 
     </span>
     <span class='ocr_line' id='line_1_19' title="bbox 362 3090 1530 3188; baseline -0.001 -22"><span class='ocrx_word' id='word_1_157' title='bbox 362 3100 468 3187; x_wconf 90' lang='lat' dir='ltr'><strong>poeta</strong></span> <span class='ocrx_word' id='word_1_158' title='bbox 494 3090 664 3165; x_wconf 86' lang='lat' dir='ltr'><strong>describit</strong></span> <span class='ocrx_word' id='word_1_159' title='bbox 690 3091 958 3186; x_wconf 85' lang='lat' dir='ltr'><strong>dispositionem</strong></span> <span class='ocrx_word' id='word_1_160' title='bbox 985 3091 1053 3184; x_wconf 89' lang='lat' dir='ltr'><strong>sui,</strong></span> <span class='ocrx_word' id='word_1_161' title='bbox 1072 3098 1110 3165; x_wconf 90' lang='lat' dir='ltr'><strong>ct</strong></span> <span class='ocrx_word' id='word_1_162' title='bbox 1134 3113 1288 3165; x_wconf 90' lang='lat' dir='ltr'><strong>suorum</strong></span> <span class='ocrx_word' id='word_1_163' title='bbox 1307 3092 1446 3167; x_wconf 89' lang='lat' dir='ltr'><strong>ducum</strong></span> <span class='ocrx_word' id='word_1_164' title='bbox 1463 3113 1530 3188; x_wconf 92' lang='lat' dir='ltr'><strong>per</strong></span> 
     </span>
     <span class='ocr_line' id='line_1_20' title="bbox 362 3202 1533 3307; baseline 0.001 -21"><span class='ocrx_word' id='word_1_165' title='bbox 362 3233 477 3287; x_wconf 91' lang='lat' dir='ltr'><strong>unam</strong></span> <span class='ocrx_word' id='word_1_166' title='bbox 502 3212 814 3307; x_wconf 86' lang='lat' dir='ltr'><strong>comparationem</strong></span> <span class='ocrx_word' id='word_1_167' title='bbox 833 3211 1105 3286; x_wconf 90' lang='lat' dir='ltr'><strong>subtilissimam</strong></span> <span class='ocrx_word' id='word_1_168' title='bbox 1119 3202 1168 3303; x_wconf 77' lang='lat'><strong>(¹).</strong></span> <span class='ocrx_word' id='word_1_169' title='bbox 1187 3212 1241 3287; x_wconf 83' lang='lat' dir='ltr'><strong>Ad</strong></span> <span class='ocrx_word' id='word_1_170' title='bbox 1257 3212 1362 3287; x_wconf 92' lang='lat' dir='ltr'><strong>cuius</strong></span> <span class='ocrx_word' id='word_1_171' title='bbox 1380 3214 1533 3289; x_wconf 90' lang='lat' dir='ltr'><strong>eviden-</strong></span> 
     </span>
     <span class='ocr_line' id='line_1_21' title="bbox 361 3331 1532 3428; baseline 0.001 -21"><span class='ocrx_word' id='word_1_172' title='bbox 361 3334 449 3408; x_wconf 91' lang='lat' dir='ltr'><strong>tiam</strong></span> <span class='ocrx_word' id='word_1_173' title='bbox 476 3340 530 3407; x_wconf 81' lang='lat' dir='ltr'><strong>est</strong></span> <span class='ocrx_word' id='word_1_174' title='bbox 557 3332 757 3406; x_wconf 88' lang='lat' dir='ltr'><strong>notandum</strong></span> <span class='ocrx_word' id='word_1_175' title='bbox 785 3331 884 3426; x_wconf 88' lang='lat' dir='ltr'><strong>quod</strong></span> <span class='ocrx_word' id='word_1_176' title='bbox 908 3337 1016 3427; x_wconf 91' lang='lat' dir='ltr'><strong>pocta</strong></span> <span class='ocrx_word' id='word_1_177' title='bbox 1041 3337 1166 3407; x_wconf 91' lang='lat' dir='ltr'><strong>noster</strong></span> <span class='ocrx_word' id='word_1_178' title='bbox 1197 3334 1446 3428; x_wconf 88' lang='lat' dir='ltr'><strong>propriissime</strong></span> <span class='ocrx_word' id='word_1_179' title='bbox 1471 3356 1532 3408; x_wconf 89' lang='lat' dir='ltr'><strong>as-</strong></span> 
     </span>
     <span class='ocr_line' id='line_1_22' title="bbox 359 3452 1530 3547; baseline 0 -20"><span class='ocrx_word' id='word_1_180' title='bbox 359 3452 494 3527; x_wconf 89' lang='lat' dir='ltr'><strong>similat</strong></span> <span class='ocrx_word' id='word_1_181' title='bbox 518 3472 558 3527; x_wconf 90' lang='lat' dir='ltr'><strong>se</strong></span> <span class='ocrx_word' id='word_1_182' title='bbox 582 3472 715 3547; x_wconf 85' lang='lat' dir='ltr'><strong>caprae,</strong></span> <span class='ocrx_word' id='word_1_183' title='bbox 742 3458 779 3526; x_wconf 90' lang='lat' dir='ltr'><strong>et</strong></span> <span class='ocrx_word' id='word_1_184' title='bbox 803 3452 916 3527; x_wconf 84' lang='lat' dir='ltr'><strong>duces</strong></span> <span class='ocrx_word' id='word_1_185' title='bbox 942 3472 1028 3527; x_wconf 89' lang='lat' dir='ltr'><strong>suos</strong></span> <span class='ocrx_word' id='word_1_186' title='bbox 1054 3453 1271 3546; x_wconf 89' lang='lat' dir='ltr'><strong>pastoribus.</strong></span> <span class='ocrx_word' id='word_1_187' title='bbox 1305 3453 1407 3528; x_wconf 90' lang='lat' dir='ltr'><strong>Sicut</strong></span> <span class='ocrx_word' id='word_1_188' title='bbox 1431 3454 1530 3530; x_wconf 92' lang='lat' dir='ltr'><strong>enim</strong></span> 
     </span>
     <span class='ocr_line' id='line_1_23' title="bbox 360 3571 1534 3668; baseline -0.002 -20"><span class='ocrx_word' id='word_1_189' title='bbox 360 3571 528 3649; x_wconf 82' lang='lat' dir='ltr'><strong>videmus</strong></span> <span class='ocrx_word' id='word_1_190' title='bbox 552 3571 599 3645; x_wconf 89' lang='lat' dir='ltr'><strong>de</strong></span> <span class='ocrx_word' id='word_1_191' title='bbox 623 3571 720 3645; x_wconf 89' lang='lat' dir='ltr'><strong>lacto</strong></span> <span class='ocrx_word' id='word_1_192' title='bbox 744 3591 855 3666; x_wconf 90' lang='lat' dir='ltr'><strong>capra</strong></span> <span class='ocrx_word' id='word_1_193' title='bbox 880 3571 1028 3647; x_wconf 85' lang='lat' dir='ltr'><strong>levitate</strong></span> <span class='ocrx_word' id='word_1_194' title='bbox 1053 3572 1216 3668; x_wconf 88' lang='lat' dir='ltr'><strong>corporis</strong></span> <span class='ocrx_word' id='word_1_195' title='bbox 1233 3578 1272 3647; x_wconf 91' lang='lat' dir='ltr'><strong>et</strong></span> <span class='ocrx_word' id='word_1_196' title='bbox 1288 3573 1461 3647; x_wconf 90' lang='lat' dir='ltr'><strong>acumine</strong></span> <span class='ocrx_word' id='word_1_197' title='bbox 1479 3572 1534 3646; x_wconf 91' lang='lat' dir='ltr'><strong>vi·</strong></span> 
     </span>
     <span class='ocr_line' id='line_1_24' title="bbox 360 3692 1533 3789; baseline -0.001 -21"><span class='ocrx_word' id='word_1_198' title='bbox 360 3716 423 3769; x_wconf 88' lang='lat' dir='ltr'><strong>sus</strong></span> <span class='ocrx_word' id='word_1_199' title='bbox 449 3692 562 3767; x_wconf 91' lang='lat' dir='ltr'><strong>tendit</strong></span> <span class='ocrx_word' id='word_1_200' title='bbox 586 3693 632 3766; x_wconf 92' lang='lat' dir='ltr'><strong>ad</strong></span> <span class='ocrx_word' id='word_1_201' title='bbox 658 3692 732 3766; x_wconf 92' lang='lat' dir='ltr'><strong>alta</strong></span> <span class='ocrx_word' id='word_1_202' title='bbox 766 3692 958 3767; x_wconf 90' lang='lat' dir='ltr'><strong>cacumina</strong></span> <span class='ocrx_word' id='word_1_203' title='bbox 985 3692 1179 3785; x_wconf 89' lang='lat' dir='ltr'><strong>montium,</strong></span> <span class='ocrx_word' id='word_1_204' title='bbox 1213 3699 1250 3768; x_wconf 89' lang='lat' dir='ltr'><strong>et</strong></span> <span class='ocrx_word' id='word_1_205' title='bbox 1285 3693 1378 3789; x_wconf 91' lang='lat' dir='ltr'><strong>rapit</strong></span> <span class='ocrx_word' id='word_1_206' title='bbox 1411 3694 1533 3788; x_wconf 85' lang='lat' dir='ltr'><strong>apices</strong></span> 
     </span>
     <span class='ocr_line' id='line_1_25' title="bbox 361 3812 1533 3908; baseline -0.004 -19"><span class='ocrx_word' id='word_1_207' title='bbox 361 3815 538 3889; x_wconf 90' lang='lat' dir='ltr'><strong>arborum</strong></span> <span class='ocrx_word' id='word_1_208' title='bbox 572 3818 609 3886; x_wconf 88' lang='lat' dir='ltr'><strong>et</strong></span> <span class='ocrx_word' id='word_1_209' title='bbox 640 3812 900 3908; x_wconf 86' lang='lat' dir='ltr'><strong>virgultorum,</strong></span> <span class='ocrx_word' id='word_1_210' title='bbox 927 3818 964 3887; x_wconf 89' lang='lat' dir='ltr'><strong>et</strong></span> <span class='ocrx_word' id='word_1_211' title='bbox 989 3813 1137 3907; x_wconf 87' lang='lat' dir='ltr'><strong>quando</strong></span> <span class='ocrx_word' id='word_1_212' title='bbox 1171 3821 1227 3888; x_wconf 90' lang='lat' dir='ltr'><strong>est</strong></span> <span class='ocrx_word' id='word_1_213' title='bbox 1257 3814 1375 3888; x_wconf 90' lang='lat' dir='ltr'><strong>cibata</strong></span> <span class='ocrx_word' id='word_1_214' title='bbox 1409 3819 1533 3908; x_wconf 89' lang='lat' dir='ltr'><strong>pastor</strong></span> 
     </span>
     <span class='ocr_line' id='line_1_26' title="bbox 363 3932 1532 4028; baseline -0.002 -19"><span class='ocrx_word' id='word_1_215' title='bbox 363 3934 505 4009; x_wconf 86' lang='lat' dir='ltr'><strong>reducit</strong></span> <span class='ocrx_word' id='word_1_216' title='bbox 529 3954 611 4007; x_wconf 92' lang='lat' dir='ltr'><strong>eam</strong></span> <span class='ocrx_word' id='word_1_217' title='bbox 639 3932 684 4007; x_wconf 94' lang='lat' dir='ltr'><strong>ad</strong></span> <span class='ocrx_word' id='word_1_218' title='bbox 713 3932 897 4027; x_wconf 86' lang='lat' dir='ltr'><strong>umbram,</strong></span> <span class='ocrx_word' id='word_1_219' title='bbox 919 3933 982 4007; x_wconf 93' lang='lat' dir='ltr'><strong>ubi</strong></span> <span class='ocrx_word' id='word_1_220' title='bbox 1008 3932 1085 4028; x_wconf 92' lang='lat' dir='ltr'><strong>ipsa</strong></span> <span class='ocrx_word' id='word_1_221' title='bbox 1106 3934 1327 4028; x_wconf 87' lang='lat' dir='ltr'><strong>quiescendo</strong></span> <span class='ocrx_word' id='word_1_222' title='bbox 1349 3935 1532 4028; x_wconf 85' lang='lat' dir='ltr'><strong>ruminat;</strong></span> 
     </span>
     <span class='ocr_line' id='line_1_27' title="bbox 361 4052 1533 4147; baseline -0.001 -19"><span class='ocrx_word' id='word_1_223' title='bbox 361 4054 445 4128; x_wconf 87' lang='lat' dir='ltr'><strong>*ita</strong></span> <span class='ocrx_word' id='word_1_224' title='bbox 469 4073 491 4126; x_wconf 90' lang='lat' dir='ltr'><strong>a</strong></span> <span class='ocrx_word' id='word_1_225' title='bbox 517 4052 622 4127; x_wconf 92' lang='lat' dir='ltr'><strong>simili</strong></span> <span class='ocrx_word' id='word_1_226' title='bbox 649 4058 756 4147; x_wconf 91' lang='lat' dir='ltr'><strong>poeta</strong></span> <span class='ocrx_word' id='word_1_227' title='bbox 782 4059 906 4126; x_wconf 91' lang='lat' dir='ltr'><strong>noster</strong></span> <span class='ocrx_word' id='word_1_228' title='bbox 932 4072 1030 4126; x_wconf 92' lang='lat' dir='ltr'><strong>nunc</strong></span> <span class='ocrx_word' id='word_1_229' title='bbox 1056 4053 1170 4127; x_wconf 92' lang='lat' dir='ltr'><strong>tendit</strong></span> <span class='ocrx_word' id='word_1_230' title='bbox 1186 4052 1232 4127; x_wconf 91' lang='lat' dir='ltr'><strong>ad</strong></span> <span class='ocrx_word' id='word_1_231' title='bbox 1250 4054 1323 4127; x_wconf 90' lang='lat' dir='ltr'><strong>alta</strong></span> <span class='ocrx_word' id='word_1_232' title='bbox 1345 4054 1479 4126; x_wconf 92' lang='lat' dir='ltr'><strong>montis</strong></span> <span class='ocrx_word' id='word_1_233' title='bbox 1496 4061 1533 4127; x_wconf 90' lang='lat' dir='ltr'><strong>et</strong></span> 
     </span>
     <span class='ocr_line' id='line_1_28' title="bbox 364 4164 1621 4269; baseline -0.001 -21"><span class='ocrx_word' id='word_1_234' title='bbox 364 4172 497 4269; x_wconf 80' lang='lat' dir='ltr'><strong>colligit</strong></span> <span class='ocrx_word' id='word_1_235' title='bbox 513 4171 659 4247; x_wconf 90' lang='lat' dir='ltr'><strong>tloridas</strong></span> <span class='ocrx_word' id='word_1_236' title='bbox 675 4171 884 4266; x_wconf 86' lang='lat' dir='ltr'><strong>sententias,</strong></span> <span class='ocrx_word' id='word_1_237' title='bbox 904 4170 1035 4246; x_wconf 90' lang='lat' dir='ltr'><strong>deinde</strong></span> <span class='ocrx_word' id='word_1_238' title='bbox 1053 4173 1250 4245; x_wconf 86' lang='lat' dir='ltr'><strong>ruminat*</strong></span> <span class='ocrx_word' id='word_1_239' title='bbox 1263 4164 1313 4266; x_wconf 77' lang='lat'><strong>(²),</strong></span> <span class='ocrx_word' id='word_1_240' title='bbox 1332 4178 1369 4247; x_wconf 92' lang='lat' dir='ltr'><strong>et</strong></span> <span class='ocrx_word' id='word_1_241' title='bbox 1388 4173 1534 4247; x_wconf 90' lang='lat' dir='ltr'><strong>discutit</strong></span> <span class='ocrx_word' id='word_1_242' title='bbox 1609 4211 1621 4236; x_wconf 56' lang='lat' dir='ltr'><em>a</em></span> 
     </span>
     <span class='ocr_line' id='line_1_29' title="bbox 364 4292 1534 4387; baseline 0.001 -21"><span class='ocrx_word' id='word_1_243' title='bbox 364 4292 443 4368; x_wconf 90' lang='lat' dir='ltr'><strong>illas</strong></span> <span class='ocrx_word' id='word_1_244' title='bbox 466 4292 535 4366; x_wconf 90' lang='lat' dir='ltr'><strong>sub</strong></span> <span class='ocrx_word' id='word_1_245' title='bbox 552 4313 644 4366; x_wconf 92' lang='lat' dir='ltr'><strong>cura</strong></span> <span class='ocrx_word' id='word_1_246' title='bbox 661 4298 698 4367; x_wconf 91' lang='lat' dir='ltr'><strong>et</strong></span> <span class='ocrx_word' id='word_1_247' title='bbox 714 4292 877 4367; x_wconf 89' lang='lat' dir='ltr'><strong>custodia</strong></span> <span class='ocrx_word' id='word_1_248' title='bbox 896 4313 1051 4366; x_wconf 88' lang='lat' dir='ltr'><strong>suorum</strong></span> <span class='ocrx_word' id='word_1_249' title='bbox 1069 4298 1271 4387; x_wconf 85' lang='lat' dir='ltr'><strong>pastorum,</strong></span> <span class='ocrx_word' id='word_1_250' title='bbox 1288 4292 1433 4385; x_wconf 87' lang='lat' dir='ltr'><strong>scilicet,</strong></span> <span class='ocrx_word' id='word_1_251' title='bbox 1452 4293 1534 4367; x_wconf 88' lang='lat' dir='ltr'><strong>Vir-</strong></span> 
     </span>
     <span class='ocr_line' id='line_1_30' title="bbox 363 4411 1535 4511; baseline 0.001 -24"><span class='ocrx_word' id='word_1_252' title='bbox 363 4414 436 4511; x_wconf 82' lang='lat' dir='ltr'><strong>gilii</strong></span> <span class='ocrx_word' id='word_1_253' title='bbox 463 4420 501 4488; x_wconf 88' lang='lat' dir='ltr'><strong>et</strong></span> <span class='ocrx_word' id='word_1_254' title='bbox 525 4412 639 4507; x_wconf 85' lang='lat' dir='ltr'><strong>Statii,</strong></span> <span class='ocrx_word' id='word_1_255' title='bbox 665 4412 729 4506; x_wconf 89' lang='lat' dir='ltr'><strong>qui</strong></span> <span class='ocrx_word' id='word_1_256' title='bbox 753 4413 936 4488; x_wconf 86' lang='lat' dir='ltr'><strong>ducebant</strong></span> <span class='ocrx_word' id='word_1_257' title='bbox 961 4419 998 4487; x_wconf 91' lang='lat' dir='ltr'><strong>et</strong></span> <span class='ocrx_word' id='word_1_258' title='bbox 1023 4411 1227 4508; x_wconf 90' lang='lat' dir='ltr'><strong>dirigebant</strong></span> <span class='ocrx_word' id='word_1_259' title='bbox 1253 4433 1362 4505; x_wconf 82' lang='lat' dir='ltr'><strong>cum3</strong></span> <span class='ocrx_word' id='word_1_260' title='bbox 1380 4420 1417 4487; x_wconf 90' lang='lat' dir='ltr'><strong>et</strong></span> <span class='ocrx_word' id='word_1_261' title='bbox 1437 4414 1535 4489; x_wconf 85' lang='lat' dir='ltr'><strong>stetit</strong></span> 
     </span>
     <span class='ocr_line' id='line_1_31' title="bbox 364 4532 1535 4630; baseline 0.003 -24"><span class='ocrx_word' id='word_1_262' title='bbox 364 4554 430 4629; x_wconf 92' lang='lat' dir='ltr'><strong>per</strong></span> <span class='ocrx_word' id='word_1_263' title='bbox 455 4538 568 4607; x_wconf 85' lang='lat' dir='ltr'><strong>totam</strong></span> <span class='ocrx_word' id='word_1_264' title='bbox 596 4537 740 4607; x_wconf 86' lang='lat' dir='ltr'><strong>noctem</strong></span> <span class='ocrx_word' id='word_1_265' title='bbox 768 4532 897 4623; x_wconf 86' lang='lat' dir='ltr'><strong>tacitus</strong></span> <span class='ocrx_word' id='word_1_266' title='bbox 922 4533 1001 4606; x_wconf 91' lang='lat' dir='ltr'><strong>sine</strong></span> <span class='ocrx_word' id='word_1_267' title='bbox 1019 4532 1139 4605; x_wconf 88' lang='lat' dir='ltr'><strong>verbis</strong></span> <span class='ocrx_word' id='word_1_268' title='bbox 1157 4532 1194 4605; x_wconf 92' lang='lat' dir='ltr'><strong>in</strong></span> <span class='ocrx_word' id='word_1_269' title='bbox 1211 4532 1291 4606; x_wconf 93' lang='lat' dir='ltr'><strong>loco</strong></span> <span class='ocrx_word' id='word_1_270' title='bbox 1312 4538 1350 4607; x_wconf 89' lang='lat' dir='ltr'><strong>et</strong></span> <span class='ocrx_word' id='word_1_271' title='bbox 1369 4540 1535 4630; x_wconf 88' lang='lat' dir='ltr'><strong>tempore</strong></span> 
     </span>
     <span class='ocr_line' id='line_1_32' title="bbox 364 4651 1532 4749; baseline 0.002 -22"><span class='ocrx_word' id='word_1_272' title='bbox 364 4652 525 4727; x_wconf 89' lang='lat' dir='ltr'><strong>solitario</strong></span> <span class='ocrx_word' id='word_1_273' title='bbox 550 4658 635 4747; x_wconf 91' lang='lat' dir='ltr'><strong>apto</strong></span> <span class='ocrx_word' id='word_1_274' title='bbox 660 4651 706 4727; x_wconf 90' lang='lat' dir='ltr'><strong>ad</strong></span> <span class='ocrx_word' id='word_1_275' title='bbox 731 4652 1015 4746; x_wconf 88' lang='lat' dir='ltr'><strong>speculationem</strong></span> <span class='ocrx_word' id='word_1_276' title='bbox 1034 4672 1112 4725; x_wconf 80' lang='lat' dir='ltr'><strong>sure</strong></span> <span class='ocrx_word' id='word_1_277' title='bbox 1129 4672 1236 4726; x_wconf 86' lang='lat' dir='ltr'><strong>uovae</strong></span> <span class='ocrx_word' id='word_1_278' title='bbox 1253 4651 1429 4746; x_wconf 75' lang='lat' dir='ltr'><strong>materia,</strong></span> <span class='ocrx_word' id='word_1_279' title='bbox 1447 4675 1532 4749; x_wconf 83' lang='lat' dir='ltr'><strong>quae</strong></span> 
     </span>
     <span class='ocr_line' id='line_1_33' title="bbox 363 4771 1534 4867; baseline 0.002 -20"><span class='ocrx_word' id='word_1_280' title='bbox 363 4772 435 4847; x_wconf 89' lang='lat' dir='ltr'><strong>erit</strong></span> <span class='ocrx_word' id='word_1_281' title='bbox 452 4772 568 4844; x_wconf 92' lang='lat' dir='ltr'><strong>multo</strong></span> <span class='ocrx_word' id='word_1_282' title='bbox 589 4771 696 4847; x_wconf 90' lang='lat' dir='ltr'><strong>altior</strong></span> <span class='ocrx_word' id='word_1_283' title='bbox 714 4771 942 4867; x_wconf 79' lang='lat' dir='ltr'><strong>praecedenti.</strong></span> <span class='ocrx_word' id='word_1_284' title='bbox 960 4772 1065 4846; x_wconf 90' lang='lat' dir='ltr'><strong>Nunc</strong></span> <span class='ocrx_word' id='word_1_285' title='bbox 1082 4771 1210 4847; x_wconf 89' lang='lat' dir='ltr'><strong>ordina</strong></span> <span class='ocrx_word' id='word_1_286' title='bbox 1227 4772 1372 4847; x_wconf 89' lang='lat' dir='ltr'><strong>literam</strong></span> <span class='ocrx_word' id='word_1_287' title='bbox 1391 4781 1428 4848; x_wconf 91' lang='lat' dir='ltr'><strong>et</strong></span> <span class='ocrx_word' id='word_1_288' title='bbox 1445 4796 1534 4851; x_wconf 91' lang='lat' dir='ltr'><strong>cou-</strong></span> 
     </span>
    </p>
   </div>
   <div class='ocr_carea' id='block_1_5' title="bbox 427 4954 1442 5097">
    <p class='ocr_par' dir='ltr' id='par_1_5' title="bbox 427 4954 1442 5097">
     <span class='ocr_line' id='line_1_34' title="bbox 427 4954 918 5019; baseline -0.002 -13"><span class='ocrx_word' id='word_1_289' title='bbox 427 4954 453 5017; x_wconf 82' lang='lat'><strong>(¹)</strong></span> <span class='ocrx_word' id='word_1_290' title='bbox 471 4958 525 5013; x_wconf 80' lang='lat' dir='ltr'><strong>tlt,</strong></span> <span class='ocrx_word' id='word_1_291' title='bbox 543 4957 660 5019; x_wconf 85' lang='lat' dir='ltr'><strong>pulcram</strong></span> <span class='ocrx_word' id='word_1_292' title='bbox 676 4960 702 5006; x_wconf 87' lang='lat' dir='ltr'><strong>et</strong></span> <span class='ocrx_word' id='word_1_293' title='bbox 718 4955 918 5007; x_wconf 80' lang='lat' dir='ltr'><strong>subtilissimum.</strong></span> 
     </span>
     <span class='ocr_line' id='line_1_35' title="bbox 429 5030 1442 5097; baseline 0.005 -15"><span class='ocrx_word' id='word_1_294' title='bbox 429 5032 456 5095; x_wconf 85' lang='lat'><strong>(¹)</strong></span> <span class='ocrx_word' id='word_1_295' title='bbox 472 5032 508 5081; x_wconf 84' lang='lat' dir='ltr'><strong>Lo</strong></span> <span class='ocrx_word' id='word_1_296' title='bbox 525 5031 613 5096; x_wconf 77' lang='lat' dir='ltr'><strong>parole</strong></span> <span class='ocrx_word' id='word_1_297' title='bbox 629 5030 670 5083; x_wconf 77' lang='lat' dir='ltr'><strong>fra</strong></span> <span class='ocrx_word' id='word_1_298' title='bbox 685 5032 694 5080; x_wconf 91' lang='lat' dir='ltr'><strong>i</strong></span> <span class='ocrx_word' id='word_1_299' title='bbox 710 5032 760 5083; x_wconf 87' lang='lat' dir='ltr'><strong>due</strong></span> <span class='ocrx_word' id='word_1_300' title='bbox 776 5032 908 5083; x_wconf 79' lang='lat' dir='ltr'><strong>mtcriscbi</strong></span> <span class='ocrx_word' id='word_1_301' title='bbox 924 5046 988 5083; x_wconf 85' lang='lat' dir='ltr'><strong>sono</strong></span> <span class='ocrx_word' id='word_1_302' title='bbox 1004 5030 1115 5095; x_wconf 87' lang='lat' dir='ltr'><strong>supplitc</strong></span> <span class='ocrx_word' id='word_1_303' title='bbox 1131 5032 1200 5097; x_wconf 77' lang='lat' dir='ltr'><strong>dagli</strong></span> <span class='ocrx_word' id='word_1_304' title='bbox 1216 5033 1276 5084; x_wconf 86' lang='lat' dir='ltr'><strong>altri</strong></span> <span class='ocrx_word' id='word_1_305' title='bbox 1292 5040 1333 5085; x_wconf 86' lang='lat' dir='ltr'><strong>tre</strong></span> <span class='ocrx_word' id='word_1_306' title='bbox 1348 5034 1442 5087; x_wconf 82' lang='lat' dir='ltr'><strong>Codici.</strong></span> 
     </span>
    </p>
   </div>
   <div class='ocr_carea' id='block_1_6' title="bbox 0 0 2184 6692">
    <p class='ocr_par' dir='ltr' id='par_1_6' title="bbox 0 0 2184 6692">
     <span class='ocr_line' id='line_1_36' title="bbox 0 0 2184 6692; baseline 0 0"><span class='ocrx_word' id='word_1_307' title='bbox 0 0 2184 6692; x_wconf 95' lang='lat' dir='ltr'><strong> </strong></span> 
     </span>
    </p>
   </div>
  </div>
 </body>
</html>
