4342 6692
676 900 747 973 ³92
1066 914 1271 971 corruuruu
1296 917 1463 971 nnnnnrsr

674 1066 863 1155 asportent
885 1058 1048 1153 aliquam
1065 1051 1103 1151 (¹)
1128 1066 1257 1135 contra
1283 1080 1389 1137 suam
1410 1060 1650 1155 voluntatem,
1668 1063 1762 1137 sicut
1782 1084 1846 1157 na-

676 1181 747 1255 tuit
771 1180 807 1255 in
832 1180 1021 1274 Picharda,
1046 1180 1083 1253 in
1110 1201 1183 1273 qua
1209 1181 1277 1255 luit
1301 1181 1471 1257 violentia
1504 1202 1608 1275 pura.
1638 1182 1848 1280 Ignorantia

677 1300 890 1375 invincibilis
914 1308 970 1375 est
994 1302 1101 1375 cuius
1127 1302 1238 1375 homo
1255 1322 1329 1376 non
1349 1302 1460 1376 habet
1477 1300 1692 1397 principium
1719 1304 1848 1379 volun-

678 1420 826 1515 tarium,
855 1420 902 1493 ad
933 1440 1048 1513 quam
1072 1420 1241 1514 sequitur
1266 1420 1409 1495 tristitia
1441 1428 1478 1496 et
1507 1420 1714 1516 poenitudo:
1747 1421 1846 1497 unde

675 1561 833 1636 peccans
858 1561 923 1635 per
946 1540 1161 1615 ebrietatem
1182 1562 1255 1615 non
1272 1548 1482 1636 excusatur,
1501 1542 1575 1618 imo
1595 1550 1759 1617 meretur
1778 1542 1848 1617 du-

678 1661 808 1756 plicem
835 1680 995 1755 poenam,
1021 1659 1065 1733 ut
1089 1660 1174 1735 dicit
1199 1661 1452 1756 philosophus:
1478 1661 1643 1737 similiter
1663 1662 1848 1757 numquis

679 1782 824 1878 ignorat
848 1780 935 1855 illud
961 1780 1061 1875 quod
1085 1780 1194 1856 debet
1221 1781 1341 1855 lucere
1362 1783 1421 1856 vel
1440 1782 1556 1857 vitare
1574 1801 1639 1878 per
1661 1780 1848 1877 negligen-

679 1904 767 1977 tiam
792 1922 866 1976 non
892 1908 1104 1977 excusatur.
1131 1901 1223 1977 Dicit
1247 1922 1337 1998 ergo
1363 1902 1531 1977 Beatrix:
1557 1908 1601 1977 Se
1630 1904 1790 1976 murra
1814 1897 1846 1993 ἐ,

678 2024 720 2119 si,
745 2044 813 2119 pro
838 2023 936 2117 quia,
962 2023 1049 2116 qnia
1074 2024 1125 2097 sic
1156 2028 1221 2115 est,
1249 2026 1390 2113 quando
1422 2026 1501 2114 quet
1531 2024 1591 2097 cte
1617 2030 1712 2115 pate,
1746 2021 1848 2115 idest,

678 2144 858 2220 substinet
886 2143 1109 2235 violentiam,
1135 2146 1246 2217 niente
1270 2146 1458 2237 constricte
1482 2164 1506 2215 o
1531 2145 1611 2234 quet
1633 2143 1693 2215 olle
1715 2145 1848 2236 sforza,

678 2264 781 2356 idest,
799 2264 873 2337 vim
890 2263 1012 2358 agenti
1029 2254 1078 2355 (²),
1098 2271 1211 2354 queste
1228 2266 1332 2356 alme,
1355 2262 1490 2337 scilicet
1506 2262 1681 2337 Picharda
1699 2268 1737 2335 et
1753 2260 1849 2335 Cou-

679 2383 823 2476 stantia,
847 2404 920 2455 non
941 2387 1004 2475 sur
1028 2389 1181 2456 manate
1201 2403 1269 2474 ner
1292 2402 1384 2474 essa,
1410 2381 1545 2457 scilicet
1571 2380 1850 2455 violentiam.—

682 2498 759 2577 t'ld.
780 2504 845 2577 Hic
865 2504 1010 2578 Beatrix
1029 2502 1074 2577 ad
1093 2502 1408 2577 confirmationem
1430 2500 1514 2576 dicti
1531 2500 1587 2574 sui
1606 2499 1735 2595 probat
1752 2498 1848 2593 quod

681 2626 849 2699 uoluntas
874 2624 919 2697 sit
943 2644 1090 2717 semper
1117 2623 1228 2697 libera
1255 2642 1321 2717 per
1347 2622 1515 2696 naturale
1540 2620 1763 2714 exemplum,
1795 2619 1849 2693 di-

679 2764 785 2820 cens:
815 2739 884 2819 Cle*
907 2733 1060 2833 volontd,
1093 2764 1130 2815 se
1157 2763 1230 2815 noa
1263 2746 1357 2832 vuol,
1390 2762 1462 2815 aon
1494 2743 1735 2831 sommum,
1764 2758 1848 2815 nam

681 2865 850 2938 voluntas
887 2882 956 2937 nec
987 2862 1065 2936 dari
1103 2868 1221 2957 potest
1259 2860 1382 2955 invito,
1422 2880 1490 2935 nec
1527 2860 1684 2953 auferri3
1717 2880 1777 2931 mu
1808 2860 1851 2952 sa

679 3004 776 3057 come
798 2984 1208 3075 samosatensem,
1234 2981 1296 3075 qui
1324 2981 1541 3055 naturaliter
1566 2999 1711 3074 semper
1738 2976 1851 3053 tendit

680 3122 830 3179 sursum
865 3102 1016 3177 ratione
1036 3122 1114 3177 suae
1147 3102 1314 3193 levitatis
1338 3122 1376 3175 se
1406 3104 1497 3175 mitte
1522 3104 1610 3175 volu
1639 3104 1800 3175 vinnm
1825 3102 1853 3173 il

680 3232 798 3313 crza,
823 3224 918 3297 sicut
946 3223 976 3297 si
1002 3223 1172 3298 violentia
1203 3222 1303 3297 venti
1331 3222 1499 3298 deflectat
1528 3222 1645 3319 ipsum
1674 3242 1773 3296 nunc
1803 3222 1848 3297 ad

679 3347 774 3421 hanc
798 3353 941 3439 partem
975 3366 1073 3419 nnnc
1103 3345 1148 3420 ad
1174 3345 1294 3438 illam3
1321 3352 1359 3420 et
1389 3352 1444 3420 est
1474 3344 1609 3440 optima
1642 3343 1847 3436 similitudo,

680 3466 766 3560 quia
793 3485 897 3538 nrens
922 3465 1084 3539 humana
1111 3466 1326 3539 naturaliter
1356 3466 1468 3539 tendit
1500 3466 1547 3539 ad
1575 3468 1712 3539 coelum
1747 3486 1849 3541 more

680 3583 795 3679 ignis3
822 3583 921 3657 unde
951 3582 1141 3678 Virgilius:
1173 3588 1300 3675 Iuncus
1331 3592 1382 3658 est
1409 3587 1478 3658 dlis
1511 3588 1614 3675 otyor
1643 3591 1677 3658 et
1708 3587 1849 3659 coekstir

678 3707 806 3795 otium
835 3703 917 3779 idco
951 3704 1091 3777 subdit:
1118 3700 1398 3795 pernicitatis,
1428 3704 1574 3797 scilicet,
1607 3705 1787 3798 voluntas,
1820 3706 1851 3779 si

676 3826 782 3917 ριέρα
807 3826 905 3896 assai
927 3844 950 3895 o
969 3843 1074 3915 poco,
1094 3844 1158 3919 per
1185 3824 1259 3899 vim
1286 3825 1343 3899 vel
1370 3830 1524 3919 metum,
1543 3845 1646 3917 seque
1670 3828 1707 3898 to
1728 3828 1848 3919 sorra,

680 3943 951 4037 consentiendo,
976 3966 996 4017 e
1019 3938 1091 4017 cosi
1115 3952 1242 4036 queste,
1276 3944 1422 4037 scilicet,
1448 3944 1616 4038 dominae,
1649 3950 1742 4039 suo,
1772 3952 1851 4039 post

682 4064 989 4156 violentationenr,
1020 4069 1195 4156 passando
1227 4068 1381 4159 unauna
1409 4067 1467 4138 net
1498 4072 1600 4139 sunto
1631 4068 1720 4159 ioco,
1751 4064 1798 4140 ad
1813 4054 1848 4156 (³)

682 4184 945 4268 monasterium
975 4185 1036 4259 ubi
1063 4192 1241 4260 voverant
1267 4192 1431 4260 sanctam
1463 4185 1852 4261 continentiam-Se

678 4310 782 4399 fosse.
808 4305 913 4377 Nunc
938 4306 1069 4399 probat
1094 4325 1161 4399 per
1186 4305 1398 4399 exemplum
1426 4307 1644 4399 humanum,
1661 4305 1761 4399 quod
1787 4325 1851 4381 ro-

681 4427 802 4499 lunlas
823 4432 878 4498 est
894 4425 1120 4514 inviolabilis
1143 4425 1272 4520 primo,
1292 4426 1460 4520 exemplo
1478 4426 1674 4520 christiani,
1691 4424 1852 4501 secundo

680 4544 823 4640 pagani.
849 4544 902 4618 dd
929 4544 1028 4638 quod
1048 4544 1250 4637 sciendum,
1269 4546 1369 4638 quod
1386 4545 1605 4620 Laurentius
1622 4545 1691 4621 luit
1708 4545 1853 4621 natione

683 4665 855 4758 hispanus
889 4671 1057 4759 tempore
1094 4664 1191 4739 Decii
1223 4664 1411 4739 sanissimi
1442 4665 1684 4760 imperatoris,
1717 4664 1853 4760 quint

680 4792 809 4857 notum
835 4791 891 4859 est
916 4784 1087 4859 omnibus
1121 4791 1200 4878 post
1230 4785 1346 4860 multa
1377 4806 1514 4881 genera
1545 4786 1750 4861 crudelium
1776 4792 1853 4860 tor-

744 4969 771 5029 (¹)
787 4969 813 5019 S.
829 4970 914 5033 aliqua
930 4976 1069 5038 contra-7
1079 4972 1111 5021 Ε.
1127 4971 1239 5036 aliquem
1255 4978 1355 5023 neuun.

745 5046 772 5106 tt
789 5046 820 5095 R
837 5047 1220 5112 armamentorum
1415 5050 1442 5112 (⁸)
1459 5050 1490 5101 lt
1506 5048 1605 5101 wiuoet
1620 5050 1661 5099 ru.
