4342 6692
634 784 699 856 ‘l8
1016 801 1221 858 comnnrun
1245 803 1465 859 runotromr

651 948 735 1043 quis
760 948 982 1042 loquebatur
1007 948 1067 1042 ibi,
1093 949 1158 1023 sed
1183 950 1332 1043 trustra,
1352 948 1531 1043 quianon
1553 953 1696 1043 poterat
1721 947 1822 1021 illum

652 1089 896 1167 cognoscere3
923 1069 1004 1144 ideo
1031 1069 1126 1144 bene
1156 1070 1329 1166 Virgilius
1354 1069 1541 1145 revocarit
1566 1089 1655 1144 eum
1681 1068 1824 1142 dicens:

651 1194 686 1265 lo
707 1186 769 1283 ptri
789 1192 849 1262 obe
862 1191 989 1284 padre,
1008 1188 1110 1283 idest,
1131 1190 1303 1287 Virgilius
1320 1197 1523 1286 praeceptor
1538 1184 1588 1285 (¹),
1609 1190 1825 1263 informator

652 1309 764 1384 animi
784 1309 854 1384 mei
876 1309 990 1406 magis
1003 1309 1178 1384 colendus
1195 1331 1309 1404 quam
1327 1317 1443 1404 pater,
1460 1313 1509 1382 mi
1524 1312 1644 1383 dioec.-
1658 1311 1823 1401 fiplioole,

616 1429 619 1436 ’
652 1431 755 1526 idest,
781 1452 805 1505 o
839 1430 886 1504 fili
919 1432 980 1524 mi,
1012 1433 1092 1504 oeni
1121 1435 1205 1524 appi
1233 1435 1317 1523 moi,
1358 1430 1444 1524 quia
1477 1436 1636 1505 nonest
1668 1429 1824 1524 amplius

653 1550 822 1625 standum
853 1551 931 1642 bic,
966 1555 1002 1626 et
1032 1571 1119 1625 ecce
1152 1572 1301 1627 causam
1337 1551 1465 1626 utilem
1498 1556 1536 1625 et
1567 1550 1823 1642 necessariam,

652 1667 751 1746 citt
773 1677 884 1764 tempo
900 1675 960 1742 cte
978 1667 1048 1745 o'e'
1060 1680 1176 1763 posto,
1200 1672 1247 1746 de
1275 1693 1350 1766 quo
1371 1671 1554 1746 modicum
1575 1677 1688 1746 restat
1708 1671 1823 1763 nobis,

647 1788 711 1885 piri
736 1795 906 1865 utilmeote
931 1796 1125 1884 compartir
1151 1796 1183 1866 n·
1212 1797 1323 1884 onole,
1349 1793 1436 1886 quia
1462 1794 1579 1867 multa
1605 1798 1742 1867 restant
1767 1790 1824 1864 vi-

650 1911 781 2004 denda,
798 1931 883 2004 quae
903 1911 1127 1986 ambulando
1144 1913 1347 2006 poterimus
1364 1913 1614 2008 contemplari.
1628 1916 1738 1984 -lo
1758 1911 1823 1984 llic

650 2039 756 2128 poeta
783 2032 937 2106 ostendit
963 2032 1121 2126 qualiter
1142 2034 1302 2107 monitus
1321 2055 1342 2108 a
1360 2033 1509 2129 Virgilio
1530 2033 1680 2107 recessit
1696 2032 1744 2106 ab
1761 2052 1824 2105 ar-

648 2153 741 2227 bore
766 2159 803 2227 et
827 2153 978 2227 accessit
1003 2153 1049 2226 ad
1078 2153 1239 2249 spiritus,
1270 2153 1334 2248 qui
1358 2154 1613 2249 purgabantur
1644 2153 1704 2225 ibi.
1731 2151 1822 2226 Dicit

650 2292 740 2370 ergo
761 2273 902 2347 statim:
924 2278 966 2346 10
983 2277 1071 2347 notri
1086 2277 1115 2346 il
1133 2277 1221 2366 viso,
1242 2274 1389 2363 scilicet,
1407 2273 1616 2366 mentalem,
1635 2275 1688 2345 c'l
1699 2293 1821 2364 passo,

650 2394 754 2487 idest,
780 2391 993 2488 processum
1020 2392 1065 2466 ad
1092 2394 1190 2467 aliud
1225 2393 1536 2488 pertractandum,
1562 2415 1634 2465 noo
1665 2412 1743 2464 men
1769 2399 1823 2464 to

649 2522 716 2605 sto,
744 2515 848 2607 quasi
865 2514 980 2588 dicat:
999 2515 1140 2588 removi
1159 2515 1296 2609 pariter
1313 2515 1462 2588 oculum
1481 2520 1518 2588 et
1538 2513 1667 2608 pedem
1686 2513 1732 2586 ab
1758 2533 1822 2584 ar-

649 2634 751 2728 bore,
767 2655 934 2726 appresso
960 2637 1078 2724 isooi,
1100 2634 1246 2726 scilicet,
1268 2633 1459 2729 Virgilium
1485 2640 1523 2707 et
1547 2633 1704 2707 Statium
1731 2651 1821 2726 poe-

648 2759 715 2847 tas
734 2757 793 2826 cbo
812 2757 995 2846 partuum
1011 2757 1072 2842 sie,
1090 2755 1192 2848 idest,
1212 2762 1286 2828 tam
1304 2753 1461 2828 dulciter
1485 2760 1523 2827 et
1547 2752 1819 2846 delectabiliter,

649 2877 710 2947 circ
734 2878 784 2948 mi
804 2878 932 2968 [ocean
958 2875 1114 2947 tendor
1138 2880 1233 2947 costo
1257 2878 1296 2948 di
1319 2876 1436 2966 nullo;
1458 2873 1562 2966 quasi
1587 2873 1694 2965 dicat,
1720 2871 1820 2965 quod

648 2994 791 3067 nullum
819 2995 983 3068 laborem
1001 2994 1203 3068 sentiebam
1223 2995 1258 3068 in
1277 2994 1417 3088 eund03
1443 3001 1481 3068 et
1507 2994 1651 3086 merito,
1676 2994 1762 3086 quia
1783 2993 1822 3065 in

649 3114 722 3188 vita
748 3115 903 3209 populus
929 3135 1106 3188 romanus
1131 3115 1306 3188 currebat
1332 3114 1499 3188 certatim
1526 3113 1572 3188 ad
1594 3113 1818 3187 audiendum

647 3236 868 3308 alterutrum
896 3235 1048 3309 istorum
1078 3241 1293 3329 poetarum3
1320 3235 1395 3308 imo
1413 3234 1519 3308 bodie
1538 3233 1704 3308 videmus
1723 3235 1820 3306 mol-

648 3362 703 3429 tos
733 3355 839 3429 avide
868 3376 1094 3430 concurrere
1125 3355 1172 3429 ad
1205 3354 1430 3429 audiendum
1461 3353 1573 3427 libros
1605 3355 1759 3428 istorum
1790 3353 1820 3426 si

648 3475 693 3548 sit
718 3473 848 3567 aliquis
873 3475 967 3548 bene
992 3475 1118 3571 legens
1143 3480 1180 3548 et
1205 3474 1418 3570 intelligens.
1435 3475 1481 3548 Et
1502 3474 1617 3570 tangit
1632 3473 1818 3568 quomodo

648 3585 1001 3688 appropinquaritl²l
1029 3594 1074 3667 ad
1100 3594 1259 3689 spiritus,
1286 3595 1371 3688 quia
1397 3594 1536 3668 audivit
1561 3615 1693 3688 voces,
1721 3595 1818 3667 unde

648 3713 752 3788 dicit:
779 3721 812 3786 et
834 3735 912 3787 ecco
937 3717 1069 3804 dudio,
1095 3714 1199 3806 idest,
1223 3715 1390 3789 auditum
1417 3715 1497 3806 luit,
1513 3719 1665 3807 pionper
1690 3737 1709 3788 e
1731 3737 1819 3788 cco-

648 3841 721 3925 tur,
740 3834 825 3928 quia
844 3834 891 3908 illi
913 3835 958 3908 de
982 3835 1197 3930 purgatorio
1214 3835 1389 3929 plorando
1407 3843 1566 3931 cantant,
1584 3842 1621 3910 et
1636 3836 1818 3911 cantando

559 4055 560 4058 Ἴ
648 3955 794 4048 plorant
819 3961 968 4048 propter
993 3975 1094 4049 spem
1122 3961 1158 4028 et
1180 3975 1349 4049 poenam;
1366 3962 1404 4028 et
1421 3975 1507 4030 ecce
1524 3956 1611 4049 quid
1631 3956 1817 4029 dicebant:

648 4075 758 4146 tabia
774 4095 864 4165 mea,
883 4078 1043 4165 Domine,
1062 4074 1163 4168 idest,
1182 4075 1268 4147 illud
1289 4075 1427 4148 dictum
1448 4076 1700 4170 propheticum
1719 4076 1818 4169 quod

590 4224 593 4229 ’
647 4196 692 4270 ad
732 4215 860 4270 omnes
895 4196 1020 4269 laudes
1054 4195 1192 4269 divinas
1226 4195 1453 4289 decantatur,
1488 4197 1635 4291 scilicet,
1669 4199 1818 4270 Domim

648 4317 743 4389 lobio
775 4337 852 4388 mco
887 4319 1023 4408 opertos
1048 4323 1081 4388 et
1104 4337 1144 4388 os
1169 4337 1280 4388 mcum
1306 4319 1523 4390 annuntiabit
1545 4320 1684 4390 laudem
1708 4325 1815 4390 oum.

644 4437 737 4524 Quae
763 4437 882 4511 oratio
908 4437 1044 4531 optime
1070 4436 1244 4531 competit
1267 4437 1405 4532 gulosis
1429 4437 1516 4531 istis,
1542 4438 1646 4532 quasi
1679 4438 1817 4512 dicant:

645 4553 756 4626 Labia
783 4561 820 4628 et
845 4573 886 4627 os
912 4575 996 4648 quae
1022 4554 1174 4628 exercui
1201 4554 1359 4626 multum
1390 4560 1428 4629 et
1456 4575 1553 4649 saepe
1581 4555 1628 4629 ad
1660 4554 1818 4629 mandu-

645 4673 803 4748 candum
832 4680 868 4748 et
893 4674 1103 4768 bibendum,
1129 4693 1239 4767 nunc,
1265 4675 1429 4768 obeus,
1454 4676 1558 4769 aperi
1588 4676 1634 4750 ad
1664 4676 1818 4750 laudan-

709 4861 736 4922 (¹)
753 4861 778 4908 S.
796 4874 810 4909 e
828 4861 858 4912 Ε.
875 4870 1020 4926 preceptor
1036 4878 1111 4913 meus
1126 4869 1154 4914 ct
1169 4863 1332 4914 informator.

711 4934 738 5000 (¹)
756 4937 781 4987 S.
799 4939 1130 5004 &appropinquaverit
