4342 6692
617 918 756 975 camos
781 919 997 975 antemos
1020 919 1183 976 ruamus.
1411 910 1483 978 277

311 1064 356 1138 sti
381 1065 509 1160 altum,
541 1068 677 1156 dormo,
702 1064 804 1158 idest,
833 1065 977 1139 videtur
1001 1064 1161 1160 sopitum
1188 1067 1225 1138 et
1256 1063 1482 1159 tenentum,

309 1205 347 1257 se
369 1205 443 1258 non
466 1187 597 1277 ntimo,
622 1185 724 1278 idest,
750 1182 990 1278 coniecturat,
1007 1186 1064 1274 tei,
1081 1182 1184 1277 idest,
1210 1182 1344 1258 dictam
1371 1183 1483 1258 arbo·-

310 1323 402 1397 rem,
427 1305 523 1378 «isser
546 1310 644 1378 tuoto
668 1306 810 1395 eccetan,
836 1304 940 1398 idest,
966 1303 1078 1378 altam
1109 1308 1290 1398 quantum
1319 1303 1392 1377 dixi
1419 1303 1483 1378 tibi

309 1444 423 1518 supra
448 1424 607 1518 capitulo
632 1425 812 1519 proximo,
839 1424 902 1499 ubi
927 1422 1001 1498 diri
1026 1424 1126 1518 quod
1156 1423 1298 1500 excedit
1322 1423 1483 1499 altitudi-

311 1564 396 1618 nem
422 1544 590 1618 omnium
616 1544 793 1619 arborum
820 1543 940 1639 ludite,
965 1539 987 1617 e*
1013 1535 1044 1616 sl
1073 1547 1226 1618 novolio
1256 1547 1349 1618 neda
1377 1547 1482 1634 dmo,

311 1664 398 1758 quia
424 1665 534 1740 habet
559 1684 683 1739 ramos
708 1670 923 1740 recurvatos
942 1662 990 1738 ad
1010 1670 1150 1739 terram
1171 1665 1481 1760 percontrarium

312 1791 523 1859 nostrarum
540 1784 730 1879 arborum,
744 1805 813 1876 per
828 1787 990 1874 annum
1009 1788 1156 1876 capione
1161 1811 1178 1879 ‚·
1198 1785 1351 1860 altitudo
1369 1785 1497 1880 siqui·⁴

311 1904 396 1979 dem
421 1905 564 1980 arboris
589 1905 699 1980 huius
715 1905 850 2002 figurat
870 1904 970 1999 quod
986 1905 1135 1980 scientia
1154 1905 1218 1979 liei
1236 1911 1290 1979 est
1307 1901 1481 1980 altissima

311 2025 349 2099 in
374 2025 575 2120 inlinitum3
602 2025 781 2102 revolutio
807 2032 934 2100 autem
952 2025 1088 2121 figurat
1108 2025 1207 2119 quod
1225 2026 1347 2100 nullus
1365 2033 1482 2120 potest

310 2145 509 2222 ascendme
525 2147 584 2223 vel
600 2147 783 2242 attingere
798 2145 846 2220 ad
862 2146 962 2220 illam
982 2144 1211 2220 altitudinem
1221 2145 1241 2240 3'
1260 2146 1358 2222 unde
1374 2147 1482 2242 primi

310 2272 481 2362 parentes
506 2267 594 2361 quia
618 2266 817 2368 uoluerunt
842 2265 937 2340 scire
961 2266 1043 2360 plus
1068 2272 1106 2340 et
1130 2265 1369 2360 altius'quam
1388 2273 1483 2341 esset

310 2387 363 2462 eis
376 2387 609 2482 permissum,
622 2408 670 2462 ex
682 2386 872 2461 altitudine
884 2385 1044 2460 scientiae
1060 2392 1217 2460 ruerunt
1229 2386 1266 2459 in
1284 2385 1391 2460 istam
1404 2386 1484 2461 val-

311 2507 384 2582 lem
401 2506 627 2603 ignorantiae.
645 2506 690 2580 Et
709 2505 830 2579 subdit
846 2525 998 2580 oausam
1015 2504 1231 2600 ignorantia
1248 2512 1378 2601 poetae,
1396 2505 1483 2600 quia

312 2627 459 2722 scilicet,
489 2626 633 2701 vacarit
657 2625 736 2700 aliis
767 2625 926 2701 scientiis
950 2625 1073 2720 vanis3
1106 2645 1190 2720 quae
1215 2625 1483 2702 induraverunt

193 2842 197 2848 .
312 2752 474 2822 mentem
501 2767 608 2820 suam
625 2766 674 2821 ne
689 2751 930 2841 cognosceret
946 2745 1014 2819 ista
1031 2744 1163 2819 divina.
1182 2744 1316 2819 Ordina
1339 2745 1499 2830 literam

314 2868 385 2943 sic:
410 2869 673 2941 ecooosceresti
688 2869 724 2940 la
740 2868 903 2958 piostzio
920 2868 958 2940 di
973 2869 1042 2940 Dio
1058 2869 1150 2940 netto
1166 2868 1360 2958 interdetto,
1378 2865 1484 2960 quasi

313 2987 426 3063 dicat:
444 2993 483 3062 et
498 3007 722 3083 cognoscere
737 3006 863 3082 posses
880 2987 979 3081 quod
991 2987 1092 3082 juste
1107 2988 1206 3062 Deus
1222 2986 1339 3061 vetuit
1355 3005 1484 3061 ascen-

313 3129 398 3182 sum
415 3107 518 3182 istius
533 3107 685 3201 arboris,
699 3111 737 3182 et
748 3107 849 3202 juste
864 3106 1005 3202 punivit
1021 3106 1264 3202 expoliatores
1281 3107 1378 3202 eius3
1397 3129 1482 3182 nam

313 3226 498 3303 interdixit
521 3224 608 3301 Adae
633 3247 682 3302 ne
698 3225 910 3301 comederet
928 3226 976 3301 de
995 3226 1120 3301 fructu
1140 3225 1234 3300 illius
1259 3227 1305 3302 ad
1328 3226 1484 3304 innuen-

313 3347 402 3421 dum
438 3346 538 3441 quod
566 3365 700 3420 manus
731 3345 1017 3420 inobedientium
1051 3367 1126 3420 non
1160 3346 1405 3422 extendantur
1437 3348 1484 3423 ad

313 3473 452 3541 tanmm
483 3466 750 3560 excellentiam,
775 3466 870 3540 sicut
899 3465 1082 3561 superbus
1111 3466 1280 3542 curiosus
1309 3467 1373 3562 qui
1404 3469 1484 3542 vult

312 3606 442 3682 sapere
466 3587 663 3682 plusquam
698 3592 853 3681 oportet.
880 3585 965 3661 ldeo
997 3585 1103 3662 dicit:
1138 3609 1157 3660 e
1187 3587 1319 3662 totta
1350 3591 1486 3663 morot-

314 3714 445 3801 meute5
469 3707 549 3781 haec
574 3704 673 3780 enim
698 3706 811 3780 arbor
836 3704 988 3802 fingitur
1013 3706 1053 3780 in·
1075 3706 1137 3781 tali
1159 3707 1277 3782 lorma
1303 3713 1340 3784 et
1365 3707 1484 3803 figura

313 3837 442 3904 contra
467 3826 621 3901 modum
646 3825 803 3902 aliarum
823 3825 1002 3900 arborum
1023 3833 1173 3922 propter
1191 3847 1342 3902 oausam
1361 3849 1486 3904 mora-

314 3947 388 4024 lem
408 3948 486 4043 jam
513 3947 747 4044 assignatam.
769 3945 848 4022 Alia
863 3951 991 4021 autem
1009 3967 1121 4022 causa
1142 3967 1225 4040 quae
1242 3947 1387 4024 videtur
1405 3970 1486 4024 ma-

314 4068 370 4164 gis
394 4069 571 4143 naturalis
595 4068 777 4165 assignata
802 4065 870 4140 init
895 4088 1019 4162 supra,
1040 4067 1127 4161 quia
1153 4066 1299 4162 scilicet,
1320 4069 1399 4143 haec
1424 4091 1487 4144 ar·

314 4188 383 4262 bor
407 4187 518 4263 habet
543 4187 683 4263 radices
707 4187 746 4261 in
770 4186 864 4262 coelo
892 4193 931 4262 et
961 4206 1085 4261 ramos
1110 4207 1239 4262 versus
1271 4194 1424 4284 terram,
1449 4196 1487 4264 et

314 4307 365 4381 ita
389 4307 606 4384 alimentum
631 4306 742 4382 habet
766 4328 789 4381 a
814 4307 908 4382 coelo
933 4305 998 4380 nbi
1021 4305 1102 4380 aon
1126 4306 1280 4381 arbores
1305 4306 1440 4382 habent
1465 4327 1486 4382 e

313 4426 522 4522 contrari03
550 4448 619 4520 per
652 4434 746 4502 unu
774 4429 990 4500 circostonze
1017 4429 1219 4520 solamente,
1249 4434 1340 4520 quot
1369 4425 1487 4502 vidisti

315 4553 353 4621 et
376 4545 565 4640 audivisti3
591 4567 678 4622 nam
704 4545 986 4622 circumstantie
1007 4545 1167 4619 multum
1188 4545 1325 4620 iaciunt
1349 4545 1396 4620 ad
1422 4566 1486 4622 co·

314 4665 514 4763 gnltionem
539 4665 638 4761 iacti,¹
660 4687 699 4740 ce
717 4669 744 4741 ti
754 4667 897 4760 ponder
913 4667 1011 4757 vani,
1027 4664 1131 4761 idest,
1149 4664 1179 4740 si
1196 4665 1276 4741 aliae
1293 4683 1395 4740 ourae
1412 4670 1487 4742 tuae

315 4787 414 4862 circa
439 4785 606 4862 scientias
630 4786 827 4861 seculares
843 4791 880 4860 et
897 4786 1056 4861 honores
1074 4785 1305 4880 temporales,
1322 4805 1395 4858 noo
1411 4788 1487 4880 sos-

314 4928 375 4980 scr
397 4909 479 4980 stati
502 4925 615 4999 acqua
631 4910 666 4982 α’
679 4910 764 4980 noa
781 4909 924 4980 totortw
941 4909 1014 4980 otto
1031 4913 1092 4980 tuo
1109 4912 1232 4999 meno,
1249 4905 1353 5000 quasi
1371 4905 1486 4982 dicat:

316 5047 392 5102 non
416 5026 647 5105 indurassent
671 5028 839 5104 animum
865 5032 973 5101 tuum
989 5027 1083 5103 sicut
1099 5049 1199 5125 aqua
1218 5028 1311 5102 Elsoe
1336 5028 1489 5106 indura-
