4342 6692
750 913 889 970 ornans
913 915 1058 970 onmes.
1419 907 1489 974 295

318 1059 496 1156 recipiens
520 1061 620 1155 quod
644 1059 922 1135 diversificatur.
948 1061 1028 1135 Non
1055 1080 1145 1158 ergo
1170 1059 1407 1137 inveniuntur
1429 1083 1488 1139 res

317 1199 447 1255 omnes
473 1179 510 1254 in
535 1180 654 1275 prima
679 1201 791 1254 causa
817 1200 883 1276 per
908 1179 1062 1254 modum
1090 1201 1225 1272 unum;
1243 1181 1326 1256 ideo
1344 1183 1439 1258 bene
1455 1191 1493 1259 et

317 1307 488 1376 notanter
511 1300 601 1374 dixit
626 1308 745 1396 poeta,
767 1300 866 1394 quod
889 1298 1006 1397 gloria
1031 1299 1153 1374 divina
1179 1300 1260 1395 plus
1287 1303 1491 1397 resplendet

317 1421 356 1494 in
381 1441 455 1495 nna
473 1426 578 1516 parte
603 1427 641 1496 et
664 1420 786 1494 minus
802 1418 841 1494 in
857 1419 939 1494 alia.
953 1459 1004 1474 -
1017 1422 1083 1492 Nol
1097 1422 1168 1494 o'et.
1188 1419 1253 1494 llic
1270 1426 1378 1496 autor
1396 1443 1492 1519 prae-

320 1539 430 1614 missa
447 1539 610 1614 maxima
631 1539 952 1634 universalissima,
971 1539 1139 1635 proponit
1156 1537 1269 1634 ipsam
1299 1543 1492 1617 materiam

319 1661 478 1736 nobilem
504 1666 542 1736 et
567 1661 789 1755 mirabilem3
811 1660 1006 1757 profitetur
1026 1661 1123 1735 enim
1150 1681 1191 1736 se
1217 1661 1327 1737 luisse
1344 1663 1379 1736 in
1397 1663 1492 1738 coelo

319 1802 406 1857 cnm
433 1781 554 1856 adhuc
579 1781 721 1856 viveret
744 1782 782 1855 in
807 1801 931 1876 carne,
957 1788 994 1856 et
1019 1781 1152 1858 vidisse
1178 1802 1222 1857 ea
1249 1803 1333 1878 quae
1357 1783 1493 1878 impos-

319 1904 422 1979 sibile
446 1908 503 1976 est
528 1902 668 1978 reierre
692 1900 911 1976 hominibus.
945 1901 1037 1976 Dicit
1068 1923 1178 1998 ergo:
1206 1907 1261 1994 lo,
1287 1902 1388 1997 idest,
1422 1923 1492 2000 ego

318 2044 439 2099 novus
462 2027 570 2118 poeta
595 2023 730 2097 llantes
755 2021 817 2116 qui
843 2022 987 2096 sueram
1006 2021 1043 2096 in
1060 2022 1202 2098 inserno
1220 2028 1258 2098 et
1278 2023 1492 2120 purgatorio

318 2163 406 2218 cum
441 2164 516 2219 uno
549 2149 656 2238 poeta
689 2163 825 2239 magno
854 2142 1018 2237 antiqno,
1049 2146 1100 2238 fil
1125 2147 1184 2218 aet
1212 2147 1310 2237 aeto,
1346 2143 1491 2238 scilicet,

318 2263 528 2338 mentaliter
544 2284 618 2337 non
639 2263 890 2359 corporaliter,
908 2284 995 2338 cum
1014 2284 1088 2338 una
1110 2263 1266 2338 muliere
1292 2263 1492 2339 clarissima

318 2384 525 2478 christiana,
539 2385 600 2457 cde
610 2386 748 2476 prende
759 2377 835 2478 piri,
855 2383 942 2478 quia
960 2384 1042 2478 plus
1059 2384 1197 2480 recipit,
1215 2387 1308 2458 della
1325 2407 1391 2458 sao
1408 2386 1493 2475 lace,

319 2502 421 2598 idest,
447 2503 494 2577 de
519 2503 595 2598 ipsa
619 2503 737 2599 gloria
762 2503 838 2597 llei,
864 2525 977 2598 quam
1004 2503 1166 2578 mundus
1191 2504 1426 2579 elementaris
1456 2503 1493 2578 in

318 2645 395 2720 qno
420 2626 598 2700 hactenus
623 2624 764 2699 iuerat:
785 2645 871 2699 nam
898 2623 1147 2698 mundusisto
1173 2623 1323 2700 inlerior
1349 2625 1491 2722 regitur

318 2767 343 2820 o
372 2745 563 2840 superiori,
596 2751 638 2820 ut
668 2747 748 2820 vult
777 2746 1012 2841 philosophus
1042 2745 1162 2840 primo
1194 2747 1491 2842 Methourorum3

320 2863 421 2939 unde
448 2863 616 2939 Ovidius:
643 2871 676 2940 et
699 2868 795 2958 pand
822 2868 915 2956 repit
943 2867 1063 2938 omnia
1086 2867 1228 2938 colum:
1258 2872 1295 2940 et
1327 2866 1414 2960 quia
1440 2866 1491 2940 lui

319 2985 358 3058 in
382 2985 463 3059 loco
488 2984 656 3078 mirabili,
683 2983 765 3060 ideo
794 2985 962 3061 miranda
987 2983 1080 3080 vidi,
1109 2984 1206 3060 unde
1234 2985 1338 3060 dicit:
1364 3007 1383 3058 e
1408 2989 1492 3078 aidi,

319 3104 550 3180 vivacissimo
573 3105 682 3179 oculo
709 3104 851 3198 mentis,
880 3125 971 3199 cose,
1000 3104 1146 3200 scilicet,
1172 3105 1325 3200 aliquas,
1352 3112 1394 3180 ut
1418 3112 1493 3181 sta·

318 3223 385 3298 tim
409 3223 506 3318 dicit,
532 3227 605 3315 cde,
631 3223 733 3318 idest,
752 3244 845 3318 quas
863 3245 934 3319 rer,
951 3225 1006 3297 cdi
1025 3226 1184 3298 discorde
1199 3228 1237 3298 dl
1262 3222 1371 3316 lassi,
1388 3226 1491 3322 idest,

318 3344 519 3419 revertitur
542 3365 565 3419 a
591 3345 686 3419 coelo
709 3343 756 3418 ad
772 3343 889 3440 ipsam
911 3351 1063 3437 terram,
1081 3343 1175 3418 sicut
1195 3363 1265 3441 ego
1284 3343 1373 3419 redii
1392 3345 1490 3421 linita
1552 3369 1554 3377 ἱ

318 3465 427 3563 longa
452 3464 511 3540 via
537 3464 728 3561 prolundae
744 3463 1001 3560 speculationis
1019 3483 1124 3558 meae,
1142 3459 1188 3537 nd
1204 3484 1260 3558 so,
1285 3460 1332 3540 ne*
1350 3457 1422 3558 pud
1437 3467 1492 3538 m·-

318 3589 408 3678 dire,
434 3586 604 3681 quamvis
628 3584 729 3678 velit,
753 3584 847 3660 sicut
869 3584 999 3660 accidit
1023 3584 1151 3679 Paulo,
1172 3583 1235 3680 qui
1264 3589 1388 3680 raptus
1406 3585 1492 3660 vidit
1628 3591 1631 3616 ¹

319 3708 436 3782 multa
462 3727 623 3802 quornm
649 3706 783 3781 oblitus
807 3712 862 3781 est
888 3726 974 3781 curn
1001 3705 1166 3781 rediisset
1191 3705 1237 3779 ad
1262 3726 1425 3780 carnem.
1448 3707 1491 3780 Et

320 3827 437 3904 reddit
462 3827 643 3902 rationem
669 3827 728 3902 sni
756 3827 842 3902 dicti
874 3827 1033 3924 probans
1056 3827 1344 3902 demonstrative
1374 3847 1493 3921 quare

319 3949 389 4023 hoc
414 3947 495 4023 lieri
520 3966 595 4021 non
619 3947 742 4042 possit,
773 3947 859 4042 quia
885 3947 1021 4022 scilicet
1052 3945 1258 4020 intellectus
1283 3948 1365 4041 plus
1394 3945 1492 4020 videt

319 4073 356 4143 et
373 4067 570 4164 cognoscit,
592 4087 706 4161 quam
733 4066 913 4141 memoria
939 4066 1150 4141 meminisse
1168 4065 1296 4161 possit;
1323 4065 1420 4140 unde
1436 4064 1492 4138 di-

319 4188 386 4262 cit:
409 4181 538 4280 percite*
557 4195 680 4261 oostm
704 4189 879 4277 intelletlo,
904 4185 1050 4279 scilicet,
1076 4187 1263 4259 humanus
1280 4184 1413 4258 animae
1431 4205 1492 4258 ra-

319 4307 462 4382 tionalis
492 4307 556 4404 qui
590 4313 646 4382 est
680 4312 871 4401 separatus
911 4327 933 4381 a
972 4324 1139 4400 corpore,
1174 4305 1269 4378 sicut
1304 4311 1490 4378 ostensum

319 4436 375 4504 est
391 4428 489 4504 xxv
506 4428 665 4524 capitulo
682 4425 901 4524 Purgatorii,
920 4427 1163 4519 oppressaodo
1180 4421 1219 4499 sc*
1234 4427 1272 4499 ot
1292 4445 1356 4498 suo
1372 4427 1492 4516 dtsire,

319 4549 422 4645 idest,
447 4546 738 4645 approximando
763 4528 911 4621 summo
936 4547 1045 4639 bono,
1066 4544 1165 4640 quod
1191 4565 1320 4620 omnes
1341 4552 1494 4620 natura-

318 4669 402 4744 liter
426 4667 646 4762 desiderant,
673 4673 715 4740 nt
739 4667 870 4761 probat
894 4665 987 4739 inira
1014 4683 1144 4738 versus
1170 4662 1280 4739 linem
1307 4664 1409 4738 istius
1429 4685 1493 4739 oa-

319 4789 434 4885 pituli,
465 4791 700 4883 siprosondo
726 4795 835 4880 moto,
860 4785 962 4880 idest,
991 4784 1113 4881 ligitur
1144 4792 1287 4858 tantum
1313 4785 1360 4859 ad
1384 4784 1491 4880 intra,

319 4913 379 4985 cllo
402 4916 499 4983 retro
525 4912 562 4982 lo
579 4913 749 4982 memoria
765 4929 838 4981 non
851 4899 923 5001 pud
939 4909 1005 5000 irc,
1025 4926 1099 4980 non
1118 4911 1234 5000 potest
1251 4905 1354 5000 sequi
1372 4905 1490 5001 ipsum
1533 4965 1534 4968 a

320 5024 562 5107 intellectum.¹
584 5030 628 5103 Et
652 5037 777 5104 tamen
802 5033 888 5103 nota
913 5027 1012 5121 qnod
1037 5026 1139 5100 nullo
1169 5025 1366 5121 intellectu,
1392 5028 1492 5102 nulla
1583 5132 1586 5136 ἠ
