4342 6692
706 911 845 969 caurus
869 914 1094 970 rurensruus.
1416 906 1486 973 209

315 1059 417 1132 burm.
445 1060 489 1132 Et
513 1058 687 1134 continuo
712 1058 759 1133 ad
785 1079 914 1134 vocem
941 1060 1020 1134 eius
1039 1069 1285 1137 surrexerunt
1301 1063 1422 1161 angeli
1438 1061 1485 1138 de

314 1200 428 1253 curru
449 1178 625 1275 jacientes
650 1178 771 1272 liores,
798 1178 892 1253 inter
917 1199 1010 1273 quos
1030 1187 1110 1255 erat
1127 1181 1273 1256 Beatrix
1295 1184 1383 1277 ipsa,
1401 1201 1485 1277 quae

314 1300 435 1394 primo
460 1299 669 1394 quiescebat
695 1298 731 1371 in
757 1299 900 1396 gremio
925 1300 1028 1374 istius
1053 1322 1198 1396 currus,
1216 1308 1253 1377 et
1275 1322 1348 1378 non
1373 1323 1484 1396 appa·

314 1421 430 1514 rebat,
464 1420 528 1494 sed
557 1420 669 1495 exivit
703 1420 740 1493 in
774 1421 896 1495 lucem
927 1442 993 1517 per
1024 1443 1157 1496 manus
1189 1423 1355 1518 istorum,
1390 1424 1483 1498 sicut

315 1540 454 1635 optime
478 1540 640 1615 declarat
660 1539 765 1614 litera
791 1560 960 1634 sequens.

389 1664 528 1735 lucidi
549 1651 621 1752 pid.
648 1660 719 1735 lsta
744 1668 799 1735 eet
824 1649 983 1736 secunda
1009 1684 1094 1757 pars
1123 1664 1232 1737 buius
1262 1663 1420 1758 capituli,
1446 1664 1483 1736 in

315 1804 389 1878 qua
409 1788 516 1879 poeta
534 1788 657 1857 noster
681 1780 851 1856 describit
876 1781 1094 1877 Beatricem,
1112 1783 1230 1879 primo
1245 1789 1481 1879 apparentem

315 1902 393 1996 sibi,
406 1922 472 1997 per
489 1923 602 1976 unam
620 1901 931 1997 comparationem
947 1903 1104 1978 nobilem
1124 1904 1208 1978 solis
1225 1903 1384 1997 orientis,
1400 1924 1484 1998 quea

315 2021 476 2096 breviter
501 2025 572 2095 stat
595 2021 632 2093 io
659 2022 739 2116 boc,
765 2021 864 2115 quod
881 2021 1028 2096 Beatrix
1047 2044 1145 2098 nunc
1164 2024 1241 2097 visa
1259 2030 1313 2097 est
1330 2023 1396 2096 sibi
1418 2030 1484 2117 ap-

314 2160 448 2235 parere
472 2140 637 2214 debiliter
662 2139 711 2212 ibi
737 2140 831 2214 inter
857 2141 973 2215 nubes
998 2143 1143 2235 tiorum,
1170 2143 1262 2216 sicut
1286 2141 1481 2236 aliquando

314 2262 368 2335 sol
394 2260 492 2335 visus
518 2266 571 2334 est
587 2253 624 2351 (¹)
650 2258 717 2332 sibi
742 2258 831 2332 oriri
848 2260 884 2331 in
902 2259 1041 2334 mundo
1059 2267 1184 2334 nostro
1202 2261 1298 2335 inter
1315 2282 1481 2356 vapores,

313 2381 363 2455 ita
388 2380 487 2474 quod
511 2378 633 2453 *radii
658 2379 824 2453 debiliter
855 2379 1049 2454 veniebant
1078 2380 1125 2453 ad
1157 2380 1277 2455 visum
1313 2380 1403 2475 eius,
1433 2380 1482 2453 ita

314 2500 448 2594 quod*
460 2491 498 2591 (²)
526 2503 668 2594 poterat
692 2498 772 2571 illos
797 2499 1012 2573 substinere.
1031 2499 1222 2573 Praemittit
1247 2520 1337 2596 ergo
1364 2498 1482 2594 primo

314 2640 454 2713 casum,
471 2619 614 2693 dicens:
635 2623 677 2693 lo
701 2622 773 2692 mlii
786 2609 848 2710 pid
864 2624 922 2692 net
938 2622 1129 2693 comiociar
1146 2623 1203 2694 dcl
1220 2624 1361 2711 ptoroo,
1379 2620 1480 2713 idest,

314 2740 352 2813 in
377 2740 552 2835 principio
575 2739 658 2833 diei,
683 2742 720 2812 ta
733 2750 837 2832 parte
852 2742 1010 2833 matut,
1032 2739 1179 2833 scilicet,
1196 2740 1290 2834 eoeli,
1310 2747 1394 2813 tutta
1419 2760 1483 2811 ro-

313 2865 407 2950 sata,
423 2858 527 2953 idest,
545 2859 698 2933 rubeam
716 2880 739 2933 a
757 2858 965 2954 vaporibus,
982 2880 1002 2931 e
1017 2861 1040 2931 t'
1053 2862 1147 2931 altro
1164 2862 1238 2951 ciet,
1264 2859 1311 2933 ab
1328 2858 1480 2952 oriente,

313 2981 352 3053 di
375 2978 574 3051 petraeo
599 2980 751 3072 adorno,
789 2978 866 3052 sine
891 2976 1050 3051 nubibus
1075 2978 1229 3072 clarum,
1264 2982 1343 3051 eto
1366 2980 1481 3072 facete

313 3101 371 3172 dcl
392 3101 458 3193 sot,
492 3098 631 3193 supple,
657 3098 740 3191 vidi,
765 3118 892 3170 nascer
916 3098 1133 3192 emmona
1163 3098 1321 3172 nubibus
1343 3098 1482 3172 tennis-

313 3218 424 3312 simis,
457 3210 571 3291 sicile
595 3219 748 3291 t’occbto
772 3220 807 3291 lo
831 3224 988 3290 sostenen
1013 3220 1122 3308 luppo
1148 3220 1237 3310 piato
1262 3240 1328 3311 per
1354 3227 1480 3310 tempe·

312 3358 430 3412 ranzo
460 3340 498 3412 di
524 3340 651 3430 vapore
665 3326 723 3431 (ἧς
758 3336 856 3431 quod
890 3337 996 3411 aliter
1029 3337 1152 3412 lacere
1185 3358 1258 3411 non
1292 3338 1479 3433 potuisset,

311 3460 399 3553 quia
433 3478 588 3553 vapores
618 3463 824 3554 temperant
852 3458 1049 3551 potentiam
1076 3457 1224 3531 luminis
1253 3459 1398 3532 solaris:
1431 3458 1480 3532 ita

313 3598 412 3651 nunc
436 3575 524 3652 vidit
549 3576 763 3651 Beatrioem.
791 3578 834 3650 Et
859 3577 910 3652 sie
935 3575 1018 3652 vide
1042 3583 1224 3671 quantum
1255 3576 1481 3673 comparatio

312 3705 368 3773 est
384 3686 597 3793 propria(⁵):
615 3697 761 3773 Beatrin
784 3697 881 3771 enim
908 3704 964 3772 est
989 3704 1166 3791 tanquam
1192 3698 1245 3771 sol
1271 3698 1480 3772 illuminans

311 3818 421 3892 istum
440 3838 614 3911 currum;
641 3826 678 3892 et
702 3818 798 3892 sicut
813 3820 942 3892 oculus
960 3819 1146 3892 humanus
1164 3838 1237 3893 non
1257 3825 1373 3913 potest
1391 3819 1481 3891 sub-

313 3938 449 4015 stinere
473 3939 701 4033 splendorem
729 3938 813 4012 solis
838 3937 905 4011 nisi
931 3958 997 4032 per
1022 3938 1185 4012 medium
1212 3958 1404 4033 vaporum,
1432 3938 1481 4013 ita

312 4059 516 4134 intellectus
540 4060 726 4133 humanus
750 4079 824 4133 non
850 4064 968 4153 potest
985 4058 1109 4133 videre
1129 4058 1359 4154 splendorem
1387 4059 1481 4133 Bea-

313 4178 413 4253 tricis
438 4179 505 4253 nisi
529 4198 595 4274 per
621 4178 783 4253 medium
808 4178 963 4252 istorum
986 4178 1130 4270 llorum,
1149 4178 1244 4252 sicut
1272 4177 1391 4251 statim
1424 4170 1497 4251 se?

313 4299 451 4394 quitur.
465 4338 515 4352 -
530 4291 617 4373 cosi
635 4298 700 4373 llic
725 4304 833 4393 poeta
853 4297 1035 4391 applicans
1054 4297 1187 4371 dictam
1206 4288 1242 4389 (ὅ)
1266 4297 1479 4391 positionem

312 4419 359 4493 ad
384 4420 609 4515 propositum
634 4418 804 4494 describit
824 4419 938 4512 ipsam
961 4417 1223 4511 apparitionem
1245 4416 1418 4491 Beatricis
1444 4416 1481 4489 in

312 4560 382 4615 suo
406 4540 543 4615 babitu.
569 4540 615 4613 Et
642 4539 727 4613 dicit
759 4538 932 4630 breviter,
959 4539 1058 4631 quod
1090 4538 1221 4611 mulier
1248 4539 1366 4612 velata
1399 4536 1482 4612 velo

311 4660 395 4736 albo
422 4681 509 4735 curn
537 4680 673 4735 corona
697 4658 804 4733 olivae
827 4658 998 4752 desuper,
1016 4664 1053 4732 et
1071 4657 1197 4731 indum
1215 4658 1337 4731 tunica
1365 4658 1479 4731 rubea

373 4891 401 4955 (¹)
416 4891 447 4941 B.
463 4895 504 4941 est
517 4890 566 4941 sub
581 4894 642 4941 ortu
659 4891 685 4940 in
701 4890 808 4940 mundo.
1154 4908 1156 4913 ·

374 4968 401 5031 (¹)
416 4968 454 5017 Le
469 4967 558 5030 parole
574 4966 614 5018 ira
630 4966 640 5015 i
656 4967 707 5017 dne
723 4966 856 5016 mterlsclri
872 4980 919 5017 son
935 4967 1046 5030 snpplite
1062 4966 1106 5018 dal
1120 4966 1212 5017 Codice
1231 4970 1285 5016 117.

244 5048 249 5062 ¹
374 5044 401 5108 (¹)
418 5044 449 5094 lt.
465 5044 563 5108 vapori,
579 5044 652 5108 qnasi
667 5044 743 5105 dicut,
759 5044 842 5094 aliter.
920 5042 948 5105 (⁸)
965 5048 1018 5105 ttr,
1036 5044 1135 5107 pulcra.
1214 5042 1240 5105 (⁸)
1257 5044 1313 5101 117,
1328 5042 1410 5090 istam.

448 5150 487 5195 Π.
1322 5148 1347 5189 il
