4342 6692
681 894 756 963 aad
1075 905 1280 965 conium
1303 908 1471 962 nunnus!

681 1056 759 1125 tam
785 1054 909 1124 creata
934 1069 1047 1143 quam
1073 1055 1250 1146 generata
1267 1054 1355 1123 sunt
1377 1070 1401 1124 a
1425 1050 1514 1143 Deo,
1533 1055 1573 1125 et
1590 1049 1639 1124 ad
1659 1050 1779 1146 ipsum
1802 1050 1859 1125 in-

682 1169 866 1245 clinantur
890 1167 1146 1261 diversimode,
1163 1166 1258 1243 sicut
1282 1168 1399 1263 paurit
1425 1168 1545 1263 primo
1568 1169 1728 1264 capitulo
1746 1170 1857 1245 huius

683 1288 855 1383 Paradisi,
881 1296 920 1365 et
944 1288 1025 1363 ideo
1051 1287 1138 1363 nihil
1162 1288 1559 1365 accrescit-ormo.
1578 1288 1643 1365 iiio
1662 1294 1774 1365 autor
1790 1310 1857 1385 po-

681 1408 737 1483 nit
761 1408 934 1485 effectum
959 1406 1133 1483 orationis
1158 1407 1356 1501 Pioharde,
1381 1408 1530 1501 scilicet,
1555 1408 1641 1502 quia
1672 1408 1748 1503 ipse
1774 1428 1857 1485 oer-

569 1545 573 1552 ’
683 1528 838 1605 tioratus
861 1534 917 1605 est
941 1528 988 1603 de
1003 1528 1118 1603 dubio
1135 1548 1215 1602 suo.
1233 1528 1336 1603 Unde
1356 1527 1460 1603 dicit:
1482 1530 1610 1603 cidara
1627 1532 1676 1603 mi
1690 1532 1731 1623 su
1748 1531 1854 1618 arur,

682 1668 729 1725 en
756 1647 878 1724 verbis
901 1647 1020 1733 claris,
1034 1647 1233 1741 Pichardae,
1259 1668 1355 1721 come
1378 1650 1463 1739 opud
1485 1650 1588 1736 dono,
1613 1647 1715 1741 idest,
1745 1670 1857 1725 omne

684 1770 759 1862 ubi,
784 1770 887 1863 idest,
913 1768 1032 1843 omnis
1054 1769 1171 1861 iocus,
1196 1770 1235 1841 in
1259 1771 1345 1843 oieio
1378 1764 1400 1843 o*
1421 1772 1609 1861 paradiso,
1637 1768 1724 1862 quia
1757 1770 1857 1843 Deus

682 1890 721 1964 in
746 1890 918 1965 omnibus
942 1897 980 1964 et
1002 1909 1133 1965 omnes
1159 1889 1195 1962 in
1221 1890 1297 1965 Deo
1314 1890 1399 1964 iicet
1414 1889 1616 1984 dispariter.
1633 1890 1734 1965 Unde
1751 1890 1855 1967 dicit:

683 2004 767 2103 esi,
795 2011 898 2105 idest,
924 2010 1105 2105 quamvis,
1131 2013 1168 2083 lo
1191 2012 1324 2101 pruzia
1348 2012 1406 2085 dei
1428 2030 1563 2085 sommo
1585 2011 1683 2101 dene,
1710 2010 1856 2101 scincet

683 2132 760 2228 liei,
784 2154 857 2206 noo
883 2136 918 2205 oi
937 2136 1042 2223 piooe
1065 2133 1101 2205 d’
1113 2152 1162 2205 ura
1187 2133 1305 2222 modo,
1331 2131 1434 2225 idest,
1460 2131 1664 2225 equaliter.

758 2257 821 2326 dio
843 2245 874 2325 si
897 2240 1057 2341 oom'ep'ii
1079 2253 1215 2323 danim.
1241 2252 1312 2327 leta
1337 2257 1392 2325 est
1418 2258 1552 2345 quarta
1569 2258 1606 2327 et
1625 2250 1751 2325 ultima
1773 2270 1857 2345 pars

683 2370 877 2469 generalis,
903 2369 940 2443 iu
965 2391 1039 2463 qua
1057 2370 1193 2445 Dantee
1209 2370 1294 2447 iacit
1311 2370 1410 2466 quod
1428 2370 1603 2446 Pioharda
1622 2371 1857 2467 prosequitur

685 2491 933 2567 narrationem
953 2489 1160 2565 inchoatam
1179 2512 1302 2586 supra,
1321 2498 1358 2566 et
1375 2492 1538 2566 nominat
1555 2491 1664 2565 aliam
1685 2492 1855 2567 umbram

686 2612 901 2687 modernam
927 2611 1011 2703 qirae
1037 2610 1114 2705 pari
1142 2611 1275 2685 merito
1300 2618 1355 2685 est
1378 2611 1566 2706 praemiata
1585 2610 1633 2685 ibi
1653 2630 1791 2687 secum.
1812 2613 1858 2685 ut

685 2732 804 2828 primo
830 2730 1017 2828 premittit
1041 2731 1198 2825 qualiter
1225 2732 1301 2827 ipse
1326 2737 1519 2807 contentus
1550 2732 1779 2807 absolutione
1802 2733 1857 2807 ie-

684 2852 777 2927 cerit
800 2852 910 2925 aliam
936 2851 1148 2945 petitionem
1176 2851 1374 2945 Pichardoe
1395 2852 1542 2945 scilicet,
1560 2871 1678 2947 qnare
1699 2873 1770 2927 non
1791 2854 1858 2928 ad-

685 2972 891 3067 impleverit
914 2978 1044 3045 votum
1071 2991 1206 3064 suum;
1232 2978 1268 3045 et
1290 2972 1359 3047 hoo
1376 2992 1442 3067 per
1459 2972 1770 3067 comparationem
1790 2972 1858 3047 do-

686 3092 874 3168 mesticam
901 3097 938 3165 et
964 3080 1170 3187 propriam:
1196 3099 1233 3165 et
1249 3091 1334 3165 dicit
1352 3092 1513 3167 breviter
1530 3092 1629 3186 quod
1644 3091 1775 3167 accidit
1791 3093 1857 3167 sibi

685 3214 781 3290 sicut
805 3212 965 3307 epulanti
990 3212 1089 3308 apud
1114 3212 1289 3305 amicum,
1307 3212 1368 3306 qui
1392 3232 1478 3287 cnm
1506 3212 1665 3287 comedit
1689 3213 1736 3290 de
1760 3215 1858 3289 bono

686 3335 796 3427 elixo,
822 3334 941 3430 ipsum
969 3332 1094 3407 laudat
1128 3340 1166 3408 et
1196 3334 1284 3427 petit
1313 3354 1449 3408 assum.
1484 3333 1576 3407 Dicit
1604 3354 1715 3429 ergo:
1742 3339 1805 3407 dio
1828 3328 1859 3408 si

686 3456 773 3529 com’
787 3456 854 3543 epti
878 3456 1000 3527 onoma
1018 3456 1105 3525 s'un
1121 3454 1196 3527 cibo
1215 3456 1331 3543 aazia,
1349 3452 1494 3546 seilicet,
1512 3453 1666 3547 primus,
1683 3474 1703 3525 o
1718 3456 1754 3527 lo
1772 3456 1858 3545 poio

686 3573 789 3665 idest,
814 3572 1006 3667 appetitus,
1032 3576 1067 3647 d'
1079 3592 1128 3647 un
1161 3576 1256 3647 uitro
1283 3576 1421 3647 rimone
1450 3594 1576 3665 aanor,
1602 3573 1688 3667 quia
1721 3580 1778 3649 eet
1801 3572 1858 3648 di-

688 3714 817 3769 versus
840 3713 863 3767 a
889 3691 1018 3787 primo,
1044 3695 1104 3765 coe
1128 3696 1207 3785 puel
1228 3696 1260 3767 si
1283 3696 1409 3783 citiore,
1432 3692 1534 3786 idest,
1553 3694 1737 3767 mundus
1754 3714 1858 3787 qne·

688 3813 792 3906 nitur,
818 3834 838 3885 a
860 3814 899 3885 di
922 3814 1012 3904 quet,
1037 3811 1184 3907 seilicet,
1202 3813 1334 3909 primo,
1354 3817 1387 3887 ιτ·
1407 3815 1616 3905 ήηρναιία;
1640 3805 1711 3887 cosi
1732 3815 1797 3907 sed
1807 3816 1858 3903 io,

687 3934 772 4029 quia
798 3934 949 4008 satiatus
965 3934 1084 4029 primo
1102 3935 1184 4010 cibo
1201 3934 1348 4026 animm,
1366 3936 1459 4011 iacta
1480 3936 1685 4031 gratiarum
1702 3935 1857 4029 actione,

688 4054 796 4150 petivi
822 4054 1037 4149 secundum,
1062 4076 1129 4129 con
1154 4062 1226 4130 orto
1256 4078 1275 4129 e
1301 4076 1367 4129 ooo
1389 4058 1534 4149 parolo,
1565 4054 1666 4149 idest,
1693 4056 1797 4151 signo
1822 4062 1859 4131 et

688 4174 814 4267 verbo,
835 4195 902 4266 per
927 4176 1129 4268 apprender
1153 4178 1202 4249 do
1226 4178 1282 4265 lei,
1304 4174 1405 4269 idest,
1426 4194 1537 4249 causa
1559 4175 1718 4250 discendi
1734 4176 1782 4250 ab
1796 4176 1859 4251 iiia

687 4295 877 4388 Picharda,
901 4298 987 4386 quot
1005 4300 1047 4390 su
1072 4299 1110 4369 io
1135 4298 1215 4387 ulo,
1244 4294 1346 4388 idest,
1373 4294 1527 4370 materia
1554 4316 1666 4389 quam
1694 4296 1771 4391 ipsa
1795 4316 1860 4369 or-

688 4416 761 4490 dita
788 4417 918 4511 iuerat,
936 4419 1026 4490 ande
1041 4438 1114 4489 oon
1133 4421 1246 4491 rasse
1258 4418 1309 4507 pin
1327 4418 1366 4488 ol
1381 4436 1422 4487 co
1439 4417 1475 4488 lo
1491 4416 1606 4507 spoia,
1624 4413 1726 4507 idest,
1744 4434 1857 4508 qaum

688 4536 890 4630 inceperat
915 4541 953 4610 et
978 4555 1051 4609 non
1076 4535 1299 4631 perduxerat
1324 4535 1370 4609 ad
1397 4534 1518 4610 [inem.
1546 4534 1590 4608 Et
1615 4533 1698 4611 iacit
1722 4554 1860 4609 eonve-

690 4655 849 4731 nientem
882 4657 1147 4751 metaphoram,
1177 4655 1263 4750 quia
1298 4655 1383 4729 dicit
1418 4655 1517 4750 quod
1551 4674 1625 4728 non
1654 4647 1860 4747 duxerati¹i

690 4776 840 4869 spatam,
862 4775 964 4869 idest,
990 4776 1154 4871 linguam
1181 4795 1265 4869 quae
1292 4774 1380 4849 texit
1405 4774 1621 4869 orationem,
1640 4774 1734 4849 siout
1759 4774 1862 4869 spoia

752 5037 780 5098 ι’)
797 5041 820 5097 t,
837 5036 1004 5089 conduxerat.
