<?xml version="1.0" encoding="UTF-8"?>
<!DOCTYPE html PUBLIC "-//W3C//DTD XHTML 1.0 Transitional//EN"
    "http://www.w3.org/TR/xhtml1/DTD/xhtml1-transitional.dtd">
<html xmlns="http://www.w3.org/1999/xhtml" xml:lang="en" lang="en">
 <head>
  <title>
</title>
<meta http-equiv="Content-Type" content="text/html;charset=utf-8" />
  <meta name='ocr-system' content='tesseract 3.04.00' />
  <meta name='ocr-capabilities' content='ocr_page ocr_carea ocr_par ocr_line ocrx_word'/>
</head>
<body>
  <div class='ocr_page' id='page_1' title='image "benevenutideram01lacagoog_0452.png"; bbox 0 0 4342 6692; ppageno 0'>
   <div class='ocr_carea' id='block_1_1' title="bbox 684 912 1468 982">
    <p class='ocr_par' dir='ltr' id='par_1_1' title="bbox 684 912 1468 982">
     <span class='ocr_line' id='line_1_1' title="bbox 684 912 1468 982; baseline -0.004 0"><span class='ocrx_word' id='word_1_1' title='bbox 684 912 757 982; x_wconf 70' lang='grc'>442</span> <span class='ocrx_word' id='word_1_2' title='bbox 1074 925 1279 982; x_wconf 71' lang='lat' dir='ltr'>comum</span> <span class='ocrx_word' id='word_1_3' title='bbox 1303 927 1468 982; x_wconf 79' lang='lat' dir='ltr'>nananrsr</span> 
     </span>
    </p>
   </div>
   <div class='ocr_carea' id='block_1_2' title="bbox 680 1071 1852 1409">
    <p class='ocr_par' dir='ltr' id='par_1_2' title="bbox 680 1071 1852 1409">
     <span class='ocr_line' id='line_1_2' title="bbox 680 1071 1850 1169; baseline 0.002 -21"><span class='ocrx_word' id='word_1_4' title='bbox 680 1073 805 1148; x_wconf 80' lang='lat' dir='ltr'>onnia</span> <span class='ocrx_word' id='word_1_5' title='bbox 831 1091 1063 1166; x_wconf 71' lang='lat' dir='ltr'>succurrens,</span> <span class='ocrx_word' id='word_1_6' title='bbox 1081 1071 1224 1166; x_wconf 86' lang='lat' dir='ltr'>equites</span> <span class='ocrx_word' id='word_1_7' title='bbox 1239 1091 1327 1148; x_wconf 89' lang='lat' dir='ltr'>suos</span> <span class='ocrx_word' id='word_1_8' title='bbox 1351 1073 1398 1148; x_wconf 88' lang='lat' dir='ltr'>ad</span> <span class='ocrx_word' id='word_1_9' title='bbox 1423 1074 1494 1148; x_wconf 91' lang='lat' dir='ltr'>boc</span> <span class='ocrx_word' id='word_1_10' title='bbox 1514 1072 1707 1169; x_wconf 70' lang='lat' dir='ltr'>depumtos</span> <span class='ocrx_word' id='word_1_11' title='bbox 1725 1075 1850 1150; x_wconf 90' lang='lat' dir='ltr'>immi·</span> 
     </span>
     <span class='ocr_line' id='line_1_3' title="bbox 682 1191 1847 1289; baseline 0.001 -21"><span class='ocrx_word' id='word_1_12' title='bbox 682 1193 737 1288; x_wconf 86' lang='lat' dir='ltr'>sit,</span> <span class='ocrx_word' id='word_1_13' title='bbox 763 1193 893 1268; x_wconf 88' lang='lat' dir='ltr'>deinde</span> <span class='ocrx_word' id='word_1_14' title='bbox 917 1192 1014 1268; x_wconf 86' lang='lat' dir='ltr'>acies</span> <span class='ocrx_word' id='word_1_15' title='bbox 1039 1191 1201 1287; x_wconf 84' lang='lat' dir='ltr'>perlitum</span> <span class='ocrx_word' id='word_1_16' title='bbox 1227 1193 1443 1289; x_wconf 86' lang='lat' dir='ltr'>conglobata</span> <span class='ocrx_word' id='word_1_17' title='bbox 1474 1192 1577 1267; x_wconf 85' lang='lat' dir='ltr'>velut</span> <span class='ocrx_word' id='word_1_18' title='bbox 1607 1213 1737 1268; x_wconf 88' lang='lat' dir='ltr'>murus</span> <span class='ocrx_word' id='word_1_19' title='bbox 1760 1193 1847 1270; x_wconf 86' lang='lat' dir='ltr'>lerri</span> 
     </span>
     <span class='ocr_line' id='line_1_4' title="bbox 682 1312 1852 1409; baseline 0.003 -21"><span class='ocrx_word' id='word_1_20' title='bbox 682 1321 839 1408; x_wconf 86' lang='lat' dir='ltr'>sequuta</span> <span class='ocrx_word' id='word_1_21' title='bbox 865 1319 943 1408; x_wconf 83' lang='lat' dir='ltr'>est3</span> <span class='ocrx_word' id='word_1_22' title='bbox 969 1318 1007 1388; x_wconf 91' lang='lat' dir='ltr'>et</span> <span class='ocrx_word' id='word_1_23' title='bbox 1031 1313 1122 1388; x_wconf 81' lang='lat' dir='ltr'>levis</span> <span class='ocrx_word' id='word_1_24' title='bbox 1151 1320 1343 1389; x_wconf 86' lang='lat' dir='ltr'>armatura</span> <span class='ocrx_word' id='word_1_25' title='bbox 1377 1312 1538 1409; x_wconf 88' lang='lat' dir='ltr'>Pompeii</span> <span class='ocrx_word' id='word_1_26' title='bbox 1572 1314 1725 1390; x_wconf 74' lang='lat' dir='ltr'>faciliter</span> <span class='ocrx_word' id='word_1_27' title='bbox 1754 1316 1852 1391; x_wconf 81' lang='lat' dir='ltr'>dedit</span> 
     </span>
    </p>
   </div>
   <div class='ocr_carea' id='block_1_3' title="bbox 680 1433 1852 2014">
    <p class='ocr_par' dir='ltr' id='par_1_3' title="bbox 680 1433 1852 2014">
     <span class='ocr_line' id='line_1_5' title="bbox 683 1433 1852 1531; baseline 0.003 -21"><span class='ocrx_word' id='word_1_28' title='bbox 683 1442 803 1531; x_wconf 87' lang='lat' dir='ltr'>terga:</span> <span class='ocrx_word' id='word_1_29' title='bbox 830 1441 867 1510; x_wconf 94' lang='lat' dir='ltr'>et</span> <span class='ocrx_word' id='word_1_30' title='bbox 891 1433 976 1510; x_wconf 87' lang='lat' dir='ltr'>dicit</span> <span class='ocrx_word' id='word_1_31' title='bbox 1000 1433 1186 1530; x_wconf 87' lang='lat' dir='ltr'>Horosius,</span> <span class='ocrx_word' id='word_1_32' title='bbox 1203 1434 1301 1529; x_wconf 80' lang='lat' dir='ltr'>quod</span> <span class='ocrx_word' id='word_1_33' title='bbox 1328 1435 1450 1510; x_wconf 70' lang='lat' dir='ltr'>curu</span> <span class='ocrx_word' id='word_1_34' title='bbox 1475 1434 1511 1508; x_wconf 91' lang='lat' dir='ltr'>in</span> <span class='ocrx_word' id='word_1_35' title='bbox 1536 1433 1694 1509; x_wconf 92' lang='lat' dir='ltr'>mirabili</span> <span class='ocrx_word' id='word_1_36' title='bbox 1716 1436 1852 1514; x_wconf 77' lang='lat' dir='ltr'>rirtme</span> 
     </span>
     <span class='ocr_line' id='line_1_6' title="bbox 680 1554 1848 1654; baseline 0.001 -25"><span class='ocrx_word' id='word_1_37' title='bbox 680 1575 946 1654; x_wconf 88' lang='lat' dir='ltr'>germanorum</span> <span class='ocrx_word' id='word_1_38' title='bbox 972 1557 1066 1631; x_wconf 91' lang='lat' dir='ltr'>banc</span> <span class='ocrx_word' id='word_1_39' title='bbox 1092 1555 1282 1632; x_wconf 87' lang='lat' dir='ltr'>victoriam</span> <span class='ocrx_word' id='word_1_40' title='bbox 1308 1554 1475 1630; x_wconf 78' lang='lat' dir='ltr'><strong>obtinuit.</strong></span> <span class='ocrx_word' id='word_1_41' title='bbox 1501 1555 1698 1651; x_wconf 84' lang='lat' dir='ltr'>Pompeius</span> <span class='ocrx_word' id='word_1_42' title='bbox 1722 1563 1848 1632; x_wconf 86' lang='lat' dir='ltr'>aulem</span> 
     </span>
     <span class='ocr_line' id='line_1_7' title="bbox 682 1671 1850 1774; baseline -0.002 -21"><span class='ocrx_word' id='word_1_43' title='bbox 682 1676 758 1753; x_wconf 85' lang='lat' dir='ltr'>visa</span> <span class='ocrx_word' id='word_1_44' title='bbox 776 1677 861 1774; x_wconf 88' lang='lat' dir='ltr'>loga</span> <span class='ocrx_word' id='word_1_45' title='bbox 876 1697 1029 1752; x_wconf 89' lang='lat' dir='ltr'>suorum</span> <span class='ocrx_word' id='word_1_46' title='bbox 1044 1672 1136 1773; x_wconf 81' lang='lat' dir='ltr'>sugit</span> <span class='ocrx_word' id='word_1_47' title='bbox 1152 1697 1174 1750; x_wconf 92' lang='lat' dir='ltr'>a</span> <span class='ocrx_word' id='word_1_48' title='bbox 1191 1671 1322 1771; x_wconf 70' lang='lat' dir='ltr'>prelio</span> <span class='ocrx_word' id='word_1_49' title='bbox 1339 1695 1386 1752; x_wconf 90' lang='lat' dir='ltr'>ne</span> <span class='ocrx_word' id='word_1_50' title='bbox 1401 1695 1528 1751; x_wconf 88' lang='lat' dir='ltr'>secum</span> <span class='ocrx_word' id='word_1_51' title='bbox 1547 1683 1647 1750; x_wconf 90' lang='lat' dir='ltr'>totus</span> <span class='ocrx_word' id='word_1_52' title='bbox 1663 1677 1850 1752; x_wconf 87' lang='lat' dir='ltr'>exercitus</span> 
     </span>
     <span class='ocr_line' id='line_1_8' title="bbox 681 1795 1848 1890; baseline 0.001 -20"><span class='ocrx_word' id='word_1_53' title='bbox 681 1804 911 1872; x_wconf 85' lang='lat' dir='ltr'>moreretur:</span> <span class='ocrx_word' id='word_1_54' title='bbox 939 1817 1014 1890; x_wconf 87' lang='lat' dir='ltr'>quo</span> <span class='ocrx_word' id='word_1_55' title='bbox 1040 1802 1184 1871; x_wconf 88' lang='lat' dir='ltr'>remoto</span> <span class='ocrx_word' id='word_1_56' title='bbox 1211 1797 1333 1870; x_wconf 91' lang='lat' dir='ltr'>nullus</span> <span class='ocrx_word' id='word_1_57' title='bbox 1357 1795 1394 1870; x_wconf 98' lang='lat' dir='ltr'>in</span> <span class='ocrx_word' id='word_1_58' title='bbox 1419 1795 1500 1870; x_wconf 91' lang='lat' dir='ltr'>acie</span> <span class='ocrx_word' id='word_1_59' title='bbox 1528 1797 1637 1889; x_wconf 87' lang='lat' dir='ltr'>stetit,</span> <span class='ocrx_word' id='word_1_60' title='bbox 1662 1803 1700 1872; x_wconf 90' lang='lat' dir='ltr'>et</span> <span class='ocrx_word' id='word_1_61' title='bbox 1724 1797 1848 1872; x_wconf 76' lang='lat' dir='ltr'>cnsar</span> 
     </span>
     <span class='ocr_line' id='line_1_9' title="bbox 680 1915 1849 2014; baseline 0.001 -23"><span class='ocrx_word' id='word_1_62' title='bbox 680 1918 743 2014; x_wconf 87' lang='lat' dir='ltr'>qui</span> <span class='ocrx_word' id='word_1_63' title='bbox 769 1917 943 2013; x_wconf 83' lang='lat' dir='ltr'>principio</span> <span class='ocrx_word' id='word_1_64' title='bbox 961 1915 1043 1991; x_wconf 88' lang='lat' dir='ltr'>belli</span> <span class='ocrx_word' id='word_1_65' title='bbox 1063 1916 1306 1992; x_wconf 86' lang='lat' dir='ltr'>clamaverat:</span> <span class='ocrx_word' id='word_1_66' title='bbox 1333 1915 1436 1991; x_wconf 85' lang='lat' dir='ltr'>miles</span> <span class='ocrx_word' id='word_1_67' title='bbox 1461 1915 1590 1991; x_wconf 79' lang='lat' dir='ltr'>taciem</span> <span class='ocrx_word' id='word_1_68' title='bbox 1612 1915 1698 2010; x_wconf 88' lang='lat' dir='ltr'>leri;</span> <span class='ocrx_word' id='word_1_69' title='bbox 1717 1916 1753 1990; x_wconf 92' lang='lat' dir='ltr'>in</span> <span class='ocrx_word' id='word_1_70' title='bbox 1773 1915 1849 1992; x_wconf 81' lang='lat' dir='ltr'>bne</span> 
     </span>
    </p>
   </div>
   <div class='ocr_carea' id='block_1_4' title="bbox 671 2036 1911 4898">
    <p class='ocr_par' dir='ltr' id='par_1_4' title="bbox 671 2036 1911 4898">
     <span class='ocr_line' id='line_1_10' title="bbox 680 2036 1850 2132; baseline -0.003 -19"><span class='ocrx_word' id='word_1_71' title='bbox 680 2037 869 2114; x_wconf 84' lang='lat' dir='ltr'>clamarit:</span> <span class='ocrx_word' id='word_1_72' title='bbox 896 2037 1033 2132; x_wconf 87' lang='lat' dir='ltr'>parcite</span> <span class='ocrx_word' id='word_1_73' title='bbox 1057 2037 1209 2130; x_wconf 84' lang='lat' dir='ltr'>civibus,</span> <span class='ocrx_word' id='word_1_74' title='bbox 1235 2055 1321 2112; x_wconf 92' lang='lat' dir='ltr'>cum</span> <span class='ocrx_word' id='word_1_75' title='bbox 1348 2036 1428 2112; x_wconf 88' lang='lat' dir='ltr'>illos</span> <span class='ocrx_word' id='word_1_76' title='bbox 1453 2045 1777 2132; x_wconf 74' lang='lat' dir='ltr'>persequerentur,</span> <span class='ocrx_word' id='word_1_77' title='bbox 1805 2045 1850 2111; x_wconf 86' lang='lat' dir='ltr'>nt</span> 
     </span>
     <span class='ocr_line' id='line_1_11' title="bbox 678 2157 1847 2253; baseline 0.001 -22"><span class='ocrx_word' id='word_1_78' title='bbox 678 2157 729 2232; x_wconf 94' lang='lat' dir='ltr'>ait</span> <span class='ocrx_word' id='word_1_79' title='bbox 749 2157 888 2231; x_wconf 84' lang='lat' dir='ltr'>Florus.</span> <span class='ocrx_word' id='word_1_80' title='bbox 916 2157 967 2230; x_wconf 81' lang='lat' dir='ltr'>Er</span> <span class='ocrx_word' id='word_1_81' title='bbox 994 2157 1199 2253; x_wconf 79' lang='lat' dir='ltr'>legionibus</span> <span class='ocrx_word' id='word_1_82' title='bbox 1218 2163 1255 2232; x_wconf 92' lang='lat' dir='ltr'>et</span> <span class='ocrx_word' id='word_1_83' title='bbox 1275 2157 1441 2251; x_wconf 87' lang='lat' dir='ltr'>equitatu</span> <span class='ocrx_word' id='word_1_84' title='bbox 1460 2157 1622 2253; x_wconf 84' lang='lat' dir='ltr'>Pompeii</span> <span class='ocrx_word' id='word_1_85' title='bbox 1640 2157 1847 2253; x_wconf 86' lang='lat' dir='ltr'>quindecim</span> 
     </span>
     <span class='ocr_line' id='line_1_12' title="bbox 680 2276 1859 2376; baseline 0.003 -26"><span class='ocrx_word' id='word_1_86' title='bbox 680 2277 790 2352; x_wconf 93' lang='lat' dir='ltr'>millia</span> <span class='ocrx_word' id='word_1_87' title='bbox 812 2277 1019 2372; x_wconf 82' lang='lat' dir='ltr'>perierunt3</span> <span class='ocrx_word' id='word_1_88' title='bbox 1037 2277 1314 2352; x_wconf 87' lang='lat' dir='ltr'>innumerabilis</span> <span class='ocrx_word' id='word_1_89' title='bbox 1331 2276 1400 2351; x_wconf 88' lang='lat' dir='ltr'>luit</span> <span class='ocrx_word' id='word_1_90' title='bbox 1419 2284 1561 2374; x_wconf 80' lang='lat' dir='ltr'>strages</span> <span class='ocrx_word' id='word_1_91' title='bbox 1580 2279 1737 2354; x_wconf 91' lang='lat' dir='ltr'>aliarum</span> <span class='ocrx_word' id='word_1_92' title='bbox 1754 2299 1859 2376; x_wconf 74' lang='lat' dir='ltr'>gen.</span> 
     </span>
     <span class='ocr_line' id='line_1_13' title="bbox 679 2391 1847 2492; baseline 0.003 -22"><span class='ocrx_word' id='word_1_93' title='bbox 679 2397 770 2470; x_wconf 90' lang='lat' dir='ltr'>tium</span> <span class='ocrx_word' id='word_1_94' title='bbox 785 2403 822 2472; x_wconf 91' lang='lat' dir='ltr'>et</span> <span class='ocrx_word' id='word_1_95' title='bbox 835 2396 1057 2471; x_wconf 79' lang='lat' dir='ltr'>auxiliorum</span> <span class='ocrx_word' id='word_1_96' title='bbox 1073 2418 1158 2492; x_wconf 81' lang='lat' dir='ltr'>qoae</span> <span class='ocrx_word' id='word_1_97' title='bbox 1172 2405 1248 2472; x_wconf 91' lang='lat' dir='ltr'>toto</span> <span class='ocrx_word' id='word_1_98' title='bbox 1260 2391 1296 2489; x_wconf 82' lang='lat'>(¹)</span> <span class='ocrx_word' id='word_1_99' title='bbox 1312 2397 1455 2473; x_wconf 88' lang='lat' dir='ltr'>oriente</span> <span class='ocrx_word' id='word_1_100' title='bbox 1472 2407 1738 2475; x_wconf 85' lang='lat' dir='ltr'>convenerant:</span> <span class='ocrx_word' id='word_1_101' title='bbox 1752 2419 1847 2474; x_wconf 88' lang='lat' dir='ltr'>nun·</span> 
     </span>
     <span class='ocr_line' id='line_1_14' title="bbox 679 2517 1847 2614; baseline 0.003 -23"><span class='ocrx_word' id='word_1_102' title='bbox 679 2538 791 2613; x_wconf 86' lang='lat' dir='ltr'>quam</span> <span class='ocrx_word' id='word_1_103' title='bbox 819 2518 855 2591; x_wconf 91' lang='lat' dir='ltr'>in</span> <span class='ocrx_word' id='word_1_104' title='bbox 877 2538 952 2593; x_wconf 93' lang='lat' dir='ltr'>uno</span> <span class='ocrx_word' id='word_1_105' title='bbox 970 2537 1101 2614; x_wconf 89' lang='lat' dir='ltr'>campo</span> <span class='ocrx_word' id='word_1_106' title='bbox 1119 2523 1261 2590; x_wconf 88' lang='lat' dir='ltr'>tantum</span> <span class='ocrx_word' id='word_1_107' title='bbox 1281 2517 1415 2592; x_wconf 83' lang='lat' dir='ltr'>virium</span> <span class='ocrx_word' id='word_1_108' title='bbox 1436 2539 1675 2594; x_wconf 90' lang='lat' dir='ltr'>romanarum</span> <span class='ocrx_word' id='word_1_109' title='bbox 1697 2519 1847 2595; x_wconf 77' lang='lat' dir='ltr'>fortuna</span> 
     </span>
     <span class='ocr_line' id='line_1_15' title="bbox 679 2636 1848 2731; baseline 0.002 -20"><span class='ocrx_word' id='word_1_110' title='bbox 679 2637 870 2712; x_wconf 87' lang='lat' dir='ltr'>contraxit.</span> <span class='ocrx_word' id='word_1_111' title='bbox 897 2639 988 2712; x_wconf 90' lang='lat' dir='ltr'>Nam</span> <span class='ocrx_word' id='word_1_112' title='bbox 1017 2643 1059 2710; x_wconf 90' lang='lat' dir='ltr'>ut</span> <span class='ocrx_word' id='word_1_113' title='bbox 1083 2636 1208 2712; x_wconf 88' lang='lat' dir='ltr'>scribit</span> <span class='ocrx_word' id='word_1_114' title='bbox 1224 2637 1366 2731; x_wconf 82' lang='lat' dir='ltr'>Florus,</span> <span class='ocrx_word' id='word_1_115' title='bbox 1383 2644 1547 2714; x_wconf 80' lang='lat' dir='ltr'>tercenta</span> <span class='ocrx_word' id='word_1_116' title='bbox 1565 2638 1676 2714; x_wconf 89' lang='lat' dir='ltr'>millia</span> <span class='ocrx_word' id='word_1_117' title='bbox 1692 2639 1848 2714; x_wconf 89' lang='lat' dir='ltr'>bellato-</span> 
     </span>
     <span class='ocr_line' id='line_1_16' title="bbox 680 2755 1848 2854; baseline 0.001 -22"><span class='ocrx_word' id='word_1_118' title='bbox 680 2780 762 2832; x_wconf 85' lang='lat' dir='ltr'>rum</span> <span class='ocrx_word' id='word_1_119' title='bbox 784 2758 867 2832; x_wconf 90' lang='lat' dir='ltr'>binc</span> <span class='ocrx_word' id='word_1_120' title='bbox 885 2755 969 2832; x_wconf 91' lang='lat' dir='ltr'>inde</span> <span class='ocrx_word' id='word_1_121' title='bbox 987 2765 1121 2852; x_wconf 72' lang='lat' dir='ltr'>praeter</span> <span class='ocrx_word' id='word_1_122' title='bbox 1141 2757 1277 2832; x_wconf 81' lang='lat' dir='ltr'>auxilia</span> <span class='ocrx_word' id='word_1_123' title='bbox 1300 2779 1431 2854; x_wconf 87' lang='lat' dir='ltr'>regum</span> <span class='ocrx_word' id='word_1_124' title='bbox 1452 2767 1490 2834; x_wconf 90' lang='lat' dir='ltr'>et</span> <span class='ocrx_word' id='word_1_125' title='bbox 1507 2766 1675 2834; x_wconf 86' lang='lat' dir='ltr'>senatus:</span> <span class='ocrx_word' id='word_1_126' title='bbox 1696 2758 1848 2836; x_wconf 81' lang='lat' dir='ltr'>luerunt</span> 
     </span>
     <span class='ocr_line' id='line_1_17' title="bbox 678 2878 1846 2977; baseline 0.002 -25"><span class='ocrx_word' id='word_1_127' title='bbox 678 2878 847 2954; x_wconf 86' lang='lat' dir='ltr'>undecim</span> <span class='ocrx_word' id='word_1_128' title='bbox 874 2878 1036 2974; x_wconf 83' lang='lat' dir='ltr'>legiones</span> <span class='ocrx_word' id='word_1_129' title='bbox 1071 2899 1116 2953; x_wconf 86' lang='lat' dir='ltr'>ex</span> <span class='ocrx_word' id='word_1_130' title='bbox 1153 2886 1257 2973; x_wconf 86' lang='lat' dir='ltr'>parte</span> <span class='ocrx_word' id='word_1_131' title='bbox 1285 2879 1449 2972; x_wconf 77' lang='lat' dir='ltr'>casuris,</span> <span class='ocrx_word' id='word_1_132' title='bbox 1474 2899 1521 2954; x_wconf 80' lang='lat' dir='ltr'>er</span> <span class='ocrx_word' id='word_1_133' title='bbox 1556 2888 1659 2975; x_wconf 85' lang='lat' dir='ltr'>parte</span> <span class='ocrx_word' id='word_1_134' title='bbox 1683 2879 1846 2977; x_wconf 77' lang='lat' dir='ltr'>Pompeio</span> 
     </span>
     <span class='ocr_line' id='line_1_18' title="bbox 678 2999 1846 3096; baseline 0 -22"><span class='ocrx_word' id='word_1_135' title='bbox 678 2999 804 3074; x_wconf 91' lang='lat' dir='ltr'>decem</span> <span class='ocrx_word' id='word_1_136' title='bbox 832 3006 869 3074; x_wconf 85' lang='lat' dir='ltr'>et</span> <span class='ocrx_word' id='word_1_137' title='bbox 894 3003 989 3092; x_wconf 91' lang='lat' dir='ltr'>octo,</span> <span class='ocrx_word' id='word_1_138' title='bbox 1015 2999 1080 3072; x_wconf 88' lang='lat' dir='ltr'>llos</span> <span class='ocrx_word' id='word_1_139' title='bbox 1105 3005 1144 3074; x_wconf 90' lang='lat' dir='ltr'>et</span> <span class='ocrx_word' id='word_1_140' title='bbox 1169 2999 1285 3073; x_wconf 87' lang='lat' dir='ltr'>robur</span> <span class='ocrx_word' id='word_1_141' title='bbox 1305 2999 1413 3074; x_wconf 79' lang='lat' dir='ltr'>italici</span> <span class='ocrx_word' id='word_1_142' title='bbox 1433 2999 1629 3096; x_wconf 80' lang='lat' dir='ltr'>sanguinis.</span> <span class='ocrx_word' id='word_1_143' title='bbox 1649 3000 1846 3096; x_wconf 85' lang='lat' dir='ltr'>Pompeius</span> 
     </span>
     <span class='ocr_line' id='line_1_19' title="bbox 677 3119 1845 3215; baseline 0.001 -21"><span class='ocrx_word' id='word_1_144' title='bbox 677 3125 801 3194; x_wconf 91' lang='lat' dir='ltr'>autem</span> <span class='ocrx_word' id='word_1_145' title='bbox 816 3119 960 3215; x_wconf 86' lang='lat' dir='ltr'>lugiens</span> <span class='ocrx_word' id='word_1_146' title='bbox 975 3137 1049 3192; x_wconf 92' lang='lat' dir='ltr'>uno</span> <span class='ocrx_word' id='word_1_147' title='bbox 1063 3139 1162 3212; x_wconf 85' lang='lat' dir='ltr'>equo</span> <span class='ocrx_word' id='word_1_148' title='bbox 1176 3140 1241 3214; x_wconf 88' lang='lat' dir='ltr'>per</span> <span class='ocrx_word' id='word_1_149' title='bbox 1254 3126 1451 3213; x_wconf 85' lang='lat' dir='ltr'>terram,et</span> <span class='ocrx_word' id='word_1_150' title='bbox 1465 3140 1536 3193; x_wconf 88' lang='lat' dir='ltr'>una</span> <span class='ocrx_word' id='word_1_151' title='bbox 1552 3119 1635 3196; x_wconf 91' lang='lat' dir='ltr'>navi</span> <span class='ocrx_word' id='word_1_152' title='bbox 1650 3140 1845 3215; x_wconf 78' lang='lat' dir='ltr'>permane,</span> 
     </span>
     <span class='ocr_line' id='line_1_20' title="bbox 676 3238 1845 3338; baseline 0.003 -26"><span class='ocrx_word' id='word_1_153' title='bbox 676 3246 822 3333; x_wconf 88' lang='lat' dir='ltr'>recepta</span> <span class='ocrx_word' id='word_1_154' title='bbox 844 3259 962 3313; x_wconf 81' lang='lat' dir='ltr'>uxore</span> <span class='ocrx_word' id='word_1_155' title='bbox 981 3245 1061 3333; x_wconf 86' lang='lat' dir='ltr'>post</span> <span class='ocrx_word' id='word_1_156' title='bbox 1080 3238 1380 3314; x_wconf 87' lang='lat' dir='ltr'>deliberationem</span> <span class='ocrx_word' id='word_1_157' title='bbox 1400 3240 1564 3334; x_wconf 83' lang='lat' dir='ltr'>pervenit</span> <span class='ocrx_word' id='word_1_158' title='bbox 1580 3240 1617 3314; x_wconf 92' lang='lat' dir='ltr'>in</span> <span class='ocrx_word' id='word_1_159' title='bbox 1632 3241 1845 3338; x_wconf 85' lang='lat' dir='ltr'>AEgyptum,</span> 
     </span>
     <span class='ocr_line' id='line_1_21' title="bbox 678 3357 1846 3453; baseline 0.003 -21"><span class='ocrx_word' id='word_1_160' title='bbox 678 3358 738 3432; x_wconf 92' lang='lat' dir='ltr'>ubi</span> <span class='ocrx_word' id='word_1_161' title='bbox 765 3357 997 3452; x_wconf 73' lang='lat' dir='ltr'>Ptolomeus,</span> <span class='ocrx_word' id='word_1_162' title='bbox 1015 3358 1074 3432; x_wconf 90' lang='lat' dir='ltr'>cui</span> <span class='ocrx_word' id='word_1_163' title='bbox 1103 3359 1299 3453; x_wconf 84' lang='lat' dir='ltr'>Pompeius</span> <span class='ocrx_word' id='word_1_164' title='bbox 1323 3365 1424 3433; x_wconf 90' lang='lat' dir='ltr'>tutor</span> <span class='ocrx_word' id='word_1_165' title='bbox 1448 3381 1470 3434; x_wconf 94' lang='lat' dir='ltr'>a</span> <span class='ocrx_word' id='word_1_166' title='bbox 1496 3367 1624 3435; x_wconf 89' lang='lat' dir='ltr'>senatu</span> <span class='ocrx_word' id='word_1_167' title='bbox 1651 3361 1759 3434; x_wconf 85' lang='lat' dir='ltr'>datrrs</span> <span class='ocrx_word' id='word_1_168' title='bbox 1786 3381 1846 3435; x_wconf 91' lang='lat' dir='ltr'>re-</span> 
     </span>
     <span class='ocr_line' id='line_1_22' title="bbox 674 3477 1841 3574; baseline 0.002 -23"><span class='ocrx_word' id='word_1_169' title='bbox 674 3497 788 3574; x_wconf 86' lang='lat' dir='ltr'>gnum</span> <span class='ocrx_word' id='word_1_170' title='bbox 818 3477 970 3553; x_wconf 86' lang='lat' dir='ltr'>fideliter</span> <span class='ocrx_word' id='word_1_171' title='bbox 996 3484 1222 3572; x_wconf 86' lang='lat' dir='ltr'>servaverat,</span> <span class='ocrx_word' id='word_1_172' title='bbox 1244 3478 1366 3553; x_wconf 87' lang='lat' dir='ltr'>habito</span> <span class='ocrx_word' id='word_1_173' title='bbox 1382 3479 1533 3554; x_wconf 89' lang='lat' dir='ltr'>consilio</span> <span class='ocrx_word' id='word_1_174' title='bbox 1558 3500 1712 3555; x_wconf 89' lang='lat' dir='ltr'>suorum</span> <span class='ocrx_word' id='word_1_175' title='bbox 1740 3480 1841 3556; x_wconf 89' lang='lat' dir='ltr'>illum</span> 
     </span>
     <span class='ocr_line' id='line_1_23' title="bbox 676 3596 1843 3696; baseline 0.003 -26"><span class='ocrx_word' id='word_1_176' title='bbox 676 3596 827 3673; x_wconf 81' lang='lat' dir='ltr'>interfici</span> <span class='ocrx_word' id='word_1_177' title='bbox 853 3598 948 3693; x_wconf 88' lang='lat' dir='ltr'>lecit,</span> <span class='ocrx_word' id='word_1_178' title='bbox 976 3606 1012 3673; x_wconf 92' lang='lat' dir='ltr'>et</span> <span class='ocrx_word' id='word_1_179' title='bbox 1036 3619 1193 3694; x_wconf 84' lang='lat' dir='ltr'>corpore</span> <span class='ocrx_word' id='word_1_180' title='bbox 1223 3598 1261 3671; x_wconf 92' lang='lat' dir='ltr'>in</span> <span class='ocrx_word' id='word_1_181' title='bbox 1291 3599 1408 3674; x_wconf 88' lang='lat' dir='ltr'>undas</span> <span class='ocrx_word' id='word_1_182' title='bbox 1436 3600 1579 3675; x_wconf 88' lang='lat' dir='ltr'>abiecto</span> <span class='ocrx_word' id='word_1_183' title='bbox 1609 3606 1717 3696; x_wconf 83' lang='lat' dir='ltr'>capot</span> <span class='ocrx_word' id='word_1_184' title='bbox 1745 3601 1843 3675; x_wconf 89' lang='lat' dir='ltr'>dono</span> 
     </span>
     <span class='ocr_line' id='line_1_24' title="bbox 674 3717 1840 3814; baseline 0.003 -21"><span class='ocrx_word' id='word_1_185' title='bbox 674 3717 807 3793; x_wconf 82' lang='lat' dir='ltr'>Cresari</span> <span class='ocrx_word' id='word_1_186' title='bbox 834 3726 1062 3794; x_wconf 88' lang='lat' dir='ltr'>reservatum</span> <span class='ocrx_word' id='word_1_187' title='bbox 1082 3726 1147 3794; x_wconf 88' lang='lat' dir='ltr'>est</span> <span class='ocrx_word' id='word_1_188' title='bbox 1166 3717 1211 3792; x_wconf 87' lang='lat' dir='ltr'>Et</span> <span class='ocrx_word' id='word_1_189' title='bbox 1226 3719 1348 3794; x_wconf 76' lang='lat' dir='ltr'>cnsar</span> <span class='ocrx_word' id='word_1_190' title='bbox 1365 3739 1451 3795; x_wconf 90' lang='lat' dir='ltr'>cum</span> <span class='ocrx_word' id='word_1_191' title='bbox 1471 3721 1597 3814; x_wconf 85' lang='lat' dir='ltr'>paucis</span> <span class='ocrx_word' id='word_1_192' title='bbox 1614 3719 1726 3795; x_wconf 83' lang='lat' dir='ltr'>fidens</span> <span class='ocrx_word' id='word_1_193' title='bbox 1743 3720 1840 3796; x_wconf 78' lang='lat' dir='ltr'>sama</span> 
     </span>
     <span class='ocr_line' id='line_1_25' title="bbox 673 3836 1844 3934; baseline 0.004 -23"><span class='ocrx_word' id='word_1_194' title='bbox 673 3836 731 3911; x_wconf 91' lang='lat' dir='ltr'>sui</span> <span class='ocrx_word' id='word_1_195' title='bbox 757 3837 923 3932; x_wconf 87' lang='lat' dir='ltr'>nominis,</span> <span class='ocrx_word' id='word_1_196' title='bbox 949 3859 1032 3932; x_wconf 86' lang='lat' dir='ltr'>quae</span> <span class='ocrx_word' id='word_1_197' title='bbox 1059 3857 1132 3914; x_wconf 90' lang='lat' dir='ltr'>uon</span> <span class='ocrx_word' id='word_1_198' title='bbox 1159 3839 1281 3912; x_wconf 89' lang='lat' dir='ltr'>minus</span> <span class='ocrx_word' id='word_1_199' title='bbox 1297 3859 1367 3912; x_wconf 90' lang='lat' dir='ltr'>suo</span> <span class='ocrx_word' id='word_1_200' title='bbox 1384 3840 1530 3914; x_wconf 87' lang='lat' dir='ltr'>valebat</span> <span class='ocrx_word' id='word_1_201' title='bbox 1554 3841 1733 3934; x_wconf 86' lang='lat' dir='ltr'>exercitu,</span> <span class='ocrx_word' id='word_1_202' title='bbox 1757 3842 1844 3916; x_wconf 78' lang='lat' dir='ltr'>ble—</span> 
     </span>
     <span class='ocr_line' id='line_1_26' title="bbox 675 3956 1845 4056; baseline 0.004 -26"><span class='ocrx_word' id='word_1_203' title='bbox 675 3956 863 4032; x_wconf 83' lang='lat' dir='ltr'>xaodriam</span> <span class='ocrx_word' id='word_1_204' title='bbox 899 3958 1081 4053; x_wconf 88' lang='lat' dir='ltr'>pervenit,</span> <span class='ocrx_word' id='word_1_205' title='bbox 1117 3958 1180 4034; x_wconf 91' lang='lat' dir='ltr'>ubi</span> <span class='ocrx_word' id='word_1_206' title='bbox 1212 3958 1279 4032; x_wconf 89' lang='lat' dir='ltr'>luit</span> <span class='ocrx_word' id='word_1_207' title='bbox 1312 3959 1416 4053; x_wconf 86' lang='lat' dir='ltr'>quasi</span> <span class='ocrx_word' id='word_1_208' title='bbox 1448 3959 1485 4032; x_wconf 93' lang='lat' dir='ltr'>in</span> <span class='ocrx_word' id='word_1_209' title='bbox 1518 3960 1648 4035; x_wconf 89' lang='lat' dir='ltr'>maiori</span> <span class='ocrx_word' id='word_1_210' title='bbox 1680 3960 1845 4056; x_wconf 86' lang='lat' dir='ltr'>periculo</span> 
     </span>
     <span class='ocr_line' id='line_1_27' title="bbox 673 4079 1843 4174; baseline 0.003 -22"><span class='ocrx_word' id='word_1_211' title='bbox 673 4098 785 4172; x_wconf 89' lang='lat' dir='ltr'>quam</span> <span class='ocrx_word' id='word_1_212' title='bbox 813 4099 989 4174; x_wconf 86' lang='lat' dir='ltr'>unquam.</span> <span class='ocrx_word' id='word_1_213' title='bbox 1017 4081 1108 4154; x_wconf 90' lang='lat' dir='ltr'>Nam</span> <span class='ocrx_word' id='word_1_214' title='bbox 1126 4080 1282 4154; x_wconf 82' lang='lat' dir='ltr'>Achillas</span> <span class='ocrx_word' id='word_1_215' title='bbox 1301 4079 1574 4154; x_wconf 86' lang='lat' dir='ltr'>crudelissimos</span> <span class='ocrx_word' id='word_1_216' title='bbox 1601 4083 1733 4155; x_wconf 87' lang='lat' dir='ltr'>bansto</span> <span class='ocrx_word' id='word_1_217' title='bbox 1757 4101 1843 4156; x_wconf 88' lang='lat' dir='ltr'>san·</span> 
     </span>
     <span class='ocr_line' id='line_1_28' title="bbox 673 4197 1843 4296; baseline 0.006 -26"><span class='ocrx_word' id='word_1_218' title='bbox 673 4197 785 4294; x_wconf 84' lang='lat' dir='ltr'>guine</span> <span class='ocrx_word' id='word_1_219' title='bbox 809 4199 969 4294; x_wconf 89' lang='lat' dir='ltr'>Pompeii</span> <span class='ocrx_word' id='word_1_220' title='bbox 990 4199 1116 4274; x_wconf 85' lang='lat' dir='ltr'>ebrius</span> <span class='ocrx_word' id='word_1_221' title='bbox 1131 4199 1348 4294; x_wconf 84' lang='lat' dir='ltr'>sanguinem</span> <span class='ocrx_word' id='word_1_222' title='bbox 1369 4199 1522 4274; x_wconf 79' lang='lat' dir='ltr'>cesaris</span> <span class='ocrx_word' id='word_1_223' title='bbox 1538 4198 1692 4296; x_wconf 85' lang='lat' dir='ltr'>sitiebat,</span> <span class='ocrx_word' id='word_1_224' title='bbox 1711 4202 1843 4296; x_wconf 75' lang='lat' dir='ltr'>prele-</span> 
     </span>
     <span class='ocr_line' id='line_1_29' title="bbox 673 4319 1843 4416; baseline 0.001 -22"><span class='ocrx_word' id='word_1_225' title='bbox 673 4326 754 4394; x_wconf 89' lang='lat' dir='ltr'>ctus</span> <span class='ocrx_word' id='word_1_226' title='bbox 773 4319 869 4416; x_wconf 87' lang='lat' dir='ltr'>regis</span> <span class='ocrx_word' id='word_1_227' title='bbox 886 4341 971 4395; x_wconf 93' lang='lat' dir='ltr'>cum</span> <span class='ocrx_word' id='word_1_228' title='bbox 990 4319 1117 4416; x_wconf 86' lang='lat' dir='ltr'>viginti</span> <span class='ocrx_word' id='word_1_229' title='bbox 1135 4320 1294 4393; x_wconf 88' lang='lat' dir='ltr'>millibus</span> <span class='ocrx_word' id='word_1_230' title='bbox 1306 4328 1535 4396; x_wconf 88' lang='lat' dir='ltr'>armatorum</span> <span class='ocrx_word' id='word_1_231' title='bbox 1554 4319 1691 4396; x_wconf 91' lang='lat' dir='ltr'>bellum</span> <span class='ocrx_word' id='word_1_232' title='bbox 1707 4323 1843 4399; x_wconf 86' lang='lat' dir='ltr'>morit:</span> 
     </span>
     <span class='ocr_line' id='line_1_30' title="bbox 672 4439 1911 4518; baseline 0.002 -3"><span class='ocrx_word' id='word_1_233' title='bbox 672 4445 709 4515; x_wconf 87' lang='lat' dir='ltr'>et</span> <span class='ocrx_word' id='word_1_234' title='bbox 725 4439 847 4514; x_wconf 77' lang='lat' dir='ltr'>Cesar</span> <span class='ocrx_word' id='word_1_235' title='bbox 865 4440 931 4514; x_wconf 87' lang='lat' dir='ltr'>nisi</span> <span class='ocrx_word' id='word_1_236' title='bbox 950 4439 1136 4515; x_wconf 85' lang='lat' dir='ltr'>habuisset</span> <span class='ocrx_word' id='word_1_237' title='bbox 1149 4440 1391 4514; x_wconf 83' lang='lat' dir='ltr'>Ptolomaenm</span> <span class='ocrx_word' id='word_1_238' title='bbox 1409 4461 1535 4516; x_wconf 89' lang='lat' dir='ltr'>secum</span> <span class='ocrx_word' id='word_1_239' title='bbox 1549 4441 1645 4516; x_wconf 82' lang='lat' dir='ltr'>torte</span> <span class='ocrx_word' id='word_1_240' title='bbox 1662 4461 1735 4516; x_wconf 92' lang='lat' dir='ltr'>non</span> <span class='ocrx_word' id='word_1_241' title='bbox 1752 4463 1842 4518; x_wconf 88' lang='lat' dir='ltr'>era·</span> <span class='ocrx_word' id='word_1_242' title='bbox 1908 4513 1911 4517; x_wconf 75' lang='grc'><strong><em>,</em></strong></span> 
     </span>
     <span class='ocr_line' id='line_1_31' title="bbox 671 4559 1843 4657; baseline 0.003 -23"><span class='ocrx_word' id='word_1_243' title='bbox 671 4559 784 4635; x_wconf 87' lang='lat' dir='ltr'>sisset.</span> <span class='ocrx_word' id='word_1_244' title='bbox 807 4561 876 4636; x_wconf 87' lang='lat' dir='ltr'>Sed</span> <span class='ocrx_word' id='word_1_245' title='bbox 898 4560 1118 4635; x_wconf 86' lang='lat' dir='ltr'>Ptolomaeus</span> <span class='ocrx_word' id='word_1_246' title='bbox 1134 4560 1341 4635; x_wconf 88' lang='lat' dir='ltr'>dimissusa</span> <span class='ocrx_word' id='word_1_247' title='bbox 1359 4560 1505 4636; x_wconf 70' lang='lat' dir='ltr'>essars</span> <span class='ocrx_word' id='word_1_248' title='bbox 1520 4561 1723 4657; x_wconf 82' lang='lat' dir='ltr'>improvide</span> <span class='ocrx_word' id='word_1_249' title='bbox 1743 4564 1843 4638; x_wconf 85' lang='lat' dir='ltr'>venit</span> 
     </span>
     <span class='ocr_line' id='line_1_32' title="bbox 671 4679 1843 4780; baseline 0.003 -25"><span class='ocrx_word' id='word_1_250' title='bbox 671 4701 756 4755; x_wconf 93' lang='lat' dir='ltr'>cum</span> <span class='ocrx_word' id='word_1_251' title='bbox 783 4681 861 4756; x_wconf 91' lang='lat' dir='ltr'>aliis</span> <span class='ocrx_word' id='word_1_252' title='bbox 886 4687 1013 4757; x_wconf 86' lang='lat' dir='ltr'>contra</span> <span class='ocrx_word' id='word_1_253' title='bbox 1040 4701 1139 4756; x_wconf 84' lang='lat' dir='ltr'>eum.</span> <span class='ocrx_word' id='word_1_254' title='bbox 1165 4679 1287 4755; x_wconf 72' lang='lat' dir='ltr'>Cesar</span> <span class='ocrx_word' id='word_1_255' title='bbox 1319 4681 1507 4776; x_wconf 85' lang='lat' dir='ltr'>repentina</span> <span class='ocrx_word' id='word_1_256' title='bbox 1540 4681 1726 4758; x_wconf 86' lang='lat' dir='ltr'>invasione</span> <span class='ocrx_word' id='word_1_257' title='bbox 1757 4703 1843 4780; x_wconf 86' lang='lat' dir='ltr'>per·</span> 
     </span>
     <span class='ocr_line' id='line_1_33' title="bbox 671 4799 1841 4898; baseline 0.003 -23"><span class='ocrx_word' id='word_1_258' title='bbox 671 4819 800 4875; x_wconf 88' lang='lat' dir='ltr'>cussus</span> <span class='ocrx_word' id='word_1_259' title='bbox 817 4801 937 4876; x_wconf 89' lang='lat' dir='ltr'>subito</span> <span class='ocrx_word' id='word_1_260' title='bbox 954 4800 1102 4874; x_wconf 88' lang='lat' dir='ltr'>intravit</span> <span class='ocrx_word' id='word_1_261' title='bbox 1118 4799 1345 4895; x_wconf 83' lang='lat' dir='ltr'>naviculam3</span> <span class='ocrx_word' id='word_1_262' title='bbox 1359 4801 1422 4876; x_wconf 81' lang='lat' dir='ltr'>sed</span> <span class='ocrx_word' id='word_1_263' title='bbox 1440 4801 1634 4876; x_wconf 88' lang='lat' dir='ltr'>demersus</span> <span class='ocrx_word' id='word_1_264' title='bbox 1649 4802 1687 4876; x_wconf 91' lang='lat' dir='ltr'>iu</span> <span class='ocrx_word' id='word_1_265' title='bbox 1702 4823 1841 4898; x_wconf 83' lang='lat' dir='ltr'>aquam</span> 
     </span>
    </p>
   </div>
   <div class='ocr_carea' id='block_1_5' title="bbox 734 5057 1051 5120">
    <p class='ocr_par' dir='ltr' id='par_1_5' title="bbox 734 5057 1051 5120">
     <span class='ocr_line' id='line_1_34' title="bbox 734 5057 1051 5120; baseline 0.006 -12"><span class='ocrx_word' id='word_1_266' title='bbox 734 5057 761 5120; x_wconf 76' lang='lat'>(¹)</span> <span class='ocrx_word' id='word_1_267' title='bbox 777 5057 808 5108; x_wconf 82' lang='lat' dir='ltr'>B.</span> <span class='ocrx_word' id='word_1_268' title='bbox 825 5063 880 5109; x_wconf 86' lang='lat' dir='ltr'>loto</span> <span class='ocrx_word' id='word_1_269' title='bbox 896 5057 927 5107; x_wconf 88' lang='lat' dir='ltr'>ab</span> <span class='ocrx_word' id='word_1_270' title='bbox 943 5059 1051 5110; x_wconf 83' lang='lat' dir='ltr'>oriente.</span> 
     </span>
    </p>
   </div>
   <div class='ocr_carea' id='block_1_6' title="bbox 0 0 2176 6692">
    <p class='ocr_par' dir='ltr' id='par_1_6' title="bbox 0 0 2176 6692">
     <span class='ocr_line' id='line_1_35' title="bbox 0 0 2176 6692; baseline 0 5"><span class='ocrx_word' id='word_1_271' title='bbox 0 0 2176 6692; x_wconf 95' lang='lat' dir='ltr'> </span> 
     </span>
    </p>
   </div>
  </div>
 </body>
</html>
