4342 6692
682 891 755 960 tttl
1072 904 1276 962 comruu
1300 907 1470 962 ranam

680 1049 807 1140 topru
830 1049 969 1140 prome
992 1069 1011 1121 e
1035 1047 1138 1140 delta,
1162 1055 1201 1124 et
1225 1069 1315 1125 vere
1344 1049 1581 1146 magnificum
1607 1058 1647 1125 et
1675 1051 1846 1150 pulcrum

679 1166 746 1242 init
771 1167 892 1242 iacere
917 1175 1079 1263 quatuor
1098 1168 1189 1244 illias
1210 1170 1320 1244 unius
1335 1168 1479 1244 comitis
1497 1169 1653 1267 reginas,
1671 1175 1749 1244 mol
1760 1193 1851 1263 m·

676 1289 763 1381 dita,
808 1288 855 1363 ab
897 1289 1042 1386 ingrato
1073 1289 1233 1364 domino.
1264 1290 1309 1364 llt
1342 1289 1463 1363 subdit
1496 1289 1641 1384 merito,
1672 1290 1773 1385 qaod
1804 1293 1852 1366 ad

677 1409 824 1503 culpam
850 1409 923 1486 cito
949 1415 1075 1486 secuta
1101 1416 1156 1485 est
1182 1431 1290 1505 poena
1319 1410 1441 1507 digna,
1472 1409 1616 1485 dicens:
1642 1432 1703 1486 mu
1727 1415 1852 1504 ipro-

679 1532 827 1624 carzoli,
854 1530 999 1626 scilicet,
1025 1531 1133 1605 aulici
1167 1530 1322 1624 comitis,
1348 1532 1488 1624 edelar
1511 1538 1638 1604 condo
1663 1534 1726 1626 lai,
1756 1531 1853 1606 scili-

678 1657 748 1745 cet,
773 1651 956 1725 Romeum
982 1671 1028 1725 ex
1054 1650 1200 1745 invidia,
1225 1671 1299 1724 non
1321 1652 1440 1723 dunno
1464 1653 1553 1741 riso,
1578 1650 1694 1726 immo
1718 1672 1851 1727 amare

678 1769 870 1863 fleverunt,
896 1776 933 1844 et
958 1790 1054 1865 saepe
1070 1770 1350 1865 suspiraverunt
1368 1771 1573 1863 Romenm3
1594 1791 1680 1846 nam
1705 1772 1847 1847 officia·

678 1891 731 1965 les
757 1890 853 1986 regis
878 1889 1042 1964 Francia}
1065 1896 1104 1982 et
1128 1889 1248 1965 Caroli
1273 1911 1347 1964 non
1373 1891 1522 1964 luerunt
1551 1898 1677 1986 postea
1702 1891 1751 1966 ita
1780 1892 1848 1966 lte-

680 2009 778 2106 nigni
799 2017 836 2085 et
852 2009 1002 2105 gratiosi
1019 2029 1108 2108 erga
1126 2030 1201 2104 eos,
1219 2009 1314 2084 sicut
1330 2010 1450 2084 luerat
1466 2009 1706 2106 Raymnndus
1724 2031 1850 2086 comes

679 2137 715 2206 et
740 2131 901 2206 Romeus
928 2130 1150 2224 vicecomes,
1168 2130 1250 2205 ideo
1267 2131 1439 2224 snperbia
1457 2130 1669 2204 francorum
1696 2131 1851 2208 manile·

678 2256 733 2326 sta
758 2251 852 2326 bene
878 2251 1048 2348 purgavit
1071 2250 1244 2326 invidiam
1270 2253 1452 2326 oocultrun
1474 2271 1622 2325 eorum.
1640 2252 1726 2328 ldeo
1745 2253 1848 2327 dicit:

678 2393 697 2444 e
718 2364 807 2466 perd
832 2375 906 2445 mul
928 2375 1116 2464 cammina,
1146 2371 1234 2465 qnia
1258 2371 1305 2446 ad
1325 2371 1437 2446 linem
1459 2373 1657 2466 reprobum
1673 2366 1711 2464 ξ’)
1736 2373 1847 2467 venit,

677 2496 762 2586 qual
792 2497 823 2566 si
848 2497 889 2586 fu
917 2495 1052 2585 dunno,
1085 2491 1188 2584 idest,
1222 2491 1450 2586 quicumque
1480 2499 1654 2585 procurat
1684 2491 1845 2586 sibiipsi

680 2618 955 2706 nocumentum,
982 2615 1039 2686 del
1062 2613 1126 2684 den
1147 2615 1231 2705 sure
1260 2615 1368 2685 altrat
1372 2637 1387 2704 ;
1405 2610 1497 2686 sicut
1526 2610 1583 2684 isti
1609 2612 1777 2686 lecerunt
1800 2633 1847 2688 ex

679 2733 774 2808 bona
799 2731 1012 2826 operatione
1045 2729 1185 2805 Romei.
1218 2729 1289 2804 Sed
1320 2729 1510 2825 damnum,
1535 2730 1633 2824 quod
1664 2731 1747 2824 quis
1781 2752 1849 2806 sua

678 2853 786 2947 culpa
811 2851 930 2943 sentit,
957 2849 1023 2924 sibi
1049 2856 1086 2925 et
1111 2871 1185 2923 non
1210 2847 1270 2922 alii
1296 2848 1405 2924 debet
1429 2849 1623 2943 imputare.
1638 2891 1688 2904 -
1703 2855 1851 2940 Quuttro

675 2974 770 3063 pone
794 2970 882 3043 eote.
910 2969 975 3045 llic
1005 2969 1212 3044 manifestat
1242 2967 1465 3042 lustiuianus
1495 2969 1680 3064 singulare
1711 2970 1850 3045 beneti-

677 3095 775 3170 cium
803 3094 944 3187 Romei,
971 3100 1012 3167 ut
1037 3100 1147 3167 antor
1172 3091 1281 3166 iaciat
1306 3099 1521 3186 perpetuam
1554 3091 1773 3166 memoriam
1802 3091 1849 3166 de

677 3236 734 3310 eo,
752 3215 846 3290 sicut
869 3214 952 3288 lacit
976 3213 1022 3288 de
1048 3213 1126 3286 aliis
1144 3213 1256 3286 rebus
1276 3211 1586 3304 memorabilibus,
1603 3211 1745 3286 dicens:
1763 3215 1851 3286 Rui-

677 3337 806 3408 mondo
842 3335 1085 3424 Berlirrqtiart,
1112 3332 1282 3428 indignus
1316 3338 1416 3406 tanta
1447 3332 1660 3407 excelientia
1688 3331 1848 3424 honoris,

676 3461 816 3547 qoultro
838 3447 932 3544 fiplia
949 3453 1028 3525 udde
1052 3474 1071 3524 e
1096 3454 1261 3524 mussona
1277 3455 1392 3544 reida,
1412 3451 1506 3525 sicut
1528 3458 1625 3546 patet
1650 3472 1696 3525 ex
1721 3450 1846 3524 dietis:

573 3634 578 3648 .
676 3581 714 3652 et
738 3573 840 3648 dicit:
867 3595 886 3646 e
909 3565 963 3646 eid
979 3575 1030 3664 qli
1046 3577 1121 3667 fece
1137 3577 1281 3663 Romen,
1303 3572 1440 3648 virtute
1466 3592 1653 3664 romanus,
1673 3572 1757 3646 licet
1779 3589 1848 3665 ge-

678 3715 770 3770 nere
795 3710 1007 3792 germanus,
1035 3699 1076 3766 ut
1101 3692 1213 3786 aliqui
1238 3692 1414 3785 scribunt,
1435 3713 1592 3785 perrona
1615 3695 1716 3765 amite
1742 3713 1848 3784 cpe-

675 3819 833 3909 reqrirra,
859 3814 961 3909 idest,
988 3812 1155 3910 ignobilis
1180 3820 1217 3887 et
1242 3812 1365 3908 ignota
1392 3812 1528 3887 virtute
1552 3833 1640 3906 sua;
1659 3811 1757 3906 quod
1776 3831 1849 3886 non

675 3936 817 4012 iecisset
841 3933 1081 4030 Raymundus
1107 3933 1334 4027 simplicitate
1354 3954 1434 4026 sna,
1454 3953 1523 4007 uec
1547 3933 1656 4007 aulici
1683 3931 1850 4027 maligni·

676 4062 751 4132 tate
776 4076 854 4130 sua.
881 4055 924 4128 Et
953 4054 1074 4128 subdit
1103 4053 1368 4146 simplicitatem
1401 4052 1543 4127 comitis
1573 4059 1610 4128 et
1642 4053 1849 4148 malignita-

676 4184 751 4254 tem
779 4197 932 4251 suorum
960 4175 1181 4266 aulicorum,
1205 4173 1348 4248 diceus:
1374 4177 1484 4266 epoi,
1501 4172 1648 4266 scilicet,
1666 4178 1748 4266 post
1772 4179 1847 4247 tam

676 4297 816 4395 grande
841 4295 1059 4372 beneficium
1087 4302 1297 4389 receptum:
1323 4296 1351 4367 tt
1373 4316 1508 4367 mosser
1537 4298 1568 4367 le
1596 4297 1723 4387 parole
1746 4293 1848 4384 disce,

675 4419 778 4512 idest,
805 4437 909 4491 vanae
935 4414 1190 4510 persuasiones
1215 4414 1437 4488 aemulorum
1458 4422 1728 4506 accusatorum,
1745 4435 1771 4486 u
1793 4415 1849 4486 di·

675 4541 831 4613 mandcr
846 4533 1008 4628 rapiere,
1026 4535 1175 4628 scilicet,
1193 4534 1526 4627 administrationis,
1548 4556 1572 4607 a
1589 4541 1705 4626 questo
1720 4535 1848 4624 qiustn,

675 4659 809 4734 scilicet
834 4658 986 4750 Romen,
1012 4659 1072 4728 ctu
1095 4658 1147 4746 qli
1170 4648 1320 4747 asseprrd
1343 4663 1467 4729 sotlec
1499 4658 1620 4748 cinquc
1639 4675 1708 4747 per
1730 4656 1848 4747 diece;

676 4779 780 4874 quasi
806 4778 921 4852 dicat:
949 4775 1102 4851 reddidit
1122 4775 1188 4849 sibi
1206 4773 1381 4869 optimam
1402 4773 1594 4868 rationem,
1612 4773 1748 4848 scilicet
1768 4773 1848 4847 eri·

739 5054 767 5120 (¹)
783 5055 813 5105 E.
830 5055 987 5118 improbum.
