4342 6692
668 888 738 959 hil
1026 900 1231 957 courururr
1256 898 1479 955 runonroau

664 1052 749 1142 ptus
774 1044 821 1119 ad
845 1045 1037 1121 servitium
1064 1066 1191 1121 meum
1217 1045 1312 1121 sicut
1338 1044 1449 1120 modo
1464 1043 1618 1139 jurasti3
1636 1046 1759 1119 dimmt
1778 1046 1839 1117 cle

665 1162 836 1257 tropon
857 1162 986 1258 percle*
1007 1167 1170 1239 dintortn'
1197 1168 1232 1239 d
1245 1168 1380 1241 coam
1408 1184 1496 1239 coro
1526 1168 1585 1237 oct
1613 1167 1703 1256 diro,
1733 1164 1836 1257 idest,

666 1285 850 1379 loquendo
876 1284 1102 1360 familiariter
1126 1305 1288 1379 mecum,
1309 1285 1411 1359 velut
1435 1284 1465 1357 si
1489 1284 1578 1359 alias
1603 1283 1732 1359 luisses
1757 1304 1839 1359 me-

667 1426 766 1500 cum,
784 1428 802 1478 c
820 1409 879 1479 aet
892 1408 1071 1496 quondm,
1089 1407 1192 1481 velut
1207 1406 1236 1480 si
1255 1405 1368 1481 velles
1384 1425 1609 1501 cognoscere
1630 1426 1704 1499 me,
1724 1422 1836 1499 quem

667 1532 793 1603 tamen
818 1546 1023 1620 numquam
1050 1526 1178 1601 vidisti.
1206 1528 1249 1599 Et
1273 1525 1396 1601 subdit
1423 1533 1532 1623 poeta
1562 1527 1835 1621 responsionem

667 1668 774 1722 suam
798 1646 845 1720 ad
870 1667 970 1739 curn,
995 1647 1138 1723 dicens:
1160 1668 1181 1721 s
1202 1651 1238 1721 io
1263 1668 1289 1720 a
1312 1649 1374 1738 lui,
1394 1649 1536 1743 supple,
1561 1648 1729 1743 respondi
1746 1647 1838 1723 Gui-

667 1765 775 1839 doni:
808 1769 833 1839 o·
864 1769 955 1840 dotct
987 1768 1062 1839 ditti
1093 1770 1215 1857 coslai,
1249 1767 1382 1863 scripta
1414 1766 1452 1843 in
1488 1767 1609 1860 cartis,
1634 1770 1695 1841 cto
1724 1771 1839 1860 saraa

668 1888 747 1959 caat
774 1906 910 1959 orrcora
934 1890 949 1959 t
972 1890 1050 1961 loro
1074 1888 1267 1978 cumdem,
1293 1886 1396 1979 idest,
1421 1886 1556 1979 literas,
1590 1888 1677 1981 quia
1703 1887 1839 1963 scilicet

668 2012 779 2081 erunt
803 2005 840 2079 in
861 2006 979 2101 pretio
996 2012 1033 2081 et
1050 2006 1311 2101 laudabuntur,
1337 2014 1468 2103 manto
1484 1999 1619 2082 dnrcrd
1635 2012 1735 2081 l'aco
1760 2028 1838 2081 mo

669 2128 793 2219 denno,
813 2126 914 2219 idest,
933 2126 1111 2221 quamdiu
1131 2126 1279 2202 durabit
1295 2127 1419 2203 dicere
1435 2127 1472 2201 in
1490 2129 1663 2225 rhythmo
1680 2148 1755 2222 quo
1772 2126 1838 2202 de·

668 2247 850 2321 lactantur
875 2247 1053 2322 moderni.
1067 2288 1118 2302 -
1135 2252 1166 2321 0
1186 2252 1291 2342 frate.
1313 2249 1378 2323 llic
1403 2254 1514 2344 poeta
1538 2248 1676 2323 inducit
1700 2248 1838 2323 dictum

669 2366 873 2442 (luidonem
898 2368 1090 2443 laudatum
1114 2368 1164 2443 ah
1188 2389 1246 2463 eo,
1271 2369 1318 2444 ad
1344 2368 1678 2445 commendandum
1706 2390 1839 2463 quem·

670 2487 754 2561 darn
781 2487 946 2582 spiritum
976 2487 1208 2581 modernum,
1234 2510 1348 2583 quem
1373 2490 1522 2585 proalert
1546 2489 1613 2565 sihi
1638 2496 1677 2564 et
1699 2490 1779 2563 aliis
1793 2489 1839 2563 ‘in

669 2613 751 2681 arte
768 2606 984 2683 inveniendi.
1002 2607 1055 2681 hd
1073 2608 1180 2683 cuius
1196 2607 1441 2705 arguitionem
1463 2609 1547 2683 volo
1564 2615 1602 2683 te
1617 2593 1722 2699 scire,
1739 2608 1837 2703 quod

669 2727 738 2801 iste
763 2748 920 2823 magnus
945 2727 1114 2803 inventor
1139 2727 1207 2804 luit
1232 2728 1383 2822 quidam
1413 2728 1644 2823 provincialis
1672 2735 1838 2823 tempore

669 2846 875 2944 Raymundi
909 2847 1120 2943 Berengerii
1153 2848 1239 2923 honi
1272 2848 1415 2923 comitis
1447 2849 1659 2945 provinciae,
1690 2849 1838 2923 nomine

668 2966 861 3061 Arnaldus,
887 2968 1222 3064 cognominavero
1247 2969 1384 3061 Daniel,
1411 2970 1468 3043 vir
1499 2968 1649 3065 quidem
1677 2968 1837 3061 curialis,

669 3086 830 3182 prudens
842 3093 880 3161 et
892 3108 1017 3183 sagax,
1031 3088 1095 3182 qui
1113 3086 1252 3163 invenit
1269 3089 1385 3164 multa
1402 3097 1440 3165 et
1456 3090 1584 3185 pulcra
1600 3090 1694 3164 dicta
1709 3091 1839 3185 vulga-

670 3206 743 3301 ria;
769 3227 792 3281 a
817 3226 892 3299 quo
918 3207 1117 3282 Petrarcha
1138 3208 1321 3282 latehatur
1338 3216 1467 3303 sponte
1492 3230 1533 3285 se
1556 3210 1740 3304 accepisse
1757 3228 1837 3283 mo·

668 3325 757 3401 dum
787 3332 825 3401 et
856 3326 979 3401 stilum
1006 3327 1198 3403 cantilenae
1222 3328 1269 3403 de
1293 3334 1455 3422 quatuor
1486 3329 1677 3426 rhythmis,
1702 3337 1740 3403 et
1765 3350 1836 3405 non

669 3445 843 3521 alluuie.
869 3446 944 3539 llic,
970 3446 1060 3521 dum
1087 3447 1267 3523 sonuisset
1290 3448 1328 3521 in
1359 3454 1585 3544 paupertate,
1611 3448 1694 3525 lecit
1723 3448 1837 3523 canti·

669 3566 790 3653 lenam
816 3566 1091 3660 pulcerrimum,
1116 3588 1230 3659 quam
1257 3568 1354 3642 misit
1374 3590 1441 3663 per
1467 3569 1637 3642 nuntium
1662 3590 1773 3642 suum
1790 3569 1836 3641 ad

670 3705 798 3783 regem
823 3685 997 3779 Franciae,
1019 3686 1169 3781 hugliae,
1188 3688 1288 3761 etad
1312 3687 1402 3763 alios
1428 3688 1607 3783 principes
1632 3687 1837 3779 occidentis,

670 3825 816 3899 rogans,
843 3812 884 3879 ut
908 3805 1222 3899 quemadmodum
1239 3806 1316 3901 ipse
1332 3828 1419 3883 cum
1437 3828 1594 3903 persona
1609 3809 1759 3903 juverat
1774 3826 1838 3881 eos

668 3924 919 4021 delectatione,
940 3925 991 4001 ita
1009 3925 1075 4020 ipsi
1093 3946 1180 4001 curn
1207 3926 1355 4002 fortuna
1379 3949 1448 4003 sua
1468 3930 1645 4023 juvarent
1660 3950 1747 4003 cum
1766 3928 1837 3999 uti-

669 4043 781 4119 litato.
806 4045 899 4119 Cum
925 4053 1050 4121 autem
1069 4045 1221 4120 nuntius
1245 4055 1327 4141 post
1351 4048 1421 4121 hoc
1447 4054 1667 4143 reportasset
1684 4048 1836 4121 mulum

668 4165 886 4259 pecuniam,
902 4165 991 4241 dixit
1017 4165 1216 4240 hrnaldus:
1243 4166 1349 4241 Nunc
1373 4166 1491 4260 video,
1518 4168 1616 4261 quod
1642 4167 1740 4241 Deus
1764 4186 1837 4243 nou

670 4285 749 4358 vult
774 4304 835 4359 me
859 4284 1130 4379 derelinquere.
1154 4286 1199 4359 Et
1223 4287 1398 4362 contiuuo
1426 4293 1575 4382 sumpto
1605 4286 1729 4361 hahitu
1757 4306 1838 4361 mo·

670 4403 807 4479 nastico
832 4404 1054 4499 parcissimae
1079 4405 1163 4481 rita
1186 4426 1334 4499 semper
1359 4406 1436 4481 luit
1467 4407 1522 4481 hd
1551 4407 1695 4481 literam
1724 4426 1838 4502 ergo;

669 4524 755 4598 dicit
771 4532 898 4620 poeta:
916 4527 1022 4618 dhre,
1042 4525 1102 4601 ille
1116 4524 1235 4600 Guido
1252 4526 1361 4599 mihi:
1373 4529 1495 4618 quest,
1511 4526 1575 4619 qui
1594 4533 1650 4601 est
1671 4525 1706 4599 in
1723 4526 1838 4601 socic-

670 4650 744 4719 tate
771 4665 853 4719 mea
879 4645 927 4719 oh
952 4645 1071 4719 simile
1093 4645 1234 4738 vitium,
1250 4648 1345 4719 clt'to
1362 4648 1389 4719 o·
1405 4667 1544 4738 acerno,
1564 4645 1666 4738 idest,
1689 4644 1839 4719 ostendo
1973 4654 1977 4658 ’

671 4764 745 4858 tihi,
771 4768 827 4837 cot
849 4768 934 4858 dito,
961 4771 1000 4860 fu
1035 4768 1177 4857 mtptior
1208 4766 1351 4859 latmo,
1377 4766 1479 4859 idest,
1504 4766 1635 4840 artilex
1660 4771 1698 4839 et
1723 4763 1837 4859 magi·
1929 4735 1935 4751 ³

670 4891 758 4977 ster,
788 4887 845 4957 del
871 4888 1002 4977 parler
1027 4894 1199 4977 maleno,
1225 4883 1326 4979 idest,
1354 4886 1508 4983 vulgari.
1539 4885 1582 4959 Et
1612 4891 1709 4978 nom,
1740 4882 1837 4978 quod

670 5004 840 5097 quamvis
869 5005 994 5101 lingua
1027 5005 1255 5100 provincialis
1285 5025 1357 5079 non
1389 5006 1434 5079 sit
1465 5008 1604 5101 pulcra,
1635 5013 1757 5079 tamen
1781 5012 1838 5079 est
