4342 6692
760 882 898 940 murus
922 883 1095 942 ocravus.
1441 875 1513 944 tet

341 1049 387 1106 er
414 1030 495 1123 hoc,
515 1022 645 1122 ponte*
668 1035 889 1122 quorumque
913 1036 1030 1122 puoto
1055 1049 1143 1104 orco
1158 1037 1283 1125 saeuo,
1303 1031 1395 1106 idest
1411 1030 1512 1127 quic·

272 1173 276 1180 ·
341 1149 429 1248 qnid
453 1148 590 1226 coelum
616 1146 739 1245 dirigit
763 1149 901 1226 virtute
927 1169 1007 1244 sua,
1027 1153 1115 1226 cade
1137 1152 1291 1245 dr'spmto
1317 1173 1341 1225 a
1359 1173 1515 1246 procac-

341 1275 423 1348 duto
445 1273 537 1365 [ἔπος
554 1269 652 1344 unde
669 1268 754 1344 nihil
776 1274 832 1344 est
848 1269 986 1344 bonnm
1007 1269 1075 1346 nisi
1096 1289 1163 1366 per
1182 1291 1333 1348 causam
1355 1271 1512 1367 dualem,
1599 1357 1603 1365 ⁴

340 1393 434 1468 sicut
460 1411 521 1466 ars
546 1388 770 1466 medicinalis
794 1389 841 1466 od
867 1389 1073 1485 sanitatem,
1091 1396 1129 1466 et
1145 1391 1311 1466 militaris
1326 1391 1373 1467 ad
1398 1391 1514 1466 ricto·

340 1512 446 1608 riam,
460 1531 481 1586 a
500 1508 618 1604 simili,
635 1501 666 1582 sl
681 1529 777 1583 conte
793 1529 896 1584 cocco
911 1512 949 1586 tu
964 1531 1029 1586 suo
1045 1531 1155 1602 separo
1170 1512 1310 1603 dueta,
1323 1530 1407 1605 qure
1423 1509 1515 1586 dlla·

292 1631 302 1646 '
341 1637 440 1708 tatur
465 1630 546 1726 plus
572 1633 609 1704 et
625 1627 748 1703 minus
767 1628 970 1704 secundum
989 1629 1188 1725 potentiam
1207 1638 1350 1706 naturae
1362 1651 1450 1705 suae.
1465 1667 1514 1686 -·-

341 1755 385 1826 Sc
396 1742 459 1826 eid.
474 1749 539 1824 llic
551 1749 703 1824 Carolus
720 1749 851 1844 probat
868 1750 1098 1845 praemissum
1117 1751 1333 1846 principium
1348 1771 1414 1847 per
1431 1751 1513 1844 troc,

341 1872 440 1967 qnod
464 1871 534 1946 isto
558 1869 744 1946 destructo
774 1877 995 1965 sequeretur
1025 1869 1225 1946 destructio
1257 1879 1294 1945 et
1324 1869 1513 1966 perversio

342 1991 502 2068 universi
514 1983 567 2084 (¹l3
587 1989 687 2066 unde
705 1989 805 2064 dicit:
826 1994 870 2064 Se
886 1982 940 2064 cld
960 2011 1033 2064 uon
1052 1994 1160 2083 soree,
1177 1998 1401 2086 sequeretur
1417 1989 1513 2066 istud

340 2111 609 2206 inconveniens,
629 2115 657 2186 it
674 2113 739 2186 ciet
753 2114 813 2185 clte
830 2117 865 2184 tu
882 2115 1065 2205 cammtue,
1083 2111 1187 2207 idest,
1211 2131 1278 2208 per
1295 2113 1393 2207 quod
1411 2111 1513 2188 radis

342 2231 548 2308 mentaliter
573 2229 853 2326 contemplando
881 2231 1058 2307 mirabilia
1085 2251 1198 2326 opera
1224 2233 1315 2327 eius,
1336 2235 1513 2325 prolime-

339 2344 494 2426 retineri
518 2354 544 2426 tl
566 2354 643 2426 suoi
666 2356 779 2445 effcttl,
798 2354 858 2426 cle
879 2372 950 2426 oon
966 2353 1133 2426 surcbbcr
1157 2355 1230 2426 orti
1253 2372 1315 2426 nra
1338 2355 1448 2426 nunc.
1467 2353 1512 2426 Et

341 2472 470 2568 probat
496 2473 565 2546 hoc
590 2491 671 2548 esse
696 2470 917 2566 impossibile
943 2471 1084 2546 ratione
1109 2469 1409 2566 demonstrativa,
1426 2453 1511 2566 quia

343 2591 388 2668 ad
416 2591 488 2667 tale
513 2611 690 2688 magnum
709 2591 967 2666 inconveniens
985 2596 1206 2685 sequeretur
1222 2590 1319 2666 aliud
1337 2591 1457 2666 maius
1477 2601 1514 2668 et

339 2710 438 2786 aliud
465 2710 681 2785 maximum.
708 2710 811 2785 Unde
836 2708 943 2784 dicit:
964 2732 983 2783 c
999 2706 1053 2784 oid
1069 2731 1162 2785 esser
1178 2731 1251 2784 nou
1262 2701 1336 2802 pud
1352 2731 1389 2782 sc
1403 2711 1514 2800 prro-

340 2833 465 2925 lcltctti,
491 2831 582 2906 idest
607 2829 864 2926 intelligentie,
890 2832 949 2904 cle
973 2851 1124 2904 muocon
1148 2837 1262 2924 poeste
1291 2833 1397 2922 stelle,
1422 2829 1513 2905 idest

341 2953 450 3030 orbes
484 2953 713 3048 planetarum
745 2957 783 3026 et
814 2951 1015 3044 stellarum,
1046 2971 1120 3024 nou
1147 2971 1214 3024 roo
1246 2953 1395 3042 maneti,
1421 2950 1513 3026 idest

340 3071 518 3166 delectiri,
545 3093 564 3144 c
588 3089 713 3144 manco
736 3072 764 3143 tl
783 3073 916 3162 primo,
937 3069 1072 3146 scillcet
1087 3070 1199 3165 Dens,
1216 3071 1280 3165 qui
1298 3076 1353 3146 est
1371 3069 1511 3166 primus

339 3191 544 3266 intellectus
569 3196 607 3264 ct
630 3188 771 3284 primus
798 3194 930 3283 motor,
955 3192 1014 3264 cte
1037 3190 1513 3285 conprimendum

340 3331 413 3386 non
438 3310 522 3386 lecit
546 3309 697 3406 angelos
722 3309 912 3404 perlectus,
930 3310 993 3405 qul
1015 3317 1140 3385 tamen
1166 3316 1252 3384 sunt
1277 3311 1512 3406 perfectiores

266 3481 274 3498 .
338 3431 438 3506 omni
468 3437 650 3506 creatura.
684 3429 728 3504 Et
762 3430 848 3525 quia
883 3431 952 3505 hoc
984 3430 1130 3506 videtur
1160 3431 1246 3506 satis
1271 3431 1512 3525 declaratum,

338 3550 423 3626 dicit
447 3550 624 3625 Carolus:
651 3553 729 3624 orro'
749 3558 784 3625 tu
808 3553 868 3626 clrc
893 3558 1010 3644 questo
1042 3571 1139 3644 vcro,
1165 3551 1268 3648 idest,
1295 3552 1510 3648 principium

337 3671 641 3764 demonstratum,
662 3667 726 3764 piri
752 3676 777 3746 ti
800 3676 827 3744 ε’
842 3674 1027 3747 imbluoclri
1033 3679 1052 3746 7
1077 3672 1180 3766 idest,
1207 3673 1324 3770 magis
1348 3673 1512 3748 declare-

339 3797 401 3866 tur
426 3789 489 3864 tibi
515 3790 584 3868 alia
611 3789 781 3864 ratione?
812 3791 856 3863 Et
882 3792 982 3884 ponit
1013 3791 1284 3886 responsionem
1311 3811 1430 3884 suam,
1456 3790 1510 3865 di·

339 3931 448 3988 cens:
475 3916 509 3984 ct
529 3913 585 3984 lo:
611 3910 749 4005 supple,
770 3910 946 4004 diniaco
970 3901 1043 4002 ρι’ὰ,
1059 3912 1165 4004 quasi
1183 3910 1290 4004 dicat,
1309 3917 1410 3986 certe
1427 3911 1511 3986 uolo

338 4031 447 4106 allam
473 4029 739 4126 probationem,
770 4025 831 4104 clui
860 4031 1066 4123 impossibile
1095 4033 1231 4122 coppo,
1262 4031 1390 4126 supple
1418 4049 1510 4123 esse,

338 4153 398 4224 clrc
423 4154 460 4225 ta
483 4155 614 4224 murra
630 4153 668 4224 iu
685 4153 764 4242 quet
778 4144 856 4224 clt’d
869 4169 962 4243 copo
976 4152 1125 4242 amacii,
1142 4150 1246 4244 idest,
1263 4150 1362 4245 quod
1378 4157 1509 4226 natura

338 4270 482 4348 deficiat
507 4271 544 4348 in
562 4269 775 4346 necessariis
793 4270 887 4346 sicut
904 4276 1059 4346 testatur
1077 4271 1311 4367 philosophus
1330 4271 1365 4344 ln
1387 4270 1513 4345 multis

339 4391 437 4468 locis.
463 4391 507 4464 llt
532 4391 591 4466 tric
615 4397 701 4465 nota
728 4389 827 4485 quod
853 4397 986 4466 natura
1018 4411 1092 4464 nou
1123 4390 1244 4465 delicit
1273 4390 1310 4465 in
1343 4411 1511 4466 necessa·

339 4509 413 4606 riis,
439 4509 526 4604 quia
550 4510 648 4585 dedit
673 4509 810 4584 homini
830 4509 1008 4586 rationem
1028 4527 1095 4605 per
1113 4529 1226 4605 quam
1246 4515 1365 4605 potest
1382 4511 1511 4604 acqui·

339 4649 425 4706 rere
449 4650 598 4706 omnem
624 4637 756 4724 artem,
774 4635 812 4704 et
832 4650 897 4725 per
915 4649 1145 4724 consequens
1165 4629 1288 4704 omnia
1306 4630 1508 4706 necessaria

338 4770 550 4846 procurare.
582 4750 626 4824 ut
659 4757 790 4824 natura
827 4771 1017 4844 nunquam
1049 4749 1197 4842 fallitur,
1231 4749 1315 4824 licet
1344 4771 1417 4823 non
1446 4771 1511 4826 ro-

400 5009 430 5075 (¹l
445 5011 476 5060 E.
491 5011 604 5061 nnlrerrl
621 5011 728 5074 mundl;
746 5012 823 5062 unde.

474 5117 511 5162 Π.
1349 5117 1376 5162 33
