4342 6692
613 894 754 950 caurus
779 896 969 951 uossruus
994 896 1188 950 secuunus.
1439 883 1484 950 33

311 1043 453 1137 plenus,
478 1039 569 1114 dello
602 1061 688 1113 vcro
720 1043 908 1132 credendo,
943 1040 1026 1116 fidei
1058 1041 1275 1136 christiana,
1300 1045 1487 1134 seminato,

311 1163 411 1257 quod
436 1182 563 1238 semen
588 1161 809 1258 germinavit
835 1163 1065 1256 miraculose,
1089 1183 1156 1255 per
1173 1164 1200 1235 ii
1216 1168 1391 1256 marseppi
1414 1167 1488 1238 del·

312 1285 336 1354 l’
348 1289 467 1354 eterno
501 1302 625 1374 repno,
657 1280 759 1375 idest,
790 1301 856 1384 per
889 1281 1071 1377 apostolos
1103 1282 1233 1356 missos
1269 1284 1317 1357 ab
1349 1291 1489 1360 aeterno

317 1421 425 1498 rego;
452 1423 538 1487 nam
565 1401 750 1496 apostolus
776 1400 1038 1496 interpetratur
1064 1401 1197 1475 missus
1206 1427 1216 1496 3
1243 1424 1262 1475 e
1291 1407 1327 1475 lu
1355 1407 1489 1495 parole

314 1529 376 1594 tuo
400 1542 511 1614 sopra
541 1528 688 1612 wccum,
718 1520 820 1615 idest,
854 1521 994 1595 dictum
1029 1527 1137 1594 tuum
1171 1522 1275 1615 quasi
1302 1523 1488 1617 propheti·

313 1663 412 1736 cum,
437 1646 469 1716 si
491 1663 693 1716 consonano
718 1645 756 1715 oi
779 1645 886 1716 ononi
905 1645 1117 1736 predicanti,
1137 1643 1283 1736 scilicet,
1303 1643 1486 1738 apostolis,

315 1763 378 1856 qui
411 1763 580 1837 dicebant
612 1763 796 1836 Christum
830 1762 972 1858 virgine
1003 1769 1151 1838 natum:
1184 1770 1221 1838 et
1251 1784 1339 1838 vere
1371 1764 1486 1838 rerba

316 1883 453 1979 Virgilii
480 1882 565 1958 satis
592 1882 762 1956 ridentur
787 1902 946 1956 consona
966 1882 1070 1974 fidei3
1100 1890 1224 1958 tamen
1250 1883 1360 1958 credo
1387 1882 1486 1977 quod

313 2003 434 2100 potius
467 2003 643 2100 intelligat
675 2003 721 2077 de
750 2003 917 2100 Augusto
950 2025 1063 2098 quam
1096 2003 1143 2078 de
1174 2003 1327 2098 Christo,
1357 2007 1488 2077 ond’io

314 2147 339 2198 o
377 2128 525 2199 mutarit
555 2127 651 2218 presi
683 2131 805 2214 usam,
840 2123 948 2216 idest,
985 2124 1299 2200 cousuetudinem.
1323 2166 1373 2180 -
1400 2130 1487 2198 Ven-

314 2249 437 2320 ncrmi.
456 2246 521 2320 llic
541 2245 676 2319 Statius
695 2245 853 2320 ostendit
870 2265 977 2318 suam
995 2244 1263 2340 dispositionem
1282 2265 1372 2343 erga
1389 2245 1488 2318 cbri-

314 2369 449 2442 stianos
483 2373 651 2460 tempore
683 2365 888 2439 Domitiani.
923 2366 968 2439 ut
1001 2366 1047 2439 ad
1080 2366 1351 2462 intelligendam
1392 2367 1487 2440 benc

314 2489 423 2562 istam
450 2487 605 2579 literam,
633 2487 716 2560 volo
742 2493 778 2560 te
803 2485 897 2560 scire
932 2484 1031 2578 quod
1060 2484 1288 2559 Domitianus
1319 2485 1388 2560 iste
1422 2485 1489 2558 luit

316 2607 542 2682 tristissimus
556 2599 592 2698 (¹)
620 2605 830 2698 hominum;
857 2625 942 2678 nam
971 2604 1187 2680 exercitium
1213 2625 1404 2679 armorum
1424 2625 1490 2678 ne·
1571 2614 1573 2619 '

315 2729 443 2826 glexit‚
470 2726 693 2822 sagiptarum
711 2716 749 2817 (²)
775 2732 898 2800 tamen
920 2725 1172 2820 peritissimus,
1190 2726 1253 2819 qui
1271 2726 1368 2798 circa
1389 2724 1489 2798 initia

316 2844 540 2943 principatus
564 2845 727 2938 quotidie
744 2845 885 2920 secrete
902 2845 1046 2940 petebat
1063 2865 1263 2939 cameram,
1284 2851 1322 2918 et
1342 2865 1488 2918 muscas

315 2968 398 3042 stilo
423 2965 634 3042 acutissimo
659 2963 874 3062 contigebat.
892 2965 994 3040 Unde
1011 2964 1157 3038 cuidam
1179 2965 1418 3060 interroganti
1438 2985 1487 3037 an

315 3087 446 3182 aliquis
472 3091 568 3162 esset
592 3085 690 3158 intus
719 3104 804 3158 cum
840 3085 1074 3180 imperatore,
1100 3085 1194 3158 alius
1224 3105 1297 3158 non
1327 3083 1487 3158 absurde

316 3206 519 3301 respondit:
547 3226 615 3280 nec
641 3225 767 3278 musca
795 3204 954 3298 quidem.
972 3205 1103 3278 Multas
1119 3211 1157 3278 et
1175 3225 1327 3302 magnas
1352 3203 1488 3278 crude-

316 3329 434 3402 litates
460 3327 554 3419 lecit,
575 3325 740 3399 similiter
758 3325 921 3420 rapinas;
939 3325 1152 3399 luxuriosus
1175 3346 1308 3419 porcus
1328 3325 1405 3418 luit,
1424 3324 1487 3419 qui

316 3447 428 3523 liliam
446 3445 567 3521 iratris
585 3445 765 3542 virginem
784 3445 958 3540 corrupit,
973 3445 1121 3520 vivente
1132 3445 1253 3520 adbuc
1270 3452 1375 3540 patre
1392 3444 1488 3536 Tito;

316 3569 498 3665 superbus
523 3572 561 3641 et
585 3587 703 3640 rantis
729 3566 846 3660 nimis,
875 3565 971 3640 unde
996 3587 1018 3639 a
1043 3567 1220 3662 principio
1250 3566 1393 3662 imperii
1423 3567 1490 3639 ba·

315 3692 396 3766 buit
421 3690 543 3764 dicere
561 3688 598 3760 iu
616 3691 744 3762 senatu
764 3706 804 3761 se
824 3685 964 3761 dedisse
981 3687 1176 3782 imperium
1202 3686 1294 3781 patri
1315 3693 1352 3760 et
1375 3684 1489 3780 fratri,

316 3818 354 3886 et
379 3811 450 3886 alia
476 3809 556 3883 vice
582 3807 665 3881 iecit
690 3806 919 3901 proclamare
944 3807 980 3879 in
1007 3814 1135 3882 senatu
1168 3829 1233 3901 per
1258 3793 1486 3901 preconem:

317 3931 493 4008 Dominus
519 3935 557 4004 et
581 3929 679 4002 Deus
706 3917 878 4018 vesteri³l
907 3927 957 4001 sic
974 3927 1052 4002 lieri
1065 3927 1191 4022 jubet3
1213 3927 1424 4022 praecipiens
1442 3945 1489 4000 nc

318 4071 489 4129 sermone
514 4051 573 4124 vel
599 4047 733 4142 scripto
758 4046 911 4121 alicuius
928 4047 1034 4120 aliter
1054 4048 1321 4142 appellaretur3
1338 4055 1488 4140 propter

319 4193 403 4269 quae
428 4167 596 4244 terribilis
622 4174 659 4242 et
683 4165 830 4240 odiosus
857 4166 973 4240 lactus
999 4174 1055 4240 est
1079 4165 1260 4240 omnibus.
1279 4165 1381 4239 Unde
1398 4185 1488 4238 con-

319 4291 453 4368 iuratio
478 4291 572 4363 lacta
598 4293 653 4362 est
678 4287 714 4360 in
740 4305 827 4360 eum
855 4306 920 4381 per
945 4286 1094 4360 libertos
1118 4285 1257 4360 amicos
1279 4285 1425 4357 intimos
1451 4290 1488 4358 et

319 4431 492 4502 uxorem3
507 4396 587 4500 etl‘)
602 4408 806 4480 multorum
820 4405 947 4502 gladiis
965 4405 1166 4480 trucidatus
1181 4412 1247 4479 est.
1262 4404 1374 4478 Cuius
1389 4425 1489 4477 mor-

317 4541 394 4608 tem
419 4537 523 4626 pater
548 4527 790 4624 Vespasianus
812 4525 976 4620 jocunde
1007 4525 1248 4620 praedircrat:
1276 4546 1362 4599 cum
1389 4525 1486 4599 enim

319 4653 433 4730 semel
460 4651 518 4724 ille
543 4649 580 4723 in
605 4667 711 4722 coena
731 4647 931 4721 abstineret
955 4667 977 4720 a
1003 4646 1135 4742 iungis,
1152 4645 1262 4719 dixit:
1281 4666 1399 4739 quare
1416 4666 1490 4719 non

320 4772 439 4869 potius
465 4770 606 4845 serrum
634 4767 765 4841 times?
789 4767 895 4840 Nunc
919 4765 966 4839 ad
991 4764 1155 4858 literam3
1181 4765 1282 4840 dicit:
1309 4769 1491 4838 Vennoni

380 4956 409 5020 (¹)
425 4957 451 5007 S.
469 4957 627 5007 tristissimus
643 4955 769 5006 omnium.
833 4953 862 5016 (²)
876 4951 902 5002 S.
918 4965 933 5001 a
950 4953 981 5003 Ε.
996 4954 1155 5017 sagiptarum
1173 4958 1273 5002 tantum
1290 4951 1468 5014 peritissimus.

381 5033 410 5096 (⁸)
425 5033 451 5084 S.
467 5047 482 5083 e
499 5032 529 5084 ll.
545 5036 643 5083 noster.
833 5030 861 5094 (¹)
876 5029 907 5080 Ε.
923 5035 950 5080 et
966 5031 1070 5080 tandem
1087 5031 1241 5081 multorum.

454 5141 492 5184 lv.
1343 5136 1357 5178 8
