4342 6692
674 802 721 869 fl!
1034 812 1239 869 comm
1259 812 1483 867 ulmetum

670 963 743 1053 fise,
769 960 829 1035 dle
853 960 1035 1054 Foresius,
1061 963 1122 1033 cltc
1144 964 1196 1052 pli
1217 962 1315 1035 occlti
1337 962 1417 1032 ndei
1439 962 1472 1031 si
1491 960 1845 1053 (manumet,

670 1085 754 1174 post
780 1100 968 1155 recessrnn
994 1100 1124 1175 suum,
1149 1100 1245 1153 come
1269 1084 1307 1153 ln
1329 1086 1454 1172 morae,
1480 1078 1617 1154 scilicet
1642 1099 1733 1154 anea
1756 1079 1846 1154 tecit

674 1219 714 1275 se
739 1220 949 1295 sequacem,
975 1222 1001 1273 c
1025 1204 1056 1275 le
1076 1204 1203 1295 parole
1223 1222 1300 1292 nuc,
1324 1219 1410 1296 quic
1440 1200 1586 1275 dixerat
1610 1200 1846 1277 vaticinando

669 1316 721 1395 ¹do
756 1328 877 1396 morte
910 1320 1044 1417 Cursii3
1071 1321 1165 1416 ·qnia
1199 1320 1294 1395 sicm
1329 1340 1417 1395 cum
1447 1320 1570 1395 oculis
1608 1320 1845 1416 respiciebam

675 1438 794 1534 ipsum
821 1441 1066 1535 recedentem,
1085 1442 1134 1514 ita
1150 1460 1238 1515 cnm
1263 1447 1390 1517 mente
1410 1440 1653 1536 despiciebam
1679 1440 1727 1515 ad
1747 1442 1846 1517 rati-

676 1558 811 1633 cinium
839 1562 937 1656 eius3
959 1565 1146 1655 paroermi
1166 1565 1264 1635 rami
1286 1565 1380 1635 ἄκη
1404 1564 1498 1634 mro
1516 1582 1639 1654 pomo,
1660 1561 1767 1656 idest,
1783 1584 1846 1637 arb

676 1678 775 1753 ltoris
799 1682 1000 1776 pomilerae,
1023 1684 1180 1773 movim,
1205 1681 1308 1776 idest,
1332 1680 1467 1774 onusti,
1500 1682 1596 1776 pleni
1625 1682 1751 1757 multis
1774 1703 1846 1777 po·

677 1799 757 1894 mis,
782 1822 802 1872 e
823 1804 950 1895 aivam,
977 1801 1079 1896 idest,
1105 1802 1267 1876 virentes
1294 1808 1448 1897 propter
1470 1822 1612 1895 aquam
1640 1809 1845 1897 recentem,

676 1942 761 2015 quse
785 1923 959 1997 continuo
984 1923 1113 2020 irrigat
1139 1943 1213 1999 eos.
1239 1924 1284 1997 ttt
1308 1923 1450 1998 dioitzc
1472 1943 1545 1996 noo
1568 1926 1674 1997 nwdo
1699 1926 1845 2015 wolon,

675 2042 778 2136 idest,
805 2042 914 2139 longe
930 2064 953 2117 a
970 2063 1042 2137 me,
1064 2065 1133 2136 per
1149 2065 1243 2118 esscr
1256 2065 1328 2137 pur
1344 2047 1463 2118 allona
1481 2046 1574 2117 culm
1588 2047 1628 2117 in
1645 2046 1726 2135 loci,
1742 2042 1845 2138 idest,

674 2165 713 2235 in
739 2154 789 2255 tt,
815 2162 918 2258 quasi
945 2163 1058 2238 dicat:
1086 2164 1180 2237 rami
1204 2160 1348 2239 arboris
1364 2171 1472 2239 eraut
1491 2164 1578 2237 milri
1598 2162 1848 2258 sutispropirk

678 2282 753 2378 qui,
780 2283 843 2357 sed
868 2304 942 2357 non
967 2284 1235 2379 perpenderem
1258 2284 1376 2378 citius,
1394 2285 1481 2378 quia
1505 2284 1697 2359 veniebam
1724 2282 1849 2357 conie-

677 2403 793 2478 rcudo
818 2425 904 2478 cum
930 2403 1097 2497 Foresi03
1122 2402 1254 2478 deinde
1279 2404 1516 2499 respiciebam
1533 2410 1719 2499 postcom
1743 2412 1848 2477 roue-

677 2523 846 2599 dentem:
873 2544 949 2618 quo
979 2524 1197 2619 disparente,
1223 2524 1393 2619 apparuit
1417 2522 1506 2597 milri
1531 2543 1627 2597 nova
1647 2523 1776 2596 arbor.
1798 2521 1847 2594 lit

677 2644 737 2719 hic
762 2652 847 2719 nota
874 2645 971 2739 quod
1002 2644 1069 2719 ista
1098 2646 1211 2719 arbor
1240 2645 1399 2719 secunda
1434 2651 1491 2719 est
1520 2643 1687 2718 similiter
1711 2662 1847 2717 eversu

677 2764 772 2840 sicut
804 2766 935 2860 prima,
966 2772 1004 2839 ct
1028 2766 1070 2838 'in
1101 2764 1274 2839 omnibus
1305 2764 1509 2839 simillima:
1534 2771 1572 2838 et
1604 2770 1711 2859 poeta
1744 2762 1848 2858 punit

677 2886 764 2959 istos
781 2886 876 2960 intra
902 2885 994 2959 duas
1019 2884 1190 2959 arbores:
1209 2885 1272 2960 sed
1299 2886 1365 2958 ista
1388 2883 1551 2958 secunda
1568 2881 1848 2976 videturmagis
1876 2896 1879 2903 ·

678 3006 846 3082 cruciare
872 3026 982 3100 quam
1004 3004 1135 3100 prima,
1166 3004 1364 3098 sortequia
1381 3004 1499 3099 prima
1517 3002 1673 3098 punitio
1697 3010 1848 3098 quanto,

678 3126 839 3201 secunda
865 3126 900 3199 in
926 3125 1046 3218 quali3
1077 3125 1136 3200 vel
1167 3125 1252 3218 quia
1286 3123 1406 3218 prima
1435 3123 1539 3218 punit
1569 3124 1756 3218 epulones,
1789 3142 1849 3197 ss-

678 3248 799 3321 ounda
824 3254 1010 3342 potatores
1030 3247 1093 3341 qui
1113 3245 1229 3341 magis
1248 3250 1411 3338 peccant,
1429 3244 1511 3318 ideo
1530 3244 1660 3317 durius
1680 3242 1849 3317 crucian-

679 3374 753 3460 tur,
774 3371 815 3438 ut
833 3366 952 3440 statim
971 3371 1069 3463 patet
1084 3361 1193 3458 dt-
1206 3367 1291 3438 Vidi.
1309 3364 1376 3439 llic
1393 3370 1498 3459 poeta
1514 3362 1686 3438 describit
1696 3383 1848 3458 poenam

680 3506 863 3560 novorum
899 3486 1116 3583 gulosorum
1146 3506 1214 3581 per
1244 3485 1506 3580 pulcerrimarn
1539 3484 1849 3579 comparationem

680 3613 717 3682 et
737 3607 980 3701 manifestam,
999 3606 1141 3681 dicens:
1167 3608 1243 3679 Vidi
1265 3607 1359 3697 penti
1381 3608 1552 3696 sott'esso,
1569 3604 1671 3698 idest,
1688 3604 1758 3678 sub
1777 3604 1851 3679 ista

680 3726 824 3801 novella
854 3727 999 3822 arbore,
1026 3730 1132 3801 atzar
1163 3729 1194 3799 le
1226 3728 1337 3816 mani,
1361 3724 1408 3799 ad
1442 3724 1648 3820 recipienda
1678 3746 1788 3820 poma
1818 3724 1850 3798 oi

680 3842 775 3917 sorte
799 3842 983 3938 caderent,
1009 3865 1027 3917 e
1051 3846 1181 3934 prtdor
1210 3864 1286 3916 non
1311 3864 1354 3916 so
1381 3845 1454 3933 cle,
1480 3849 1652 3939 rogantes
1680 3863 1748 3937 pro
1773 3846 1849 3921 Deo

681 3964 886 4039 remedium
913 3965 1087 4060 appetitui
1122 3984 1268 4059 magno,
1296 3985 1397 4037 verso
1427 3966 1460 4037 te
1486 3966 1629 4059 fronde,
1649 3964 1718 4037 nbi
1744 3972 1851 4041 erant

679 4104 790 4179 poma
817 4084 989 4178 recentia,
1008 4104 1093 4178 quac
1110 4084 1389 4180 refrigerassem
1408 4104 1544 4178 parum
1561 4089 1712 4180 guttura
1727 4076 1765 4176 θ)
1784 4104 1851 4160 so·

681 4226 766 4277 rum
793 4206 899 4300 sicca,
925 4226 948 4281 a
971 4205 1101 4279 simili:
1127 4208 1229 4297 mosi
1252 4206 1409 4277 mamosi
1436 4207 1600 4297 summitti
1623 4228 1643 4278 c
1668 4208 1767 4298 card,
1791 4209 1851 4281 cite

678 4345 852 4417 propono,
884 4325 1044 4418 aliquem
1081 4326 1276 4399 habentem
1310 4346 1464 4419 pomum
1501 4331 1539 4400 et
1575 4324 1851 4420 osurientem,

680 4448 737 4518 e’l
754 4452 906 4537 propalo
929 4466 1003 4518 oon
1027 4448 1206 4538 imponde,
1224 4444 1311 4539 quin
1333 4466 1405 4519 non
1421 4444 1576 4542 porrigit
1593 4444 1660 4518 sibi
1673 4466 1850 4540 manum3

680 4584 741 4637 ma
763 4586 829 4657 pcr
851 4570 915 4660 sor
940 4566 1023 4640 dene
1046 4588 1141 4639 esser
1166 4570 1222 4639 lor
1246 4568 1364 4656 oopliu
1396 4572 1513 4655 acuta,
1538 4564 1642 4660 idest,
1661 4572 1710 4640 'ut
1730 4566 1851 4663 magis

681 4685 857 4760 accendat
880 4686 1079 4781 appetitum
1107 4706 1253 4780 eorum,
1278 4690 1365 4761 aene
1394 4690 1466 4760 alto
1495 4690 1553 4759 lor
1575 4689 1678 4778 dido,
1702 4684 1849 4781 scilicet,

743 4947 773 5013 (¹)
786 4948 813 5000 d.
830 4950 934 5012 patebit
1146 4949 1174 5012 (¹)
1190 4951 1222 5001 ll.
1238 4951 1327 5015 gulam
1342 4964 1436 5001 eorum
1451 4951 1556 5002 siccum
