4342 6692
675 860 748 926 tot
943 911 946 918 .
1067 871 1272 926 coueuuuu
1296 870 1463 924 rsaamsr

674 1037 753 1092 rem
789 1016 855 1090 nisi
884 1023 1081 1112 cognoscat
1118 1035 1159 1091 se
1196 1015 1451 1114 ignorantem3
1486 1015 1608 1090 nullus
1639 1017 1844 1092 adiutorem

673 1134 740 1210 nisi
764 1142 959 1232 cognoscat
984 1156 1025 1210 se
1050 1127 1307 1232 impotentem
1334 1138 1446 1211 bomo
1470 1135 1568 1210 enim
1595 1142 1677 1232 post
1701 1138 1843 1232 tapsum
1917 1119 1923 1124 ’

672 1255 793 1330 adbuc
818 1253 1051 1349 superbiebat
1076 1255 1297 1331 descientia
1327 1262 1365 1331 et
1393 1255 1550 1330 virtute:
1580 1256 1663 1332 ideo
1687 1263 1769 1352 post
1792 1257 1847 1332 ie-

671 1396 757 1473 gem
793 1381 936 1449 naturae
970 1382 1007 1450 et
1041 1377 1232 1472 scripturae
1271 1377 1448 1472 subsequi
1481 1377 1606 1453 debuit
1642 1378 1847 1454 incarnatio

672 1494 792 1569 Verbi.
821 1495 911 1570 Dicit
936 1515 1044 1592 ergo:
1072 1499 1163 1572 unde
1187 1500 1351 1571 iamenu
1379 1500 1490 1590 speeie
1512 1501 1666 1592 informa
1686 1501 1846 1591 piaeque,

671 1613 776 1711 gravi
808 1613 1019 1689 infirmitate
1047 1616 1270 1710 animorum,
1297 1637 1382 1711 quae
1411 1617 1515 1712 peior
1547 1611 1716 1710 multo(¹)
1744 1619 1846 1692 intir-

671 1733 798 1809 mitate
823 1754 1033 1830 corporum,
1058 1739 1096 1810 in
1119 1739 1259 1827 munde
1282 1758 1421 1828 errore,
1447 1758 1591 1834 magnae
1617 1737 1844 1834 ignorantiae,

671 1861 710 1928 et
733 1854 938 1949 periculose
963 1862 1118 1952 oegrotat
1143 1857 1207 1950 qui
1232 1876 1273 1931 se
1297 1863 1481 1953 aegrotare
1508 1855 1663 1953 ignorat,
1679 1854 1751 1948 pu,
1770 1857 1843 1932 sci·

670 1975 766 2069 licet,
792 1975 830 2049 in
856 1975 993 2050 mundo
1019 1977 1175 2071 mortali,
1194 1998 1261 2070 per
1283 1979 1389 2050 secoli
1403 1979 1512 2068 motti,
1533 1975 1626 2052 idest
1642 1998 1708 2072 per
1726 1979 1840 2051 muita

669 2095 881 2170 centenaria
901 2115 1098 2190 annorum,
1117 2118 1201 2191 que
1218 2095 1355 2172 iaciunt
1372 2095 1537 2190 quinque
1558 2097 1670 2171 millia
1690 2104 1841 2172 eentum

671 2215 866 2312 nonaginta
894 2237 1038 2311 novem,
1066 2217 1148 2292 ideo
1173 2226 1371 2313 crotopus
1396 2237 1545 2291 summo
1562 2217 1725 2310 medico;
1744 2217 1842 2292 unde

669 2334 771 2410 dicit:
794 2337 846 2426 fia
870 2338 969 2408 ct'ol
991 2337 1100 2410 Verbo
1124 2340 1163 2411 ai
1177 2341 1261 2428 Dio,
1279 2338 1382 2432 idest,
1404 2337 1513 2411 unico
1529 2329 1566 2431 (²)
1594 2337 1678 2431 tilio,
1693 2341 1841 2430 piaeque

669 2458 707 2530 di
729 2459 888 2547 scender,
905 2457 1051 2551 scilicet,
1074 2458 1111 2530 in
1137 2459 1317 2533 mundum
1332 2449 1385 2552 (⁸),
1404 2459 1468 2552 qui
1494 2458 1633 2551 ubique
1657 2465 1722 2551 est,
1739 2464 1841 2532 certe

669 2575 768 2649 uenit
794 2582 836 2648 ut
861 2575 1009 2651 visibilis
1034 2585 1240 2672 appareret.
1254 2583 1349 2652 -E
1375 2581 1412 2652 ta
1435 2583 1578 2652 nubtru.
1605 2577 1670 2651 ilio
1694 2576 1840 2652 Beatrix

668 2702 764 2771 tacta
799 2696 1034 2772 damnatione
1067 2698 1224 2773 bominis
1254 2698 1425 2774 describit
1455 2698 1743 2774 incarnationem
1775 2715 1840 2791 per

668 2838 781 2912 quam
809 2818 902 2892 sacta
928 2824 983 2892 est
1009 2819 1191 2912 reparatio
1216 2819 1315 2894 eius:
1342 2820 1442 2894 solus
1458 2817 1555 2893 enim
1574 2818 1638 2912 qui
1655 2818 1723 2891 init
1739 2817 1841 2912 prin-

667 2939 804 3034 cipium
821 2938 1051 3015 causativum
1070 2946 1125 3014 eet
1142 2939 1360 3035 principium
1383 2940 1643 3031 recreativum,
1659 2938 1839 3032 Verbum,

667 3059 802 3134 scilicet
828 3058 943 3134 Patris
969 3066 1165 3153 aeternum,
1186 3059 1286 3154 quod
1306 3067 1362 3135 est
1386 3061 1551 3135 Cbristus
1567 3060 1673 3134 iesus
1698 3058 1840 3134 media-

665 3186 724 3254 tor
750 3179 813 3252 Dei
841 3185 877 3253 et
903 3178 1106 3252 bominum.
1131 3180 1173 3252 Et
1190 3179 1236 3254 ad
1254 3179 1364 3253 boios
1381 3180 1496 3254 literae
1515 3179 1616 3253 tortis
1636 3179 1840 3274 intelligen-

665 3299 754 3374 tiam
780 3305 835 3373 est
859 3298 1151 3393 praenotandum,
1178 3299 1277 3393 quod
1307 3299 1405 3374 Patri
1432 3318 1505 3374 non
1532 3297 1703 3373 convenit
1732 3297 1838 3391 mitti,

665 3419 752 3513 quia
777 3440 851 3493 non
876 3424 931 3493 est
956 3419 1004 3494 ab
1028 3419 1101 3514 illo,
1128 3439 1195 3494 nec
1220 3419 1369 3513 Spiritui
1394 3425 1530 3512 sancto,
1550 3439 1597 3493 ne
1623 3424 1744 3493 essent
1762 3417 1838 3492 duo

665 3537 727 3611 iiiii
752 3539 789 3611 in
815 3537 986 3633 trinitate,
1015 3561 1113 3613 unus
1139 3539 1174 3613 in
1201 3540 1442 3633 humanitate,
1467 3539 1561 3612 alius
1583 3537 1833 3612 indivinitate.

663 3660 825 3734 Persona
852 3659 965 3754 igitur
991 3658 1052 3733 tilii
1078 3666 1134 3734 est
1159 3659 1358 3754 incarnata,
1377 3667 1419 3733 ut
1444 3659 1540 3734 idem
1562 3659 1626 3753 qui
1641 3663 1721 3734 erat
1740 3656 1835 3732 iiiios

663 3779 700 3853 in
725 3777 924 3873 divinitate,
950 3786 1046 3854 esset
1071 3779 1166 3853 iilius
1190 3781 1228 3854 in
1254 3780 1492 3855 humanitate.
1523 3781 1611 3854 Erat
1634 3779 1745 3854 etiarn
1769 3777 1836 3852 de-

664 3919 751 3974 cens
778 3906 819 3972 ut
843 3899 937 3974 sicut
962 3905 1066 3994 pater
1092 3899 1272 3974 mundum
1300 3899 1384 3974 iecit
1399 3919 1466 3994 per
1482 3899 1696 3993 sapientiam
1716 3917 1837 3990 suam,

662 4021 712 4094 ita
738 4039 804 4114 per
839 4019 1008 4095 eamdem
1043 4019 1242 4094 redimeret
1268 4019 1410 4114 ipsum3
1434 4026 1472 4094 et
1501 4019 1588 4114 quia
1619 4019 1656 4092 in
1687 4017 1836 4092 bomine

664 4149 824 4234 utraque
849 4146 980 4214 natura
1007 4146 1089 4214 erat
1113 4146 1300 4234 corrupta,
1317 4139 1453 4215 scilicet
1477 4140 1602 4214 anima
1627 4146 1665 4213 et
1688 4158 1834 4231 eorpus,

661 4261 746 4348 ideo
770 4259 927 4355 suscepit
952 4268 1157 4355 utrumque
1188 4268 1231 4334 ut
1266 4268 1469 4354 utromque
1497 4260 1680 4336 liberaret.
1707 4260 1752 4333 lit
1776 4270 1833 4333 ta·

661 4402 748 4458 men
778 4382 877 4456 Deus
901 4381 1077 4476 Verbum,
1104 4380 1307 4456 secundum
1337 4381 1583 4477 augustinum
1609 4381 1656 4455 de
1688 4379 1759 4454 tide
1785 4379 1833 4454 ad

661 4503 824 4596 Petrum,
847 4521 919 4575 non
936 4499 1075 4596 accepit
1100 4520 1295 4595 personam
1322 4500 1478 4575 bominis
1503 4499 1566 4576 sed
1590 4506 1773 4574 naturam.
1792 4500 1833 4572 ln

660 4621 802 4698 cbristo
827 4621 925 4697 enim
951 4622 1035 4696 duae
1061 4627 1205 4696 naturae
1230 4627 1326 4715 sont,
1351 4621 1484 4716 divina,
1510 4620 1658 4715 scilicet,
1690 4627 1728 4696 et
1759 4620 1830 4694 bu·

661 4765 790 4837 mana;
817 4749 854 4818 et
879 4750 954 4817 tres
978 4741 1202 4834 substantiae,
1220 4761 1319 4835 caro,
1343 4742 1466 4817 anima
1492 4749 1529 4816 et
1557 4741 1739 4835 Verbum;
1765 4740 1829 4816 sed

723 4929 750 4988 (Ἰ
766 4927 797 4978 Ε.
813 4927 898 4979 ιιιιιΙιο
914 4932 953 4978 est
969 4927 1125 4978 infirmitate.
1313 4924 1341 4987 (¹)
1357 4927 1387 4978 E.
1403 4927 1482 4978 unico
1497 4926 1546 4977 bei
1561 4925 1623 4977 ubo.

724 5002 752 5068 (⁸)
767 5005 797 5055 R.
813 5004 840 5054 in
856 5005 991 5076 munium.
1008 5003 1058 5055 Sed
1073 5003 1206 5068 quomodo
1221 5004 1333 5055 venitin
1348 5002 1476 5054 mondum
1492 5002 1538 5067 qni
1553 4997 1649 5066 ubique
1663 5006 1719 5051 eati
1734 5007 1814 5052 certe.
