4342 6692
788 915 931 972 caurus
952 915 1097 970 sursus.
1453 901 1522 968 441

354 1067 429 1137 stra
448 1081 521 1136 non
539 1061 648 1156 longe
664 1081 686 1134 a
704 1060 888 1156 Pompeio.
903 1060 1080 1156 Sperabat
1097 1058 1196 1135 enim
1210 1057 1401 1134 victoriam
1418 1077 1526 1132 suam

353 1183 391 1258 in
417 1180 613 1275 celeritate,
641 1180 836 1276 Pompeius
862 1202 951 1258 vero
977 1182 1013 1256 in
1039 1180 1235 1274 tarditate3
1252 1185 1400 1275 propter
1426 1177 1527 1273 quod

356 1322 443 1378 cum
470 1321 542 1376 non
568 1307 689 1395 posset
721 1300 846 1396 atiquo
880 1301 991 1377 modo
1016 1321 1220 1397 provocare
1246 1299 1462 1395 Pompeium
1487 1296 1525 1372 in

354 1421 539 1518 proelium,
561 1420 708 1496 tandem
734 1421 846 1516 cinnit
863 1443 950 1497 eum
968 1421 1156 1497 obsidione
1172 1421 1270 1518 apud
1295 1420 1522 1495 Duracbium

355 1541 655 1638 inexpugnabile3
680 1549 718 1618 et
738 1542 929 1618 consilium
956 1543 1050 1638 cepit
1076 1563 1121 1617 ex
1148 1549 1281 1616 natura
1306 1541 1386 1617 loci.
1413 1543 1526 1615 Erant

354 1661 452 1738 enim
474 1661 570 1737 circa
588 1668 707 1737 castra
725 1662 887 1758 Pompeii
905 1662 1011 1737 multi
1031 1662 1094 1737 alti
1111 1669 1149 1738 et
1165 1662 1285 1758 asperi
1302 1662 1423 1756 colles,
1442 1661 1526 1756 qui·

353 1783 424 1856 bus
443 1780 627 1876 occupatis
649 1781 733 1856 tecit
750 1781 875 1880 viginti
896 1789 1058 1877 quatuor
1074 1783 1233 1877 castella,
1251 1788 1288 1857 et
1309 1803 1355 1858 ex
1376 1781 1525 1857 castello

352 1901 391 1976 in
411 1901 601 1976 castellum
623 1900 863 1978 munitionem
891 1902 995 1976 duxit
1020 1922 1106 1976 curu
1132 1902 1226 1977 fossa
1254 1923 1319 1998 per
1339 1901 1524 1976 sexdecim

353 2021 536 2114 milliaria3
551 2021 599 2095 ibi
617 2023 722 2117 plura
740 2023 868 2118 proeiia
885 2023 1119 2118 particularia
1137 2022 1230 2097 iacta
1248 2030 1335 2097 sunt
1351 2043 1437 2097 cum
1458 2022 1526 2095 mi-

353 2142 456 2218 rabili
485 2142 686 2218 resistentia
713 2149 749 2218 et
774 2143 945 2238 patientia
971 2143 1250 2219 Caesanensium
1277 2150 1315 2218 et
1340 2142 1526 2239 potissime

353 2264 477 2340 Scerae
496 2262 734 2356 centurionis3
750 2264 895 2338 tandem
914 2284 988 2338 una
1006 2263 1065 2338 die
1082 2263 1177 2338 iacta
1195 2270 1250 2338 est
1266 2260 1526 2336 violentissima

351 2382 505 2478 eruptio.
526 2384 570 2457 Et
587 2383 782 2477 Pompeius
798 2383 926 2478 victor,
953 2382 1047 2457 sacta
1073 2404 1208 2480 magna
1234 2382 1333 2457 caede
1350 2381 1397 2456 de
1413 2381 1526 2456 bosti-

351 2505 431 2598 bus,
457 2523 543 2578 suos
567 2523 590 2576 a
616 2503 745 2598 proeiio
772 2503 967 2596 revocarit,
995 2503 1081 2596 quia
1109 2502 1230 2576 timuit
1255 2500 1412 2595 insidias,
1438 2500 1526 2595 quia

352 2643 426 2699 non
452 2623 622 2718 sperabat
646 2622 750 2695 istam
779 2622 979 2717 victoriam,
1005 2623 1064 2696 vel
1091 2621 1178 2717 quia
1204 2642 1277 2696 nox
1302 2620 1526 2716 supervenit,

352 2743 411 2818 vel
437 2742 523 2837 quia
549 2743 717 2839 sperabat
735 2740 923 2816 victoriam
951 2742 1028 2817 sine
1053 2742 1177 2835 caede3
1203 2742 1267 2816 sed
1292 2749 1393 2815 certe
1419 2759 1526 2815 error

353 2861 443 2936 fuit:
479 2862 561 2937 ideo
594 2863 689 2937 bene
713 2862 834 2937 Caesar
865 2870 952 2937 tunc
986 2862 1098 2936 dixit:
1126 2863 1341 2958 Pompeium
1377 2862 1525 2937 vincere

353 2983 504 3057 nescire.
531 2982 653 3057 Caesar
676 2980 806 3056 deinde
831 2983 1038 3056 consolatus
1056 3002 1144 3056 suos
1161 2982 1326 3056 transivit
1351 2982 1387 3056 iu
1412 2982 1525 3056 Tbes·

354 3102 493 3196 saliam,
526 3108 564 3176 et
597 3101 792 3197 Pompeius
824 3109 973 3176 secutus
1012 3109 1066 3178 est
1104 3103 1222 3199 ipsum
1248 3103 1310 3198 qui
1336 3101 1525 3199 sapientis·

354 3222 447 3298 sime
472 3222 618 3297 volebat
641 3222 789 3298 vincere
815 3243 901 3297 cum
931 3222 1102 3298 dilatione
1117 3217 1173 3318 (¹);
1199 3223 1263 3298 sed
1291 3223 1407 3298 victus
1432 3241 1525 3316 que-

356 3344 439 3418 relis
468 3343 635 3418 omnium
662 3343 796 3417 invitus
831 3343 966 3418 taxavit
999 3344 1159 3419 habenas
1190 3345 1524 3437 iortnnae31amen

352 3483 512 3559 sequens
541 3461 732 3536 consitium
764 3462 934 3557 aliorum,
961 3463 1117 3539 finaliter
1151 3463 1267 3540 fidens
1292 3463 1525 3538 multitudine

354 3603 488 3679 magna
506 3581 616 3677 ooepit
633 3602 806 3679 pugnam.
820 3583 1001 3657 Labienus
1019 3582 1081 3677 qui
1105 3585 1223 3685 iactus
1241 3590 1322 3659 erat
1339 3582 1451 3658 bostis
1469 3583 1524 3658 in-

353 3701 567 3778 iustissimus
593 3702 726 3778 Caesari
753 3702 789 3775 in
815 3703 911 3777 bello
936 3703 1029 3778 civiti
1056 3703 1222 3779 animose
1239 3703 1401 3778 incitavit
1414 3704 1525 3777 Pom-

353 3821 511 3917 peianos.
539 3823 660 3896 Caesar
686 3842 775 3897 vero
802 3822 994 3919 magnifice
1014 3823 1180 3897 accendit
1196 3843 1283 3897 suos
1300 3830 1338 3897 et
1357 3822 1522 3896 ordinem

354 3959 488 4036 puguae
512 3941 628 4036 dedit3
654 3941 717 4016 sed
742 3942 928 4018 tardantes
953 3943 1134 4018 crastinus
1155 3942 1191 4017 in
1210 3942 1311 4019 rabie
1324 3935 1362 4036 (²)
1390 3942 1524 4019 iuroris

353 4079 482 4136 omnes
503 4060 538 4134 in
556 4061 727 4156 proelium
748 4061 871 4154 traxit,
889 4062 951 4157 qui
969 4061 1078 4157 paulo
1096 4070 1177 4158 post
1191 4062 1393 4158 justissime
1410 4063 1524 4138 inter·

354 4180 470 4256 tectus
495 4188 551 4255 est
570 4182 708 4276 jactato
725 4173 760 4274 (³)
780 4183 899 4280 gladio
918 4183 953 4257 in
971 4203 1013 4257 os
1030 4183 1120 4258 eius.
1140 4184 1335 4278 Pompeius
1355 4184 1524 4259 studebat

353 4321 440 4377 cum
468 4301 699 4378 multitudine
724 4304 893 4399 equitum
918 4304 1188 4381 circumvenire
1214 4305 1417 4380 exercitum
1443 4305 1524 4380 Gae-

353 4421 463 4516 saris;
490 4421 553 4496 sed
583 4422 670 4496 nibil
702 4423 818 4520 magis
848 4425 972 4498 nocuit
1001 4424 1080 4518 sibi,
1114 4446 1227 4519 quam
1259 4425 1525 4502 multitudoet

351 4541 651 4637 diversitasque
676 4561 885 4638 perunum
918 4545 994 4641 regi
1026 4553 1063 4620 et
1093 4545 1240 4619 fraenari
1266 4566 1338 4619 non
1369 4552 1522 4641 poterat.

353 4661 474 4736 cesar
498 4668 623 4736 autem
650 4669 686 4738 et
717 4663 899 4739 fortissimi
932 4663 1052 4738 militis
1081 4671 1119 4739 et
1147 4665 1284 4737 summi
1313 4664 1416 4740 ducis
1441 4665 1524 4740 offi-

352 4780 451 4856 cium
476 4803 622 4879 gerens,
649 4803 747 4858 nunc
773 4783 916 4877 seriens,
943 4805 1041 4860 nunc
1066 4785 1266 4860 exhortans
1284 4787 1456 4862 omnibus
1477 4787 1524 4862 ad

416 5039 442 5101 (¹)
459 5045 482 5100 t,
499 5039 644 5094 dilectione
831 5040 858 5106 (¹)
873 5043 904 5093 E.
921 5043 947 5093 in
964 5043 1070 5094 rabiem.
1259 5043 1287 5107 (⁸)
1302 5049 1326 5106 4,
1339 5044 1419 5110 Jccto.
