4342 6692
670 854 716 919 72
808 924 812 939 ,
1032 859 1237 915 oounurmr
1259 859 1479 915 ruuuaruau

671 1008 717 1083 rit
741 1007 836 1082 iilius
861 1006 1030 1081 Ubaldini
1051 1004 1228 1101 praedicti:
1255 1012 1292 1081 et
1316 1004 1487 1081 describit
1511 1026 1598 1080 eum
1617 1007 1665 1082 ab
1683 1005 1840 1103 insignio

668 1127 844 1225 singulari
871 1147 1015 1225 maguae
1040 1126 1222 1221 dignitatis
1247 1144 1336 1219 suae,
1361 1125 1502 1201 dicens:
1527 1128 1588 1199 cte
1606 1119 1761 1220 postrud
1783 1130 1841 1201 col

667 1272 771 1328 rocco
797 1252 898 1322 molle
922 1251 1040 1342 penti,
1056 1247 1144 1342 quia
1159 1246 1452 1342 archiepiscopus
1470 1267 1651 1323 ravennas
1675 1254 1733 1323 est
1757 1268 1839 1322 ma-

668 1392 764 1469 gnus
795 1376 929 1465 pastor,
964 1367 1027 1463 qui
1062 1367 1173 1441 habet
1203 1365 1273 1439 sul)
1305 1387 1346 1441 se
1377 1368 1513 1442 multos
1538 1367 1726 1464 episcopos
1760 1366 1839 1441 sul-

671 1492 864 1589 lraganeos
897 1489 944 1563 ab
977 1486 1142 1563 Arimino
1180 1507 1301 1580 usque
1338 1488 1537 1562 Parmam:
1572 1497 1610 1565 et
1642 1488 1745 1581 dicit,
1781 1490 1839 1587 cot

668 1634 794 1710 rocoo;
808 1632 893 1685 nam
908 1629 994 1684 cum
1013 1608 1137 1683 caeteri
1155 1612 1318 1703 pastores
1335 1609 1494 1684 habeant
1511 1609 1654 1707 virgam
1671 1615 1838 1704 pastora-

671 1734 742 1809 lem
775 1735 964 1824 retortam,
994 1729 1062 1803 iste
1093 1729 1204 1803 habet
1236 1735 1350 1804 totam
1381 1731 1524 1827 virgam
1555 1738 1694 1807 rectam
1729 1736 1767 1807 et
1800 1730 1838 1804 in

670 1851 881 1927 summitate
899 1849 1094 1925 rotundam
1120 1849 1167 1923 ad
1193 1850 1345 1923 modum
1370 1850 1513 1944 calculi,
1538 1850 1617 1926 sire
1642 1848 1775 1928 rocchi.
1788 1888 1839 1903 -

676 1976 751 2047 Vidi
774 1992 913 2045 messer.
939 1969 1004 2044 llic
1030 1968 1160 2043 ultimo
1184 1974 1292 2065 poeta
1326 1969 1490 2045 nominat
1521 1969 1635 2045 alium
1651 1962 1688 2061 (⁴)
1715 1969 1837 2044 rirum

667 2097 874 2188 potentem3
901 2097 938 2166 et
968 2090 1097 2165 transit
1127 2087 1174 2164 de
1205 2090 1380 2164 Ravenna
1412 2089 1625 2184 liminium,
1655 2090 1719 2164 ubi
1751 2096 1839 2164 sunt

668 2212 839 2287 meliores
864 2216 1049 2307 potatores
1073 2216 1112 2307 et
1137 2209 1290 2284 meliora
1315 2210 1411 2284 rina.
1437 2209 1509 2285 lste
1528 2209 1597 2285 luit
1620 2209 1751 2285 nobilis
1766 2210 1839 2283 mi-

670 2333 723 2407 les
743 2332 789 2408 de
806 2329 1063 2428 Arighoglosiis
1078 2321 1116 2422 (¹)
1141 2329 1188 2404 de
1211 2329 1380 2424 Forlivio,
1405 2335 1511 2426 pater
1535 2329 1693 2405 domiuae
1717 2332 1838 2423 Lmtae,

670 2472 754 2546 quae
777 2451 848 2525 luit
872 2456 991 2525 mater
1016 2449 1154 2524 domini
1180 2449 1396 2525 Bernardini
1419 2450 1466 2524 de
1495 2450 1655 2545 Poleuta,
1681 2450 1746 2543 qui
1771 2449 1839 2523 luit

669 2570 862 2668 Dionysius
870 2562 908 2663 (³)
927 2577 1182 2645 ravennatum.
1200 2569 1285 2643 Fuit
1300 2570 1368 2645 iste
1385 2570 1442 2644 vir
1458 2570 1606 2646 curialis
1622 2576 1660 2645 et
1676 2570 1840 2667 placidus

671 2693 841 2765 multum.
870 2690 972 2765 Unde
1000 2712 1085 2765 cum
1117 2690 1232 2765 semel
1259 2689 1447 2765 adiuraret
1473 2690 1685 2786 pincernam
1711 2710 1838 2784 suum,

670 2820 712 2887 ut
737 2812 802 2885 sibi
828 2810 977 2904 diceret,
1003 2808 1091 2903 quid
1116 2809 1300 2885 diceretur
1317 2810 1363 2885 de
1379 2830 1441 2904 eo;
1458 2816 1496 2886 et
1512 2810 1574 2885 illo
1591 2809 1836 2906 respondente

669 2932 827 3028 trepide:
854 2932 1015 3020 maiae,
1040 2932 1178 3022 datu,
1207 2932 1302 3021 quod
1328 2950 1518 3021 numquam
1546 2934 1662 3026 facitis
1690 2932 1759 3003 arisi
1783 2930 1838 3003 oi-

665 3038 768 3145 ⁸beru·
784 3052 874 3126 dixit
899 3050 1076 3125 ridenter:
1095 3056 1141 3124 Et
1154 3071 1267 3142 quare
1281 3070 1472 3143 numqaum
1487 3053 1617 3145 dicum,
1637 3031 1732 3144 quod
1746 3070 1839 3124 cem-

664 3196 732 3267 per
756 3176 862 3247 sitio?
885 3172 977 3245 Dicit
1001 3191 1092 3267 ergo
1117 3170 1326 3246 describens
1351 3191 1438 3246 eum
1457 3192 1479 3246 a
1496 3172 1647 3247 nomine
1667 3171 1836 3267 proprio:

676 3296 751 3367 Vidi
774 3314 903 3367 ausser
928 3294 1117 3365 Maroneae.
1145 3292 1239 3365 Cum
1270 3298 1380 3367 autor
1411 3292 1576 3366 nominet
1600 3296 1675 3365 tam
1703 3292 1850 3372 multos.

669 3414 800 3506 milites
825 3413 862 3486 in
887 3418 963 3487 toto
988 3416 1159 3507 poemate
1184 3432 1264 3504 suo,
1290 3432 1495 3505 numquam
1526 3411 1610 3486 iacit
1635 3412 1746 3487 istum
1772 3413 1840 3487 lro-

670 3554 799 3609 norem
812 3520 848 3624 (⁴)
868 3535 1013 3623 domim,
1031 3532 1098 3604 nisi
1115 3531 1272 3626 duobus,
1292 3532 1427 3608 scilicet
1450 3532 1600 3607 domino
1616 3532 1771 3607 Guidoni
1792 3532 1838 3608 de

668 3656 779 3749 Fano,
811 3660 848 3729 et
881 3653 938 3727 isti
968 3651 1117 3727 domino
1146 3653 1356 3747 Maroneam,
1390 3652 1476 3747 quia
1508 3652 1577 3727 luit
1610 3659 1687 3727 tam
1712 3653 1839 3729 valens

671 3774 707 3848 in
732 3773 937 3848 bibacitale.
971 3774 1015 3847 lit
1039 3792 1127 3847 eece
1158 3771 1368 3866 quomodo:
1398 3775 1450 3845 clr’
1463 3774 1543 3847 ebbe
1566 3764 1777 3867 spazoptd
1801 3777 1839 3848 di

669 3896 749 3969 bere
780 3914 804 3966 u
835 3885 946 3985 Furti,
978 3892 1065 3987 quia
1097 3892 1199 3968 diver
1230 3898 1268 3966 et
1300 3898 1430 3988 potens
1460 3893 1497 3965 in
1526 3894 1643 3989 patria
1668 3914 1748 3988 soa,
1773 3893 1838 3969 ubi

669 4020 755 4089 sunt
781 4013 866 4089 vina
892 4033 1027 4108 magna
1052 4017 1090 4087 et
1115 4012 1270 4107 fumosa,
1295 4033 1363 4085 con
1387 4033 1466 4085 men
1493 4014 1692 4105 senuna,
1723 4034 1837 4109 quam

668 4133 790 4229 modo,
817 4134 903 4227 quia
937 4138 1026 4207 tunc
1060 4133 1219 4207 habebat
1242 4132 1385 4227 copiam
1412 4132 1497 4226 vini,
1523 4139 1561 4207 et
1590 4135 1837 4229 praeveniebat

669 4254 788 4348 sitim3
823 4273 922 4328 nunc
960 4273 1051 4329 vero
1089 4253 1127 4327 iu
1158 4256 1257 4326 tanta
1294 4250 1352 4326 siti
1388 4272 1461 4327 uon
1494 4259 1612 4347 potest
1630 4244 1667 4345 (Β)
1701 4254 1839 4331 habere

670 4393 782 4448 unam
808 4358 951 4469 g'uttam
977 4393 1096 4468 aquae.
1124 4372 1167 4445 lit
1191 4370 1292 4445 dicit:
1318 4392 1338 4445 c
1361 4363 1454 4466 risu
1484 4374 1546 4465 tot,
1575 4372 1720 4468 scilicet,
1746 4374 1838 4449 utui-

668 4497 738 4586 tor,
773 4494 832 4566 cle
869 4513 940 4566 oon
976 4496 1008 4565 si
1043 4483 1272 4582 sandrario,
1310 4491 1458 4586 scilicet,
1496 4512 1673 4587 unquam.
1704 4494 1750 4567 Et
1780 4494 1859 4570 irio.

669 4620 754 4685 nota
781 4612 890 4706 quod,
917 4612 1010 4687 sicut
1034 4613 1222 4708 eleganter
1246 4611 1331 4689 dicit
1358 4611 1506 4706 Plinius,
1536 4614 1615 4689 haec
1643 4615 1838 4691 necessitas

730 4828 757 4889 (¹)
773 4828 803 4877 E.
821 4828 901 4878 alium
918 4824 970 4879 riui
986 4836 1128 4893 potentem.
1384 4829 1459 4891 (¹)ss.
1473 4831 1508 4899 1¹0
1525 4829 1696 4896 Διμψοὼ,

731 4904 757 4967 (³)
775 4906 805 4956 Ε.
821 4906 865 4970 qul
882 4906 932 4958 luit
947 4908 1067 4959 dominus
1082 4912 1261 4959 ravennatum.

732 4983 759 5046 (⁸)
775 4984 806 5035 Ε.
824 4984 950 5035 honorem
966 4999 1076 5044 mem,
1094 4984 1160 5036 idest
1174 4985 1319 5036 domiuum.
1381 4986 1409 5051 ξ’)
1425 4985 1458 5038 Ε.
1472 5000 1525 5039 uon
1540 4992 1625 5051 potest
1639 4986 1753 5056 hibem-
