4342 6692
697 872 768 940 236
1054 883 1258 940 coueuruu
1282 886 1504 941 runoxronu

696 1022 804 1123 poeta
841 1028 996 1103 ostendit
1029 1029 1187 1122 qualiter
1224 1028 1335 1107 luerit
1367 1034 1511 1124 potatus
1543 1050 1642 1123 aqua
1674 1031 1863 1108 oblivionis

694 1156 732 1225 et
754 1149 959 1246 assignatus
976 1148 1183 1223 virtutibus.
1198 1149 1291 1223 Dicit
1313 1169 1424 1247 ergo:
1451 1154 1503 1223 Lo
1528 1150 1617 1223 bellu
1641 1154 1775 1244 donna,
1794 1154 1863 1229 sci-

695 1268 789 1363 licet,
815 1269 1003 1362 llatbildis,
1029 1272 1171 1362 amsi,
1198 1270 1301 1363 idest,
1334 1269 1478 1365 aperuit
1507 1290 1558 1365 se,
1591 1274 1679 1344 nelle
1706 1273 1859 1367 droccvb,

695 1388 830 1463 iaciens
854 1410 941 1463 eum
974 1388 1126 1485 dignum
1152 1390 1270 1485 gratia
1304 1397 1342 1464 et
1371 1410 1501 1465 amore
1530 1412 1599 1465 suo
1625 1392 1863 1497 familiariter,

693 1510 964 1583 obbrucoiommi
979 1511 1016 1583 lo
1037 1516 1134 1602 testu,
1157 1510 1218 1583 ubi
1237 1509 1335 1606 viget
1355 1510 1546 1605 memoria,
1564 1534 1582 1585 c
1599 1516 1648 1585 nri
1662 1533 1861 1605 somararse,

695 1651 815 1724 usque
832 1630 880 1704 ad
899 1651 951 1724 os,
970 1652 1034 1703 ove
1051 1652 1227 1704 convenae
1242 1633 1294 1703 cl'
1306 1634 1341 1703 io
1357 1634 1501 1723 tanqua
1518 1634 1735 1726 iapdioticssi,
1760 1632 1861 1727 idest,

694 1752 910 1825 imbiberem
924 1744 960 1843 (⁴)
987 1750 1034 1825 de
1058 1771 1157 1845 aqua
1182 1750 1259 1844 illa;
1285 1758 1323 1825 et
1347 1751 1488 1825 subdit:
1508 1754 1583 1825 indi
1607 1755 1655 1825 mi
1679 1756 1776 1845 tobe,
1793 1752 1862 1827 sci·

695 1871 789 1966 licet,
815 1870 992 1945 Matbildis
1021 1878 1146 1965 postea
1172 1871 1332 1947 extraxit
1356 1892 1418 1945 me
1442 1871 1489 1947 de
1513 1892 1611 1965 aqua
1628 1872 1700 1967 illa,
1717 1896 1736 1946 e
1752 1876 1861 1967 m'of-

691 1998 785 2088 ferse
813 1993 981 2084 bwnoto,
1006 1992 1109 2086 idest,
1140 1992 1257 2065 lotum
1286 2000 1324 2067 et
1354 1992 1571 2067 mundatum
1605 1994 1642 2066 in
1673 1994 1732 2067 illa
1764 2014 1861 2087 aqua

693 2112 887 2208 purissima
912 2113 960 2185 ab
985 2112 1086 2185 omni
1106 2111 1318 2208 impuritate
1335 2113 1521 2203 vitiorum,
1538 2116 1663 2187 dentro
1682 2118 1756 2187 aila
1772 2117 1863 2188 don-

692 2255 753 2327 zo,
782 2232 883 2326 idest,
901 2230 1102 2327 tripudium
1120 2237 1157 2307 et
1174 2231 1321 2325 testum,
1339 2234 1426 2307 delle
1442 2240 1581 2324 pambo
1598 2233 1694 2327 belle,
1714 2234 1861 2328 scilicet,

696 2349 1111 2445 virtutum'moralium,
1133 2372 1217 2447 quae
1235 2359 1341 2427 erant
1364 2374 1388 2427 a
1415 2360 1495 2428 rota
1521 2353 1680 2449 sinistra3
1700 2361 1736 2429 et
1758 2353 1860 2429 dicit:

691 2478 899 2547 enascunu
928 2476 986 2546 dci
1007 2473 1147 2546 bacon
1181 2475 1230 2545 mi
1259 2493 1413 2567 copcrsc,
1442 2472 1529 2567 quia
1562 2474 1699 2569 recepit
1731 2494 1792 2549 me
1824 2474 1861 2548 in

692 2596 854 2670 amicum
880 2602 918 2670 et
942 2593 1159 2669 servitorem
1185 2614 1308 2668 suum.
1322 2598 1463 2667 -Not
1481 2595 1547 2671 Hic
1564 2604 1670 2690 poeta
1691 2595 1863 2673 describit

691 2716 896 2791 orationem
916 2734 1028 2808 quam
1046 2713 1242 2788 cantabant
1258 2713 1328 2787 illae
1348 2720 1510 2807 quatuor
1526 2715 1675 2809 pulcrae,
1699 2736 1783 2809 quae
1805 2714 1861 2790 di·

691 2838 842 2912 cebant:
870 2837 939 2908 Noi
967 2838 1059 2907 dum
1082 2836 1143 2925 qui
1165 2836 1273 2928 pinse,
1300 2834 1402 2928 idest,
1428 2835 1507 2909 deae
1538 2834 1694 2910 iontium
1725 2836 1761 2909 in
1792 2835 1859 2939 ista

689 2958 803 3053 sylva,
829 2954 934 3049 quasi
959 2954 1100 3029 dicant:
1113 2974 1251 3029 sumus
1276 2954 1551 3051 peregrinantes
1568 2955 1604 3029 in
1623 2956 1689 3031 ista
1707 2958 1859 3031 ecclesia

691 3076 879 3169 militante,
904 3097 924 3147 c
952 3078 1010 3148 acl
1039 3078 1103 3147 cici
1125 3075 1238 3147 siano
1263 3078 1368 3167 sato,
1393 3074 1639 3151 illuminantes
1665 3077 1858 3151 mundum.

689 3198 792 3272 Unde
817 3202 924 3291 poeta
949 3194 1052 3267 linxit
1077 3214 1119 3269 se
1145 3194 1269 3271 videre
1294 3195 1379 3269 istas
1405 3200 1566 3289 quatuor
1585 3197 1707 3272 stellas
1732 3196 1861 3273 lucen-

691 3326 744 3393 tes
768 3318 805 3390 in
831 3314 1006 3410 principio
1024 3314 1245 3411 purgatorii3
1268 3319 1304 3389 et
1324 3313 1461 3388 luimus
1479 3315 1526 3389 ab
1551 3314 1652 3389 initio
1673 3316 1861 3410 praed'esti·

689 3445 795 3512 natae.
820 3437 925 3511 Unde
949 3435 1054 3511 dicit:
1067 3439 1154 3527 pria
1170 3437 1230 3509 cte
1246 3438 1405 3509 Bactriae
1426 3438 1640 3511 discendassc
1656 3441 1695 3511 ul
1717 3442 1860 3532 mado,

689 3556 824 3631 scilicet
849 3562 936 3630 ante
966 3554 1255 3629 incarnationem
1287 3555 1390 3629 verbi
1417 3556 1494 3651 Dei,
1525 3560 1660 3651 stimmo
1697 3561 1859 3633 ordinato

690 3698 715 3750 o
740 3680 783 3751 ici
802 3698 869 3770 per
892 3697 953 3749 suc
977 3679 1119 3769 ancello,
1144 3675 1249 3769 quasi
1266 3676 1407 3751 dicant:
1430 3676 1567 3751 luimus
1584 3678 1621 3751 in
1639 3698 1777 3774 genere
1794 3681 1862 3753 bo-

690 3799 831 3872 minum
858 3797 905 3871 ab
929 3796 1081 3890 antiquo
1102 3816 1168 3890 per
1189 3796 1306 3871 multa
1323 3797 1456 3872 saecula
1477 3804 1563 3872 ante
1582 3798 1778 3893 Christum,
1796 3799 1860 3875 sed

689 3919 913 4015 imperfecte,
950 3916 1037 4011 quia
1071 3917 1360 4012 expectabamus
1385 3916 1473 3993 alias
1508 3925 1583 3993 tres
1617 3918 1859 4016 theologicas3

690 4039 788 4115 unde
803 4038 907 4112 dicit:
929 4040 1130 4127 macarii,
1147 4036 1251 4130 idest,
1268 4037 1448 4112 ducemus
1466 4044 1513 4131 te,
1532 4036 1638 4129 *apli
1658 4041 1754 4112 occdi
1767 4041 1857 4133 suoi,

689 4158 794 4255 quasi
819 4158 933 4234 dicat:
961 4158 1265 4253 praesentabimus
1295 4148 1414 4251 te*(¹)
1446 4177 1572 4233 coram
1603 4178 1667 4233 ea:
1699 4165 1736 4233 et
1765 4159 1860 4235 bene
1926 4191 1930 4199 ·

689 4278 792 4353 dicit:
818 4278 905 4373 quia
931 4276 1049 4373 prima
1074 4296 1161 4371 pars
1186 4275 1377 4372 theologie
1402 4282 1458 4353 est
1481 4276 1657 4353 derebus
1676 4278 1859 4374 humanis,

688 4401 782 4475 sicut
806 4400 853 4474 de
877 4398 1074 4473 virtutibus
1100 4405 1138 4472 et
1162 4396 1339 4491 moribus,
1357 4397 1421 4473 sed
1437 4396 1508 4473 alia
1525 4418 1610 4494 pars
1630 4396 1785 4473 nobilior
1805 4404 1861 4473 est

688 4522 734 4596 ae
757 4520 897 4595 divinis.
924 4518 1027 4595 unae
1050 4516 1155 4593 orest:
1174 4538 1233 4591 ma
1258 4520 1290 4591 u
1314 4524 1367 4591 oe
1390 4520 1428 4591 a·
1451 4494 1665 4613 usercen
1683 4518 1764 4593 urae
1785 4524 1861 4595 tres

688 4640 901 4735 pulcriores,
927 4641 987 4713 cte
1012 4641 1130 4711 aaran
1150 4633 1213 4731 pid
1233 4640 1428 4731 profundo,
1454 4638 1540 4732 quia
1566 4639 1690 4714 vident
1715 4639 1859 4714 occulta

687 4760 892 4852 divinitatis,
921 4762 1214 4850 upuzzcrunnoi
1247 4761 1330 4849 iuni,
1360 4758 1505 4853 scilicet,
1531 4758 1658 4834 oculos
1684 4766 1779 4854 tuos,
1806 4761 1863 4833 acl

762 4947 769 4976 ι

751 4950 779 5089 {⁸}
793 4947 830 5075 {a
842 4947 991 5089 minim
1006 5029 1015 5079 t
1030 5027 1081 5077 dne
1097 5026 1229 5079 mouent
1244 5040 1292 5079 von
1307 5026 1417 5091 supplito
1432 5026 1476 5077 dal
1490 5024 1584 5077 murae
1601 5029 1656 5077 tlt.
