4342 6692
645 790 714 858 138
1004 801 1208 857 connrrrmr
1232 800 1451 857 ronenmnn

641 952 678 1021 et
702 946 796 1021 vado
821 945 1012 1040 cantando,
1030 944 1125 1021 sicut
1148 944 1283 1038 etalii,
1309 942 1373 1037 qni
1392 951 1620 1039 purgantur:
1635 905 1815 1018 'consecr

642 1068 707 1160 coi,
727 1065 828 1160 idest,
846 1063 1039 1161 cogitando
1057 1064 1163 1159 vado,
1188 1067 1225 1137 ta
1245 1066 1408 1157 possode
1428 1066 1538 1157 sotor,
1563 1064 1655 1139 idest
1679 1072 1813 1161 praetc-

594 1192 597 1201 “
643 1185 750 1259 ritam
775 1184 963 1258 stultitiam
988 1182 1065 1258 sive
1092 1183 1245 1259 ioliiam:
1264 1189 1298 1257 Ε
1312 1184 1525 1273 ceijanzerrs
1541 1185 1642 1275 lcjoi
1657 1187 1810 1277 cd’esper

642 1307 772 1397 decan,
798 1304 899 1400 idest,
922 1304 1027 1379 video
1045 1303 1211 1401 gaudens
1235 1304 1345 1398 diem,
1366 1324 1480 1397 quem
1497 1325 1604 1400 spero
1630 1305 1667 1379 in
1691 1311 1811 1397 antea,

643 1426 735 1501 sicut
760 1424 789 1501 si
810 1426 888 1520 jam
921 1430 1016 1499 esset
1047 1444 1173 1499 coram
1204 1444 1276 1499 me.
1306 1425 1352 1498 nt
1381 1424 1466 1499 iacit
1498 1425 1723 1521 petitionem,
1757 1425 1812 1500 di-

643 1566 748 1621 cens:
774 1552 851 1619 Arc
875 1566 917 1617 ns
938 1566 1023 1636 prce
1041 1567 1110 1637 per
1133 1548 1272 1637 nouella
1289 1548 1405 1636 votor,
1422 1544 1525 1639 idest,
1543 1566 1608 1621 vos
1628 1566 1759 1641 precor
1775 1554 1812 1620 et

643 1666 773 1741 adiuro
807 1685 872 1762 per
905 1665 1007 1739 illum
1042 1665 1219 1761 valorem,
1250 1665 1342 1741 idest
1366 1665 1561 1741 virtutem:
1592 1668 1727 1759 oreja
1751 1688 1813 1740 oor

641 1790 749 1877 quida
773 1789 812 1859 nt
833 1807 908 1859 rom
934 1788 977 1859 de
1002 1789 1192 1878 tessaura,
1210 1786 1312 1881 idest,
1330 1786 1393 1880 qni
1420 1788 1523 1862 valor
1550 1808 1615 1861 vos
1640 1788 1740 1863 ducit
1763 1787 1811 1863 ad

643 1926 832 1979 summum
851 1905 957 1981 scalae
978 1906 1192 2002 purgatorii,
1209 1906 1248 1979 in
1263 1906 1371 1980 cuius
1397 1905 1469 1982 tine
1485 1927 1615 1981 snmus
1632 1906 1749 2002 positi,
1776 1913 1820 1981 et

643 2025 714 2101 cito
740 2025 958 2121 pervenietis
983 2025 1029 2100 ad
1058 2026 1219 2121 coelnm3
1250 2029 1433 2101 soonam
1468 2048 1510 2101 us
1546 2034 1729 2120 atemprcr
1754 2046 1813 2099 ma

643 2148 760 2235 dolor,
799 2145 899 2238 idest,
933 2144 1055 2219 veniat
1093 2146 1195 2220 vobis
1231 2146 1269 2219 in
1306 2154 1468 2221 mentem
1498 2156 1536 2223 et
1570 2146 1812 2222 recordamini

644 2268 716 2341 mei
743 2286 811 2340 suc
838 2272 1013 2361 tempore,
1032 2272 1069 2341 et
1092 2266 1227 2340 doloris
1245 2267 1329 2361 mei,
1349 2268 1512 2364 rogando
1527 2269 1646 2343 Deum
1665 2289 1731 2362 pro
1750 2286 1811 2341 me

645 2386 843 2477 modicum,
869 2386 961 2459 sient
987 2384 1113 2480 petivit
1136 2385 1255 2461 Gnido
1278 2393 1365 2461 ante
1390 2407 1469 2463 me:
1491 2388 1594 2482 quasi
1612 2388 1706 2460 dicat
1725 2386 1809 2460 bre-

647 2506 758 2582 viter:
781 2505 912 2579 Dicatis
929 2505 1039 2580 etiam
1059 2528 1177 2580 unum
1193 2507 1307 2581 alium
1327 2513 1433 2581 Pater
1457 2516 1574 2582 meter
1595 2529 1662 2603 pro
1681 2527 1753 2601 me,
1772 2513 1812 2579 nt

646 2626 833 2702 brevietur
859 2646 967 2719 poena
992 2624 1095 2699 istius
1126 2625 1229 2722 ignis.
1255 2628 1299 2701 Et
1324 2629 1507 2702 concludit
1540 2634 1646 2724 pocta
1672 2633 1710 2701 et
1735 2625 1813 2699 finit

646 2746 857 2843 capitulum,
882 2746 1023 2820 dicens:
1050 2749 1117 2818 Poi
1138 2749 1167 2819 s'
1181 2768 1301 2820 arcese
1331 2752 1389 2821 nei
1407 2752 1513 2843 [noro
1536 2752 1597 2822 cde
1619 2751 1669 2840 odi
1693 2751 1812 2839 office,

646 2869 739 2943 sicut
763 2887 901 2942 aurum
926 2867 1101 2940 affinatnr
1127 2866 1164 2941 in
1189 2865 1349 2943 fornace.
1367 2870 1411 2943 Et
1428 2870 1573 2946 videtur
1590 2869 1689 2963 quod
1707 2874 1813 2962 poeta

647 2996 770 3063 noster
794 2986 945 3063 inseruit
972 2987 1028 3061 iric
1059 2987 1127 3061 ista
1157 2988 1271 3063 verba
1301 2988 1533 3083 provincialia
1562 2990 1610 3065 ad
1640 2988 1811 3063 decorem

646 3108 839 3202 latinitatis,
857 3114 895 3182 et
912 3113 952 3181 ut
969 3105 1179 3181 ostenderet
1195 3128 1236 3183 sc
1252 3108 1299 3183 dc
1314 3109 1486 3183 omnibus
1502 3110 1638 3205 aliquid
1655 3107 1810 3183 scivisse.
