4342 6692
649 883 788 940 caurus
813 887 1002 942 vrousmus
1027 886 1190 942 ruamus,
1443 874 1489 943 ut

317 1032 450 1121 grazia
475 1024 553 1104 m’c‘
574 1037 719 1124 questu?
742 1031 849 1125 quasi
878 1031 973 1106 dicut
1002 1030 1190 1125 mirabilis,
1218 1032 1319 1126 quod
1343 1033 1489 1110 videam

320 1158 358 1226 te
382 1150 441 1226 itio
466 1151 606 1246 vivum,
624 1156 661 1226 ot
677 1151 837 1226 inaudita
855 1151 973 1249 gratia
991 1158 1047 1226 est
1062 1151 1149 1228 data
1168 1152 1242 1228 tibi.
1256 1193 1306 1208 -
1318 1156 1404 1229 ilai.
1425 1155 1491 1230 llic

319 1280 427 1368 poeta
452 1271 610 1347 ostendit
637 1272 795 1369 qualiter
830 1273 1086 1370 recognoverit
1115 1294 1215 1367 eum,
1240 1274 1384 1350 dicens:
1414 1277 1491 1351 unt

320 1413 392 1466 ooo
416 1396 439 1466 t'
451 1397 550 1468 αυτοὶ
577 1396 808 1468 rioonosotuto
833 1397 872 1468 ol
896 1397 983 1483 viro,
1012 1393 1064 1468 ita
1089 1396 1170 1468 erat
1194 1392 1489 1482 transformatus.

321 1513 366 1588 ut
388 1513 446 1586 hic
473 1519 569 1608 nota,
596 1515 695 1608 quod
725 1521 832 1609 poeta
861 1513 994 1590 merito
1021 1513 1123 1610 lingit
1152 1513 1252 1606 qnod
1281 1534 1488 1607 numquam

322 1633 594 1730 recognovisset
618 1635 730 1709 istum
754 1635 802 1710 ad
827 1635 965 1710 visum:
982 1655 1049 1730 per
1065 1636 1136 1708 lroo
1153 1635 1279 1710 rolens
1295 1634 1418 1709 dicere
1434 1641 1491 1708 la-

321 1753 392 1830 cite
416 1753 519 1848 quod·
541 1753 721 1850 ingluvies
746 1755 884 1830 ventris
909 1754 1067 1829 multum
1098 1759 1138 1828 et
1165 1753 1238 1828 cito
1269 1760 1491 1832 transmutat

321 1873 480 1948 sormam
508 1874 676 1950 hominis.
715 1874 817 1950 Unde
846 1873 1084 1968 Domitianus,
1119 1874 1182 1968 qui
1212 1874 1335 1948 iuerat
1364 1875 1491 1970 pulcer

316 1994 475 2092 juvenis,
489 1993 607 2068 iactus
622 1994 797 2068 deformis
813 1995 957 2069 calvitio
974 1994 1100 2090 capitis
1113 2001 1152 2068 et
1165 1994 1384 2090 pinguedine
1399 2015 1490 2070 ven·

321 2115 397 2210 tris,
411 2115 536 2190 scribit
560 2115 606 2191 ad
631 2115 792 2190 amicum
819 2116 918 2209 quod
936 2115 1022 2188 nihil
1048 2119 1104 2190 est
1127 2114 1281 2210 gratius,
1300 2115 1386 2190 nihil
1403 2115 1492 2190 bre·

320 2237 403 2310 vius
417 2234 673 2331 pulcritudine.
691 2236 736 2310 Et
752 2235 855 2310 dicit:
870 2257 930 2310 mo
942 2228 996 2308 cici
1011 2237 1070 2308 otc
1083 2238 1106 2308 l'
1115 2242 1248 2327 ospetto
1266 2256 1331 2308 suo
1347 2239 1392 2308 m'
1402 2255 1491 2310 ooou

319 2359 497 2450 mugram,
523 2357 628 2450 idest,
656 2357 840 2432 clauserat
868 2363 906 2431 et
942 2355 1129 2431 celaverat
1156 2356 1353 2451 cognitioni
1383 2377 1492 2452 men,

322 2479 372 2552 mi
391 2481 434 2570 lu
451 2479 584 2572 pulcre,
610 2475 756 2568 scilicet,
774 2476 856 2570 quis
881 2485 973 2568 orat,
990 2478 1083 2550 netto
1109 2497 1204 2563 uoce,
1225 2495 1310 2570 quae
1337 2498 1410 2551 non
1435 2486 1492 2554 est

320 2597 369 2672 ita
394 2597 441 2672 do
460 2595 553 2672 sacili
576 2595 861 2672 transmutabilis
876 2596 971 2670 sicut
988 2595 1113 2689 lacies;
1133 2597 1229 2670 unde
1245 2596 1352 2671 dicit:
1371 2605 1491 2689 questo

317 2717 470 2810 sorello5
483 2715 650 2792 mirabile
667 2722 723 2790 est
738 2716 836 2810 quod
849 2716 994 2809 loquela
1002 2716 1144 2811 judicat
1154 2717 1202 2792 de
1216 2717 1364 2792 homine
1375 2718 1488 2794 etiam

319 2855 406 2912 cum
439 2857 513 2910 non
546 2835 689 2912 ridetur
704 2827 755 2930 (¹),
781 2839 829 2908 mi
852 2857 1003 2925 roccese,
1038 2835 1141 2928 idest,
1169 2838 1369 2931 renovavit,
1404 2846 1491 2915 tutto

320 2959 394 3030 uria
416 2977 645 3048 oorcosceoza,
666 2977 750 3051 quae
775 2963 856 3032 erat
881 2957 1052 3050 extincta,
1073 2960 1149 3032 atto
1168 2958 1342 3030 commoto
1359 2959 1489 3050 imbro,

320 3077 413 3152 idest
424 3068 476 3170 (¹),
502 3077 539 3150 in
569 3077 660 3152 facie
687 3082 839 3170 mutata,
864 3099 883 3150 c
907 3081 1065 3152 ramum
1089 3081 1125 3150 la
1147 3081 1264 3171 soccia
1288 3079 1326 3151 di
1350 3083 1488 3153 Foresc.

320 3236 371 3252 -
382 3199 479 3270 Det!
496 3195 561 3270 llic
577 3203 684 3292 poeta
702 3196 802 3291 ponit
819 3195 1022 3272 orationem
1041 3197 1178 3272 Foresii
1194 3195 1242 3270 ad
1258 3217 1299 3272 se
1319 3198 1383 3292 qui
1400 3200 1492 3294 petit

321 3323 363 3391 ut
398 3316 496 3392 dicat
532 3315 596 3409 qui
633 3324 719 3390 sunt
755 3315 830 3392 duo
868 3315 980 3390 duces
1010 3316 1091 3390 eius
1124 3337 1197 3392 non
1233 3322 1373 3392 attenta
1409 3319 1492 3394 eius

321 3436 439 3533 ligura
465 3435 513 3510 ita
541 3435 796 3512 transformata
814 3425 861 3526 (³).
889 3434 980 3510 llicit
1012 3455 1123 3533 crgo:
1152 3444 1191 3511 et
1217 3437 1278 3511 ille
1306 3436 1490 3533 Foresius,

315 3577 480 3650 prcqoou
502 3577 568 3645 me,
594 3556 762 3649 Dantem,
788 3555 911 3629 dicens
935 3555 1188 3651 deprecative:
1216 3559 1313 3630 nent
1338 3579 1411 3630 non
1434 3565 1491 3633 ut·

321 3679 472 3766 tendere,
497 3677 600 3770 idest,
626 3696 693 3770 pro
727 3676 803 3750 ileo
832 3696 905 3750 non
935 3675 1117 3769 advertas,
1142 3678 1202 3749 oll’
1215 3680 1363 3750 occiana
1391 3679 1491 3752 soat-

321 3799 390 3890 bio,
417 3797 521 3892 idest,
543 3797 590 3872 ad
616 3796 749 3872 siccam
775 3796 931 3870 maciem
947 3785 1006 3889 (‘);
1026 3798 1087 3870 cte
1106 3800 1155 3871 mi
1174 3801 1316 3870 scolora
1338 3800 1375 3872 lo
1388 3801 1490 3891 pelle,

321 3919 424 4012 idest,
448 3918 533 3994 lacit
547 3909 583 4008 (⁵)
612 3937 673 3992 me
697 3917 870 4012 pallidum
898 3917 934 3990 in
961 3916 1064 4009 facie,
1080 3914 1128 3991 oi
1148 3939 1172 3990 a
1191 3921 1309 4012 disetto
1326 3921 1364 3992 dt
1380 3939 1491 3992 ransc

321 4043 372 4112 ot’
386 4043 420 4112 to
450 4038 568 4128 annu,
601 4057 667 4132 per
702 4043 819 4113 totum
854 4055 1008 4130 corpus3
1038 4037 1144 4130 quasi
1173 4037 1294 4112 dicat:
1328 4059 1420 4135 rogo
1453 4047 1491 4114 te

322 4179 394 4234 non
418 4157 625 4253 dedigneris
641 4157 741 4250 loqui
761 4175 920 4249 mecum,
946 4155 1033 4231 licet
1055 4157 1179 4232 videas
1208 4177 1269 4232 me
1286 4142 1343 4233 vita
1370 4158 1492 4232 horri-

321 4277 439 4355 biliter
468 4275 782 4350 transformatum.
809 4276 885 4349 lloo'
914 4275 997 4350 ideo
1025 4275 1170 4351 dicebat
1202 4277 1374 4354 Foresius
1402 4277 1493 4370 quia

320 4397 455 4472 Dentes
479 4395 696 4490 respiciebat
720 4414 809 4470 eum
835 4394 918 4488 tire,
942 4415 1014 4470 non
1040 4415 1085 4470 ex
1114 4402 1325 4492 contemptu
1351 4398 1415 4472 sed
1440 4417 1490 4472 er

320 4516 561 4610 condolentia,
585 4521 629 4588 ut
657 4515 779 4590 statim
805 4515 951 4610 patebit.
983 4515 1073 4590 llicit
1098 4537 1209 4613 ergo:
1240 4539 1300 4590 mo
1328 4519 1450 4592 dtmrm
1466 4519 1492 4589 't

322 4659 383 4712 oar
408 4641 445 4712 dt
470 4644 512 4728 te,
526 4635 673 4729 scilicet,
687 4635 873 4728 quomodo
890 4640 931 4708 tu
949 4635 1001 4710 ita
1017 4635 1146 4710 venisti
1166 4638 1249 4732 hoq
1266 4637 1364 4733 qnod
1382 4659 1493 4712 num·

321 4779 434 4852 quam
459 4756 625 4831 auditum
652 4756 719 4829 luit
743 4756 791 4831 de
814 4755 886 4829 alio
910 4755 1075 4849 vivente;
1097 4764 1135 4832 et
1150 4758 1274 4850 uiam,
1291 4761 1338 4831 dt'
1356 4761 1409 4830 cti
1427 4777 1493 4832 son

385 4945 413 5008 (¹)
430 4950 485 5004 tlt,
501 4945 625 4996 riantur.
720 4945 747 5005 ζ’)
763 4945 796 4994 R
811 4944 883 5003 tuot
902 4943 967 4994 iub
982 4949 1094 4996 ιιιωι
1183 4945 1454 5006 Μίηιωιίείι.

387 5023 415 5085 (⁸)
432 5025 485 5082 ll't,
502 5021 622 5072 scabiem.
720 5020 749 5084 ζ’)
764 5020 795 5072 Ε.
812 5032 870 5084 quo
885 5019 948 5070 iacit
962 5019 1107 5084 squalidum
1124 5022 1149 5071 io
1166 5021 1240 5074 look.
