4342 6692
764 902 903 958 morus
926 902 1094 969 Quirinus.
1440 893 1511 960 4θὸ

337 1047 445 1121 mittit
470 1067 515 1121 ex
542 1046 677 1141 quibus
701 1047 863 1122 consistit
891 1054 1034 1141 votum,
1060 1053 1098 1122 et
1127 1046 1223 1142 dicit,
1250 1048 1350 1143 quod
1383 1056 1511 1124 votnm

336 1172 478 1241 constat
501 1186 548 1241 ex
573 1166 729 1260 duobus,
746 1165 892 1259 scilieet,
911 1186 958 1241 ex
976 1166 1131 1242 materia
1148 1173 1185 1242 et
1202 1168 1337 1283 torma:
1358 1168 1512 1244 materia

336 1295 392 1363 est
415 1288 492 1383 ipsa
518 1306 578 1363 res
602 1307 648 1363 er
674 1307 750 1401 qua
775 1286 827 1381 iit,
852 1287 971 1362 lorma
996 1294 1052 1363 est
1076 1288 1153 1383 ipsa
1174 1288 1368 1363 conventio
1375 1313 1385 1383 ;
1414 1290 1512 1364 unde

336 1407 441 1483 dicit:
466 1412 544 1481 Dae
567 1428 646 1481 cose
668 1410 702 1481 si
723 1428 951 1499 eonoenpono
975 1411 1035 1481 att’
1047 1428 1206 1501 essenza,
1229 1408 1332 1503 idest,
1350 1408 1396 1483 ad
1422 1410 1511 1483 sub-

336 1529 518 1622 stantiam,
544 1532 582 1603 ‹li
605 1536 722 1621 queso
752 1530 940 1621 sacrificio,
971 1528 1119 1622 scilieet,
1152 1528 1238 1623 voti,
1269 1529 1367 1623 quod
1398 1550 1510 1626 supra

336 1649 529 1745 appellavit
555 1648 753 1745 victimam,
779 1652 884 1723 tuno
907 1645 929 1723 e*
950 1652 1065 1741 pona
1090 1650 1266 1723 dictast
1286 1653 1341 1743 so,
1365 1656 1403 1725 et
1432 1652 1510 1726 lraec

336 1775 392 1845 est
416 1769 582 1863 materia,
608 1772 631 1843 t
643 1772 740 1843 oltra
764 1765 785 1844 a*
809 1772 847 1843 ta
870 1791 1089 1864 coenoman,
1113 1768 1215 1864 idest,
1241 1770 1446 1864 conventio,
1472 1776 1511 1846 et

336 1891 415 1965 lnaee
439 1897 496 1964 nst
519 1889 650 1965 torma.
676 1892 721 1964 lit
745 1890 910 1965 verilinat
934 1890 1073 1965 dictum
1104 1911 1228 1985 sunm,
1255 1896 1437 1985 quantum
1462 1889 1509 1965 ad

335 2008 505 2102 lormam,
530 2009 675 2085 dicens:
701 2017 821 2103 questo
844 2013 977 2102 ntimo,
999 2010 1145 2103 scilicet,
1164 2009 1369 2103 conventio,
1392 2013 1509 2101 ptam-

333 2132 412 2201 moi.
430 2150 504 2201 non
526 2133 559 2203 si
581 2132 750 2222 cancella,
771 2130 875 2223 idest,
892 2149 966 2202 non
983 2129 1193 2223 remittitur,
1211 2150 1248 2203 se
1263 2150 1336 2202 non
1352 2138 1507 2221 servata,

333 2270 399 2345 per
424 2249 642 2324 solutionem
668 2248 789 2341 debiti,
811 2248 899 2343 quia
915 2248 1098 2323 solutione
1121 2248 1201 2321 eins
1227 2248 1326 2343 qnod
1352 2248 1507 2323 debetur

332 2369 451 2443 omnis
476 2369 615 2443 tollitur
630 2369 814 2465 obligatio,
832 2389 851 2440 e
867 2372 1010 2441 intorno
1026 2371 1065 2441 di
1079 2371 1124 2441 lei
1138 2360 1168 2441 sl
1179 2371 1320 2462 preciso
1341 2371 1379 2441 di
1397 2390 1507 2461 sopra

331 2491 529 2585 sisooetlo,
554 2488 659 2583 quasi
689 2488 798 2581 dicat,
824 2488 887 2562 ubi
917 2487 991 2564 diri
1024 2509 1137 2583 supra
1167 2488 1376 2584 simpliciter
1408 2489 1506 2583 qnod

333 2613 462 2684 votum
487 2628 561 2683 non
578 2615 723 2705 poterat
745 2609 833 2702 tolli,
851 2608 964 2683 habui
988 2615 1194 2704 respectum
1221 2608 1268 2683 ad
1293 2609 1505 2683 conventio-

333 2748 431 2823 nem,
448 2749 534 2822 quae
552 2735 608 2803 est
632 2730 752 2804 lorma
777 2729 864 2823 voti,
891 2736 928 2805 et
953 2729 1072 2803 lorma
1089 2734 1144 2803 est
1165 2750 1248 2823 quae
1271 2728 1431 2803 delesse
1451 2729 1504 2803 rei

332 2856 370 2923 et
394 2856 590 2924 conservat
614 2868 698 2923 eam
724 2847 761 2922 in
786 2868 877 2923 esse.
908 2850 953 2921 Et
982 2848 1113 2943 probat
1137 2847 1276 2923 dietum
1301 2870 1412 2923 suum
1438 2869 1505 2943 per

331 2968 452 3066 legem
477 2968 681 3063 antiquam,
707 2988 793 3063 qum
817 2969 886 3041 suit
907 2967 1027 3064 ligura
1045 2989 1162 3063 noras,
1180 2968 1318 3044 dicens:
1333 2962 1423 3062 pero
1441 2992 1504 3043 oe-

331 3093 487 3165 eessitoto
509 3093 564 3184 su,
589 3089 692 3184 idest,
718 3088 926 3165 necessario
956 3088 1181 3185 impositum,
1208 3091 1282 3181 opti
1305 3090 1411 3181 atrei,
1437 3110 1504 3186 per

331 3212 491 3308 lloysem
518 3232 565 3285 ex
591 3217 774 3305 praeeepto
799 3210 955 3304 Domini,
976 3232 1049 3303 pur
1073 3212 1259 3301 t’offertre,
1284 3210 1379 3284 sieut
1404 3216 1502 3307 patet

330 3331 368 3405 in
392 3331 518 3406 Exodo
542 3338 581 3405 et
604 3329 776 3425 Levitico,
803 3350 915 3403 annor
939 3332 1129 3405 ct’atcano
1157 3334 1284 3421 offerta
1307 3333 1502 3423 sipermu-

329 3458 432 3545 tasse,
458 3449 552 3525 sicut
578 3448 673 3523 lilius
698 3449 806 3523 Abrae
831 3450 869 3522 in
894 3449 1071 3543 arietem;
1097 3456 1134 3525 et
1158 3449 1255 3544 dicit,
1282 3471 1378 3523 conte
1395 3472 1502 3544 saper

328 3574 397 3663 dei,
410 3570 496 3665 quia
510 3590 623 3645 verus
634 3569 852 3645 christianus
870 3577 908 3644 et
920 3570 1114 3666 theologus
1127 3570 1238 3645 debes
1251 3570 1345 3646 seire
1358 3577 1502 3644 utram-

329 3711 403 3784 que
427 3692 559 3786 legem.
574 3694 673 3762 —L'
686 3693 791 3763 altro
825 3689 891 3764 llic
924 3690 1070 3765 Beatrix
1101 3690 1288 3766 verificata
1321 3691 1501 3766 solutione

329 3811 460 3885 suade
480 3830 522 3885 re
546 3809 832 3907 impermutabili
858 3810 1022 3886 verilioat
1042 3810 1157 3905 ipsam
1183 3809 1230 3885 de
1255 3809 1499 3905 permutabili,

328 3932 469 4007 dicens:
483 3934 636 4025 L’attro,
654 3930 791 4005 seilicet
810 3952 879 4025 reo,
897 3934 958 4006 olto
974 3928 1183 4024 teuperto,
1201 3930 1304 4025 idest,
1320 3931 1398 4025 jam
1421 3951 1503 4004 ma-

330 4051 497 4126 nifestata
522 4050 596 4144 tibi,
617 4072 685 4143 per
709 4054 871 4143 meta,
893 4052 1030 4127 scilieet
1052 4052 1139 4145 voti,
1165 4072 1211 4127 er
1233 4072 1306 4145 qna
1332 4051 1382 4144 lit,
1398 4057 1502 4142 puoto

328 4172 412 4261 oona
427 4192 521 4244 esser
537 4173 599 4263 tat,
615 4168 717 4264 idest,
730 4170 780 4245 ita
797 4170 1054 4266 conditionata,
1067 4174 1129 4245 cte
1144 4192 1216 4243 non
1231 4173 1262 4244 si
1276 4173 1380 4266 sotto,
1397 4170 1499 4265 idest,

327 4290 402 4366 non
427 4297 586 4385 erratur,
606 4312 644 4365 se
667 4312 734 4365 eoo
757 4294 855 4365 aloa
880 4294 1040 4384 moeno,
1063 4292 1155 4367 idest
1180 4313 1232 4387 re,
1253 4295 1285 4365 si
1309 4300 1498 4388 converto5

326 4412 433 4506 sieut,
441 4412 625 4508 ieiunium
638 4412 676 4485 in
689 4412 961 4487 eleemosinam.
974 4414 1019 4486 lit
1035 4413 1094 4488 hic
1111 4422 1210 4505 nota,
1224 4412 1322 4506 quod
1335 4413 1382 4488 ad
1395 4435 1498 4489 com-

326 4534 568 4607 mutationem
595 4531 670 4607 voti
695 4531 857 4627 legitime
869 4525 906 4624 (¹)
926 4531 1142 4625 taciendam,
1160 4531 1230 4607 tria
1252 4531 1498 4628 principaliter

327 4653 587 4749 requiruntur:
614 4652 789 4747 primum,
814 4652 994 4727 autoritas
1024 4652 1244 4747 superioris3
1269 4654 1432 4728 secundo
1446 4644 1496 4749 (¹),

329 4774 532 4850 melioratio
552 4773 628 4867 rei;
655 4763 821 4866 tertio(³),
848 4793 962 4849 eausa
987 4773 1161 4869 legitima,
1183 4773 1279 4847 sient
1303 4773 1331 4847 si
1359 4796 1496 4851 vovens

388 5032 416 5095 (⁸)
431 5032 462 5083 rt
477 5032 619 5085 liberrimo.
743 5032 772 5097 ξ’)
787 5033 819 5083 Ε.
835 5034 986 5085 mnium.
1112 5032 1139 5097 (¹)
1155 5034 1186 5085 lt.
1204 5034 1320 5085 tortium.
