4342 6692
706 925 710 936 .
761 889 900 946 caurus
925 892 1069 947 rnruus.
1428 885 1498 954 305

325 1047 419 1121 cam,
433 1028 616 1105 salubrius
632 1032 864 1129 gubernavit,
879 1041 916 1111 et
927 1035 1065 1110 diutius
1081 1037 1216 1112 tenuit:
1236 1044 1379 1138 tantum
1398 1041 1509 1140 enimv

325 1147 518 1248 imperavit
554 1161 736 1253 quautam
770 1155 892 1230 Cesar
926 1154 1032 1251 vixit,
1062 1157 1199 1233 scilicet
1231 1159 1495 1258 quinquaginta

302 1287 389 1342 sex
414 1269 528 1344 aunis.
555 1268 678 1346 Caesar
703 1292 793 1370 ergo
824 1274 969 1350 videtur
1000 1271 1132 1370 esse(¹)
1161 1278 1311 1372 quidam
1324 1263 1497 1375 v'praecor'-

322 1407 385 1462 sor
402 1387 655 1484 imperaturis,¹
673 1393 768 1467 sicut
791 1394 950 1489 Baptista
970 1396 1039 1471 luit
1057 1417 1272 1492 praecursor
1284 1399 1493 1476 Salvatoris.

323 1499 374 1625 Et
392 1508 450 1582 hic
475 1515 560 1584 uota
595 1510 689 1586 hene
722 1513 824 1606 quod
851 1517 974 1610 poeta'
993 1517 1051 1591 bic
1081 1518 1214 1594 merito
1240 1519 1491 1616 conqueritur,

323 1628 421 1723 quod
445 1629 498 1704 sic
522 1631 719 1707 cessaverit
753 1633 870 1729 gloria
901 1636 1196 1731 triumphorum3
1224 1659 1311 1713 nam
1338 1660 1492 1715 romano

323 1746 488 1844 imperio,
516 1756 557 1825 ut
582 1751 687 1825 multi
714 1752 872 1830 illustres
897 1756 1056 1832 historici
1081 1758 1258 1853 scribunt,
1276 1759 1363 1833 nihil
1379 1759 1493 1834 deluit

322 1867 389 1942 nisi
415 1869 601 1944 modicum
627 1871 797 1968 orientis3
824 1875 931 1950 hodie
956 1897 1046 1952 vero
1070 1877 1158 1953 nibil
1185 1879 1295 1954 babet
1319 1879 1387 1954 uisi
1412 1899 1494 1954 mo-

320 1987 445 2064 dicum
469 1991 677 2087 occidentis,
697 1999 734 2068 et
758 1993 847 2068 illud
873 1996 989 2092 magis
1015 1997 1163 2073 nomine
1179 2020 1292 2094 quam
1320 2019 1380 2094 re;
1403 2020 1489 2074 cum

320 2113 445 2184 tamen
470 2102 645 2206 maguam
669 2112 862 2188 materiam
881 2115 1083 2191 babeamus
1100 2117 1386 2214 triumphorum,
1403 2125 1489 2194 cum

317 2225 439 2303 hostes
463 2227 546 2303 fidoi
572 2237 721 2305 teneant
753 2233 858 2327 quasi
891 2241 1010 2308 totum
1043 2235 1222 2312 orientem
1259 2243 1296 2312 et
1329 2238 1490 2313 maxime

171 2413 176 2420 ,
317 2352 459 2420 terram
477 2354 653 2467 sanctam,
671 2349 718 2424 de
734 2344 856 2445 quo(²)
871 2353 1111 2458 conqueritur
1128 2354 1212 2429 alibi
1228 2355 1264 2428 in
1277 2355 1346 2429 isto
1359 2355 1490 2430 eodem

172 2513 176 2520 -
317 2466 422 2542 libro.
449 2469 604 2544 Romani
627 2479 755 2546 autem
783 2473 914 2569 pagani
946 2475 1042 2549 ultra
1071 2481 1254 2550 trecentos
1284 2475 1488 2570 triumphos

318 2587 405 2662 olim
431 2595 594 2684 egerant,
621 2583 769 2684 quaudo
794 2591 895 2667 Titus
920 2593 980 2670 ille
1004 2614 1112 2669 amor
1137 2594 1330 2669 hominum
1355 2593 1489 2667 triom-

318 2708 432 2802 phum
457 2696 561 2783 dulit
585 2708 632 2784 de
656 2709 921 2808 Hierosolyma,
947 2733 1022 2806 quo
1048 2714 1171 2787 nullus
1196 2713 1331 2789 clarior
1355 2703 1424 2787 luit
1446 2713 1484 2787 iu

318 2810 422 2922 orbe,
447 2834 491 2901 ut
514 2829 639 2904 scribit
662 2830 795 2906 diffuse
823 2838 860 2906 et
888 2834 988 2908 clare
1019 2833 1197 2928 losephus
1226 2833 1273 2908 de
1301 2834 1396 2908 bello
1421 2834 1486 2929 jo-

317 2948 433 3024 daico.
458 2950 590 3026 Noster
614 2971 705 3027 vero
729 2952 930 3048 imperator
954 2953 1114 3028 liberum
1137 2959 1280 3049 patrem
1301 2953 1395 3027 colit.
1422 2955 1484 3028 Est

316 3076 442 3164 autem
470 3071 678 3167 triumphos
702 3073 820 3146 bonor
843 3071 988 3146 debitus
1012 3071 1097 3147 doci
1122 3093 1189 3167 pro
1206 3071 1398 3147 victorias
1419 3073 1486 3146 tri-

316 3177 398 3287 plici
421 3211 559 3288 genere
583 3180 739 3288 pompm,
765 3191 852 3286 quia
882 3191 1083 3287 imperator
1109 3190 1145 3267 iu
1176 3212 1290 3267 curru
1321 3199 1485 3269 tractos

315 3317 476 3405 quatuor
493 3311 598 3406 equis
618 3311 777 3387 intrabat
795 3312 925 3388 urbem
944 3312 1093 3386 indutus
1111 3313 1234 3387 tunica
1254 3311 1363 3407 lovis,
1376 3313 1485 3408 juxta

314 3431 402 3505 illud
421 3431 557 3507 Ovidii:
576 3439 726 3524 quatuor
741 3435 780 3505 in
795 3436 904 3507 niueis
919 3454 1049 3507 aureus
1066 3433 1141 3506 ibat
1158 3436 1252 3525 equts
1261 3459 1277 3527 ;
1294 3438 1331 3508 et
1352 3453 1482 3508 omnes

313 3552 445 3647 captivi
470 3551 572 3627 ibant
595 3559 683 3627 ante
713 3572 868 3627 currum
900 3553 1172 3648 triumphalem,
1198 3560 1236 3628 ct
1261 3553 1328 3660 sibi
1360 3553 1485 3628 venie-

313 3661 402 3746 bant
429 3671 575 3747 obviam
601 3691 687 3746 cum
716 3692 850 3768 magno
866 3673 1005 3768 „plausu
1031 3678 1069 3746 et
1093 3671 1216 3746 laetitia
1242 3679 1391 3747 senatus
1416 3693 1484 3767 po-

314 3791 498 3887 pulusque
523 3811 709 3866 romanus.
736 3791 841 3866 Nunc
866 3811 956 3866 vero
976 3791 1183 3866 sacerdotes
1204 3791 1317 3866 nostri
1339 3798 1483 3886 tempo·

315 3911 365 3986 ris
381 3913 459 3986 sine
476 3911 570 3987 bello
591 3911 827 4007 triumphant,
841 3911 936 3986 sicut
953 3910 1109 3985 vidimus
1128 3912 1262 3986 multos
1278 3910 1479 3986 cardinales

314 4029 454 4108 intrare
478 4033 680 4108 Bononiam
706 4053 779 4107 nou
805 4038 861 4107 est
891 4031 967 4105 diu.
994 4030 1047 4104 lte
1081 4031 1266 4126 triumpho
1298 4051 1371 4105 non
1402 4030 1483 4106 dico

314 4154 433 4248 plura,
447 4153 532 4247 quia
555 4155 671 4256 molta
685 4154 764 4250 jam
781 4152 876 4228 dicta
897 4158 982 4226 sunt
998 4151 1204 4246 purgatorii
1222 4149 1397 4246 capitulis,
1417 4150 1477 4224 ubi

313 4271 446 4347 (licitur
470 4273 516 4348 de
533 4273 736 4368 triumphis
752 4272 916 4367 Caesaris,
934 4278 972 4347 et
988 4271 1050 4344 ubi
1069 4269 1203 4344 dicitur
1223 4269 1269 4344 de
1289 4269 1482 4364 triumphis

312 4391 486 4488 Scipionis
510 4399 548 4468 et
571 4392 739 4489 Augusti,
765 4399 803 4466 et
826 4391 947 4467 adhuc
971 4390 1114 4466 dicetur
1130 4389 1215 4465 alibi
1235 4389 1272 4464 in
1288 4389 1357 4464 isto
1377 4389 1481 4462 libro.

309 4513 354 4587 Et
378 4512 482 4588 dicit:
508 4534 532 4586 o
556 4518 676 4587 Poeta.
702 4513 756 4586 Ad
782 4511 881 4607 quod
902 4519 961 4586 ,est
986 4511 1140 4586 ulterius
1165 4509 1364 4585 notandum
1385 4507 1483 4602 quod

311 4613 445 4708 Dantes
468 4633 730 4709 convenienter
754 4632 817 4707 dat
842 4638 989 4728 poetam
1015 4631 1052 4705 in
1077 4629 1217 4706 socium
1244 4629 1394 4725 principi
1413 4628 1482 4702 sub

310 4752 442 4828 eodem
467 4732 618 4847 nonore„
644 4753 731 4846 quia
762 4752 823 4827 illa
852 4751 950 4826 lama
982 4751 1051 4826 erit
1075 4750 1113 4826 in
1138 4749 1241 4826 brevi
1271 4749 1317 4824 de
1346 4769 1481 4845 magno

373 5019 401 5080 (¹)
417 5017 448 5068 B.
463 5017 541 5068 lause
555 5017 677 5081 quast-
688 5019 712 5077 t,
728 5014 807 5066 foisse
822 5014 937 5078 qnidam,
1061 5009 1090 5075 (ἢ
1106 5011 1136 5062 Ε.
1152 5010 1185 5061 do
1200 5023 1253 5074 quo
1268 5013 1352 5073 poeto.

444 5125 482 5170 lv.
1323 5118 1351 5162 2⁰
