4342 6692
671 894 693 958 2
1029 903 1233 958 consumunt
1257 903 1478 958 runcanoau
1605 943 1614 966 ,

670 1049 899 1126 desiderabat
924 1049 1018 1124 scire
1047 1069 1197 1122 causam
1232 1047 1327 1121 illius
1355 1051 1601 1140 terraemotus,
1630 1045 1712 1120 ideo
1742 1065 1840 1119 nunc

671 1171 848 1266 replicans
866 1171 960 1246 idern
979 1169 1135 1244 ostendit
1152 1190 1258 1244 suam
1276 1168 1566 1264 dispositionem
1579 1173 1617 1241 et
1631 1165 1728 1261 dicit,
1740 1165 1841 1260 quod

670 1291 850 1387 appetitus
876 1290 1010 1366 sciendi
1036 1289 1145 1364 nimis
1171 1289 1388 1364 molestabat
1412 1309 1512 1362 eum.
1534 1287 1604 1362 Sed
1629 1287 1676 1363 ad
1701 1286 1841 1383 plenio-

672 1432 752 1486 rem
786 1409 1059 1507 intelligentiam
1095 1410 1210 1484 literae
1246 1415 1302 1484 ost
1339 1408 1459 1503 primo
1498 1407 1703 1504 sciendum,
1740 1407 1841 1501 quod

672 1552 757 1606 cum
774 1523 810 1624 (¹)
839 1531 1002 1606 Christus
1018 1530 1064 1604 de
1082 1529 1208 1604 ludaea
1229 1529 1297 1603 iret
1317 1529 1354 1602 in
1374 1527 1559 1604 Galilaeam
1580 1527 1758 1601 transiens
1775 1548 1841 1622 per

673 1650 878 1725 Samariam
905 1649 1071 1746 pervenit
1094 1649 1142 1722 ad
1166 1650 1289 1722 locum
1316 1647 1379 1722 ubi
1397 1654 1478 1721 erat
1495 1647 1574 1721 lons
1590 1648 1715 1740 Jacob,
1731 1654 1770 1721 et
1787 1647 1841 1723 la·

673 1771 808 1868 ligatus
833 1792 880 1846 cx
898 1770 1035 1845 itinere
1060 1768 1171 1864 coepit
1195 1769 1325 1844 sedere
1349 1768 1410 1843 ibi.
1429 1769 1481 1842 ut
1505 1784 1594 1844 ecce
1622 1768 1755 1842 mulier
1781 1789 1841 1842 sa-

673 1891 851 1966 maritana
885 1890 984 1964 veuit
1014 1890 1059 1962 ad
1094 1888 1332 1962 hauriendam
1363 1909 1523 1983 aquam3
1549 1888 1712 1983 discipuli
1741 1888 1839 1962 enim

672 2010 814 2086 iverant
839 2010 876 2084 iu
900 2008 1084 2084 civitatem
1114 2009 1162 2083 ad
1194 2008 1393 2083 emendum
1410 2000 1447 2101 (¹)
1476 2008 1591 2106 cibos.
1625 2007 1722 2081 liirit
1749 2027 1842 2104 ergo

671 2131 795 2204 lesus:
820 2129 866 2203 da
893 2128 981 2202 mibi
1007 2128 1144 2203 bibere.
1171 2128 1236 2204 Cui
1264 2129 1397 2204 mulier
1425 2129 1627 2223 respoudit:
1655 2127 1842 2223 quomodo

671 2272 759 2326 cum
785 2251 832 2324 sis
847 2250 993 2346 judaeus
1014 2249 1105 2344 petis
1122 2270 1145 2324 a
1163 2269 1224 2324 me
1240 2249 1463 2325 samaritana
1479 2249 1632 2325 biberet
1651 2251 1840 2326 nonenim

672 2378 876 2446 coutuntur
887 2371 1000 2466 judaei
1017 2370 1257 2446 samaritanis.
1275 2371 1472 2465 Respondit
1485 2360 1523 2463 (³.)
1539 2371 1664 2446 lesus:
1682 2371 1713 2445 si
1730 2371 1844 2446 scires

673 2493 811 2567 donum
827 2492 900 2588 ¹Ilei
927 2491 1051 2586 quanti
1078 2491 1212 2566 valoris
1235 2492 1282 2565 sit
1306 2491 1457 2587 petisses
1481 2491 1529 2566 ab
1550 2511 1608 2586 eo,
1626 2499 1663 2566 et
1686 2491 1843 2568 dedisset

674 2611 736 2685 tibi
763 2633 898 2706 aquam
925 2611 1068 2706 vivam3
1087 2619 1124 2686 et
1149 2611 1286 2685 subdit:
1307 2611 1427 2686 omnis
1444 2612 1508 2706 qui
1525 2612 1657 2686 biberit
1677 2633 1724 2687 en
1744 2633 1843 2707 aqua

676 2732 743 2805 bac
769 2731 863 2807 sitiet
889 2730 1043 2826 iterum3
1074 2730 1172 2825 *qui
1203 2738 1329 2805 autem
1361 2731 1493 2806 biberit
1523 2751 1568 2806 ex
1600 2752 1698 2826 aqua
1728 2753 1841 2826 quam

599 2935 603 2942 ,
675 2872 746 2949 ego
770 2852 863 2926 dabo
891 2851 952 2925 tibi
979 2872 1051 2924 nou
1077 2851 1173 2926 sitiet
1190 2843 1354 2944 unquam
1368 2849 1388 2892 *
1404 2839 1451 2942 (⁸).
1474 2851 1527 2924 lle
1542 2851 1611 2925 ista
1628 2872 1726 2946 aqua
1743 2851 1843 2926 dice-

675 2978 737 3045 tur
762 2972 922 3047 Paradisi
947 2972 1105 3066 capitulo
1126 2972 1237 3044 xxx.
1257 2973 1363 3045 Nunc
1379 2971 1450 3046 erit
1475 2971 1579 3045 litera
1605 2971 1704 3047 clara
1729 2994 1841 3066 quam
1913 2976 1916 2983 ’

674 3111 817 3186 expone
842 3092 913 3166 sic:
939 3097 991 3166 Lu
1019 3100 1087 3166 sete
1116 3093 1273 3181 coemat,
1305 3091 1409 3184 idest,
1441 3091 1663 3166 desiderium
1688 3093 1844 3188 sciendi3

675 3233 761 3287 narn
800 3233 929 3288 omnes
967 3213 1184 3288 naturaliter
1221 3210 1316 3286 scire
1352 3210 1578 3305 desideraut3
1608 3212 1715 3286 cuius
1752 3213 1845 3290 ratio

675 3333 819 3408 videtur
838 3342 841 3350 ⁴
858 3333 944 3427 quia
984 3333 1239 3427 unusquisque
1275 3333 1413 3428 appetit
1450 3332 1669 3407 naturaliter
1710 3333 1844 3427 pertici.

675 3453 831 3528 Scientia
856 3459 982 3528 autem
1009 3460 1064 3526 est
1089 3451 1263 3548 perfectio
1288 3452 1445 3546 animm.
1459 3452 1542 3526 lioat
1568 3453 1648 3528 talis
1674 3453 1846 3548 perfectio

676 3593 751 3646 non
775 3573 956 3648 habeatur
985 3572 1020 3646 in
1053 3573 1113 3647 via
1142 3571 1188 3648 ad
1218 3572 1381 3667 plenum,
1406 3571 1471 3647 sed
1495 3573 1614 3647 solum
1642 3573 1678 3646 in
1704 3575 1846 3670 patria3

676 3693 758 3767 ideo
783 3692 887 3766 dicit:
916 3695 976 3766 obe
1000 3695 1073 3766 mat
1097 3713 1169 3764 oon
1191 3695 1308 3784 sosia,
1334 3693 1536 3787 appetitum
1561 3693 1686 3789 animi,
1711 3717 1749 3768 se
1774 3715 1846 3770 nou

676 3835 742 3887 coo
768 3816 929 3904 lacque,
947 3813 1082 3888 scilicet
1103 3812 1198 3908 viva,
1219 3833 1304 3908 qum
1326 3821 1381 3888 est
1401 3813 1519 3911 gratia
1540 3815 1695 3910 Spiritus
1720 3816 1845 3910 sancti,

676 3937 780 4026 oode,
812 3934 914 4028 idest,
949 3955 1058 4028 aqua,
1091 3937 1130 4006 lu
1157 3937 1369 4029 sommiaettu
1399 3939 1623 4009 samaritano
1654 3927 1848 4010 adimendo

677 4057 714 4128 lu
737 4057 880 4146 orosio,
905 4075 991 4129 cum
1020 4054 1130 4128 dixit:
1161 4057 1323 4145 Domina,
1348 4057 1398 4128 da
1422 4059 1506 4129 miti
1528 4059 1572 4130 de
1594 4059 1661 4130 boo
1685 4075 1781 4148 aqua
1811 4064 1850 4130 ut

677 4195 750 4248 aon
773 4177 888 4248 sitium
912 4178 950 4248 io
974 4183 1155 4267 murnum,
1184 4176 1280 4249 sicut
1306 4175 1477 4249 scribitur
1505 4177 1653 4251 loannis
1677 4179 1724 4250 lll
1748 4176 1849 4272 cupi·

677 4297 767 4371 tulo.
798 4297 842 4370 Et
873 4297 930 4371 bic
964 4304 1049 4372 nota
1080 4296 1179 4392 quod
1208 4295 1418 4371 samaritani
1450 4296 1624 4372 differunt
1656 4297 1848 4395 ajudaeis‚

678 4416 771 4492 sicut
795 4416 905 4513 graeci
931 4437 954 4492 a
979 4415 1108 4509 latinis,
1138 4415 1223 4510 quia
1249 4424 1335 4489 sunt
1360 4415 1552 4491 scismatici
1582 4416 1620 4490 iu
1646 4417 1735 4513 lide3
1762 4440 1846 4493 uam

678 4537 825 4630 quando
854 4537 1025 4611 videbant
1045 4536 1190 4630 judaeos
1209 4537 1343 4611 llorere
1367 4537 1599 4632 appellabant
1622 4559 1687 4614 eos
1711 4559 1848 4637 cogua-

740 4805 767 4906 (ἒ)
783 4803 813 4854 E.
822 4817 883 4854 cnm
892 4803 1051 4867 Redemptor
1059 4809 1149 4854 nester
1157 4803 1355 4866 maurusium
1364 4803 1491 4856 Bominus
1501 4805 1798 4858 nosterlesuscbristus
1807 4807 1849 4859 de.

741 4881 768 5015 {¹}
784 4879 815 5004 ξ.
831 4881 971 5018 {iglserzlsnod'il
989 4955 1114 5006 Dominus
1128 4955 1211 5007 lesus·

740 5031 767 5094 (⁸)
783 5031 819 5080 Le
836 5033 925 5094 parole
939 5031 981 5082 lm
997 5033 1006 5082 i
1022 5033 1073 5082 dua
1088 5033 1221 5084 nteriscbl
1236 5045 1301 5082 sono
1316 5032 1359 5084 del
1372 5031 1460 5085 (ΝΜ
1475 5035 1507 5086 lt
1521 5049 1538 5087 a
1552 5036 1580 5087 S.
