4342 6692
672 882 744 947 224
1034 872 1239 948 ecmannum
1262 890 1480 947 sucurronn

671 1314 836 1384 CANTUS
854 1314 1116 1382 TRIGESIMUS
1133 1314 1304 1398 PRIMUS,
1321 1316 1376 1381 nbi
1395 1336 1500 1382 coram
1514 1314 1663 1381 Beotrt'ce
1680 1314 1842 1397 confessura

747 1432 794 1492 est
804 1448 866 1508 pro
882 1428 1024 1492 omnibus
1038 1427 1106 1492 suis
1121 1426 1222 1509 culpis
1245 1426 1285 1491 ab
1309 1448 1343 1493 eo
1365 1426 1462 1509 saetis
1476 1432 1586 1493 contro
1603 1425 1790 1504 Beatrieem,
1808 1431 1839 1491 et

748 1539 899 1621 quomodo
920 1538 1057 1617 manino,
1074 1558 1169 1621 qnam
1183 1540 1281 1621 prins
1302 1540 1429 1617 invent,
1446 1558 1514 1604 enm
1536 1538 1628 1603 ducit
1649 1544 1679 1603 et
1701 1540 1840 1604 transire

747 1649 822 1732 fecit
842 1650 969 1729 flumen,
993 1654 1023 1714 et
1044 1651 1150 1731 ipsum
1172 1648 1279 1715 taliter
1302 1651 1384 1715 arsit
1411 1650 1493 1732 quod
1515 1649 1593 1715 bibit
1615 1650 1653 1715 de
1676 1669 1714 1715 eo
1737 1670 1840 1732 apua:

749 1766 778 1825 et
799 1762 835 1824 in
855 1762 920 1841 {ine
948 1760 1060 1826 ductrts
1090 1765 1137 1825 est
1160 1780 1222 1841 per
1250 1760 1341 1826 t‘tlnm
1370 1766 1400 1827 et
1429 1760 1512 1827 elias
1540 1766 1675 1843 quotuor
1696 1760 1842 1826 donnum

749 1891 855 1937 omnm
876 1871 1026 1938 Bentrioe
1047 1877 1198 1956 repentes
1220 1893 1289 1938 eam
1306 1892 1371 1955 pro
1394 1871 1512 1939 Dante.

745 2132 833 2310 Ε
854 2258 903 2307 ru
921 2238 980 2308 cte
996 2238 1042 2309 se’
1056 2240 1094 2310 dt
1111 2226 1147 2310 td
1162 2240 1226 2310 dal
1237 2238 1342 2328 ptume
1357 2256 1473 2311 sacro.
1492 2236 1690 2329 Postquam
1716 2236 1753 2309 in
1778 2258 1843 2309 su·

670 2356 806 2452 periori
832 2357 991 2451 capitulo
1017 2364 1124 2451 poeta
1141 2363 1266 2430 noster
1285 2356 1472 2452 descripsit
1492 2356 1702 2432 mordacem
1720 2357 1841 2431 incre-

671 2478 856 2573 pationem
881 2476 1056 2550 Beatricis
1081 2476 1128 2551 ad
1151 2498 1191 2552 se
1209 2476 1245 2550 in
1262 2477 1437 2573 generali,
1454 2498 1554 2551 nunc
1574 2484 1841 2571 consequenter

672 2597 710 2671 in
736 2597 804 2671 isto
828 2595 987 2690 capitulo
1004 2596 1120 2669 xxxi
1138 2595 1237 2691 ponit
1255 2596 1539 2690 increpationem
1557 2596 1720 2673 eiusdem
1740 2617 1841 2670 mor-

674 2716 858 2791 daciorem
886 2715 922 2789 in
948 2716 1104 2810 speciali.
1131 2716 1174 2789 lit
1199 2736 1359 2810 praeseos
1390 2715 1589 2810 capitulum
1615 2722 1732 2811 potest
1757 2718 1842 2791 bre·

673 2977 758 3030 rum
790 2955 937 3030 Beatrir
971 2955 1154 3049 compellit
1185 2956 1338 3029 Dantem
1370 2954 1416 3028 ad
1449 2955 1696 3030 confitendum
1730 2975 1840 3029 suum

673 3096 839 3151 errorem
858 3082 895 3150 et
912 3076 1049 3149 erroris
1071 3096 1212 3151 causas.
1231 3076 1271 3149 ln
1288 3075 1447 3150 secunda
1463 3075 1587 3173 arguit
1608 3082 1645 3150 ct
1661 3076 1841 3153 convincit

672 3217 760 3272 eum
791 3195 888 3289 quod
921 3215 995 3269 non
1025 3194 1195 3270 debuerit
1226 3196 1277 3269 sic
1311 3216 1465 3289 errasse,
1495 3196 1563 3269 ibi:
1596 3200 1763 3271 ramea.
1802 3197 1842 3270 ln

672 3316 778 3391 tertia
804 3320 911 3409 poeta
929 3314 1084 3388 ostendit
1103 3314 1259 3408 qualiter
1280 3315 1458 3410 poenitens
1475 3315 1585 3390 luerit
1602 3316 1698 3391 lotus
1717 3317 1754 3389 in
1770 3316 1841 3389 llu-

672 3434 784 3527 mioe,
801 3440 838 3507 ct
854 3433 1060 3530 assignatus
1076 3434 1306 3527 dominabor,
1326 3434 1395 3508 ibi:
1416 3440 1449 3507 E
1466 3455 1572 3507 como.
1591 3437 1630 3508 ln
1652 3441 1783 3529 quarta
1803 3442 1840 3510 et

672 3553 801 3629 ultima
826 3553 982 3628 ostendit
1006 3554 1192 3647 quomodo
1209 3554 1418 3649 pervenerit
1442 3554 1479 3628 in
1505 3555 1757 3649 perfectiorem
1776 3576 1839 3631 co-

671 3674 871 3771 gnitionem
897 3673 1081 3768 Beatricis,
1108 3673 1176 3749 ibi:
1207 3667 1284 3748 dost
1308 3678 1496 3749 conando.
1515 3675 1568 3749 ad
1588 3675 1749 3771 primum
1776 3697 1842 3752 re-

673 3795 787 3887 nlens,
813 3794 904 3889 dico,
930 3795 1029 3889 quod
1051 3795 1198 3869 Beatrlx
1218 3795 1370 3889 requirit
1394 3818 1416 3871 a
1443 3803 1550 3891 poeta
1577 3798 1837 3874 contessionem

672 3916 729 3991 sui
755 3916 891 3991 erroris
916 3922 954 3992 et
979 3937 1129 4011 causas3
1156 3924 1193 3991 et
1221 3916 1339 4010 primo
1370 3917 1503 3991 iaciens
1528 3918 1849 3993 continuationem·

671 4037 827 4112 ostendit
851 4038 1120 4133 dispositionem
1146 4036 1319 4111 Beatricis
1345 4044 1472 4113 contra
1495 4059 1545 4114 se.
1571 4038 1625 4113 Ad
1651 4040 1749 4133 quod
1774 4058 1842 4112 no-

673 4157 837 4251 tandum,
864 4158 961 4252 quod
987 4158 1082 4233 sicut
1106 4162 1205 4253 patet
1230 4178 1276 4232 err
1308 4157 1527 4252 praecedenti
1552 4158 1720 4253 capitulo,
1750 4158 1839 4233 dum

671 4284 779 4373 pocta
798 4278 1021 4372 deplorasset
1036 4270 1073 4370 (¹)
1099 4297 1285 4353 recessum
1299 4275 1448 4372 Virgilii,
1467 4277 1610 4352 Beatrir
1634 4278 1769 4351 minata
1787 4286 1842 4352 est

672 4396 738 4471 sibi
764 4397 862 4490 quod
888 4398 1048 4492 ploraret
1073 4417 1139 4492 per
1164 4396 1273 4471 aliam
1299 4403 1453 4491 spatam,
1480 4398 1577 4490 quod
1609 4398 1745 4472 lactum
1775 4404 1840 4491 est,

672 4515 819 4610 quando
836 4516 912 4609 ipsa
929 4516 1115 4611 respondit
1134 4516 1293 4612 angelis3
1318 4517 1381 4591 sed
1399 4522 1487 4591 tuno
1504 4518 1669 4591 exercuit
1688 4524 1840 4614 spatam,

671 4635 764 4710 idest
788 4636 964 4732 linguam,
989 4636 1125 4731 casim,
1152 4656 1250 4711 nrrnc
1281 4658 1370 4712 vero
1401 4638 1511 4733 coepit
1540 4658 1717 4714 exercere
1741 4639 1840 4714 illam

672 4758 848 4851 punctim,
866 4758 964 4851 quod
983 4765 1038 4833 est
1061 4757 1200 4831 durius.
1228 4756 1330 4831 Unde
1354 4764 1439 4831 nota
1461 4758 1626 4851 ulterius,
1645 4758 1744 4852 quod
1761 4778 1841 4833 me-

738 5014 765 5077 (¹)
783 5017 836 5074 117,
854 5014 1000 5078 demoraret
1016 5028 1157 5067 recessum
