4342 6692
717 915 856 973 muros
880 916 1106 973 remmus.
1423 908 1493 975 219

324 1063 378 1137 sol
403 1082 477 1137 non
502 1062 587 1136 iuuit
610 1062 782 1136 umbram
800 1060 861 1156 ibi,
879 1063 966 1157 quia
982 1063 1121 1137 directe
1134 1056 1171 1155 (¹)
1191 1063 1336 1158 respicit
1353 1070 1492 1139 torranr

322 1183 436 1277 illuni,
451 1186 552 1275 mut,
569 1182 717 1276 scilicet,
733 1189 916 1258 austrum.
930 1184 1036 1259 Nunc
1051 1183 1242 1257 considera
1259 1183 1373 1277 sigista
1392 1204 1497 1259 eom·

324 1302 465 1399 purutio
489 1306 545 1377 est
557 1294 595 1394 (²)
615 1301 761 1397 propria
787 1322 854 1398 per
878 1302 1041 1399 singulas
1060 1304 1116 1377 sui
1135 1309 1278 1397 partem
1297 1323 1381 1378 nam
1401 1304 1495 1378 berra

323 1420 497 1497 assimdat
514 1429 677 1497 montem
695 1422 805 1495 istum
823 1422 940 1497 altum
958 1442 1150 1497 amoenum
1171 1423 1359 1518 Apennino
1377 1423 1491 1497 monti

322 1544 398 1617 alto
422 1548 461 1617 et
483 1562 645 1637 amoeno,
663 1549 700 1617 et
715 1544 869 1618 arbores
888 1542 1149 1637 Apennini-sibi
1171 1551 1256 1619 nato
1273 1544 1368 1619 inter
1387 1564 1494 1619 mon·

324 1669 378 1738 tes
402 1662 597 1758 Apennini:
623 1663 686 1735 nir
710 1663 794 1737 alba
819 1669 856 1737 et
881 1685 975 1757 pura
1000 1671 1056 1738 est
1075 1664 1199 1739 anima
1218 1664 1297 1739 eius
1318 1664 1375 1738 hic
1392 1664 1493 1739 deal·

322 1784 408 1859 bata
424 1790 463 1858 et
478 1784 657 1877 depurata
673 1780 721 1857 ab
739 1784 842 1856 omni
859 1784 1022 1877 macula3
1042 1792 1174 1859 ventus
1194 1785 1337 1879 boreas,
1358 1785 1421 1878 qui
1439 1792 1495 1859 est

324 1904 462 2001 rigidos
487 1905 550 1979 sed
574 1924 697 1998 sanus,
723 1912 779 1978 est
802 1904 920 1979 oratio
950 1902 1123 1979 Beatricis
1148 1926 1277 1999 aspera
1303 1906 1366 1980 sed
1397 1905 1494 1981 utilis

323 2030 519 2121 penetrans
543 2023 590 2098 ad
613 2044 698 2116 uor;
721 2016 900 2115 ventus(³)
919 2030 1045 2097 auster
1061 2024 1200 2099 ualidus
1218 2025 1392 2101 inducens
1411 2026 1493 2119 plu-

323 2144 401 2220 rias
426 2152 482 2221 est
506 2153 635 2219 cantus
660 2145 877 2239 angelorum
905 2144 1079 2220 inducens
1111 2144 1292 2242 lacrymas
1318 2154 1355 2221 et
1379 2145 1493 2219 distil-

323 2266 401 2341 lare
425 2266 559 2340 iaciens
584 2284 690 2339 more
716 2264 818 2338 nivis.

395 2388 486 2478 lilla,
504 2405 575 2477 pur
588 2388 716 2478 serora.
743 2386 813 2458 lsta
839 2392 894 2459 est
911 2390 1043 2477 quarta
1068 2390 1106 2457 et
1131 2382 1259 2457 ultima
1276 2404 1361 2478 pars
1377 2403 1492 2479 gene·

324 2506 421 2599 ralis,
446 2506 483 2578 in
509 2526 583 2598 qua
608 2512 714 2599 poeta
740 2504 896 2580 ostendit
921 2504 1079 2598 qualiter
1096 2503 1242 2578 Beatrir
1264 2503 1391 2578 iecerit
1412 2524 1492 2579 ma·

321 2644 432 2722 gnam
459 2624 816 2699 commendationem
833 2624 880 2699 de
899 2644 945 2698 eo
961 2643 1047 2697 cum
1074 2622 1205 2705 maiori
1230 2623 1490 2719 increpatione.

320 2746 363 2819 ltt
387 2744 509 2839 primo
533 2744 690 2818 ostendit
707 2743 806 2837 quod
821 2744 967 2818 Beatrir
984 2744 1223 2840 assignaverit
1241 2764 1390 2818 causam
1413 2762 1491 2817 suae

320 2864 576 2960 increpationis
601 2864 740 2960 angelis
765 2864 1072 2939 interoedentibus
1092 2885 1158 2960 pro
1182 2884 1243 2959 eo,
1264 2865 1361 2939 uude
1386 2864 1489 2939 dicit:

322 2986 412 3079 utu,
436 2986 581 3079 scilieet,
599 2982 758 3078 Beatrix,
771 3006 843 3077 pur
856 2988 986 3078 ferma,
1008 2986 1046 3059 in
1065 2984 1245 3080 rigiditate
1262 3006 1340 3076 sua,
1361 2986 1488 3057 stando

319 3110 357 3180 in
380 3128 423 3180 su
447 3108 484 3179 lu
508 3108 627 3180 deutra
652 3109 779 3197 roscia,
807 3105 856 3179 ita
886 3106 983 3199 quod
1010 3105 1154 3179 videtur
1187 3104 1360 3177 transisse
1389 3123 1412 3178 a
1439 3103 1488 3177 si-

320 3227 432 3301 nistra
458 3224 505 3300 ad
530 3227 710 3317 dextram,
736 3244 820 3319 quae
849 3232 906 3299 est
936 3245 1075 3298 novum
1111 3231 1388 3318 testamentum;
1419 3225 1488 3298 alia

319 3354 444 3421 tamen
468 3346 573 3421 litera
599 3346 721 3439 habet,
737 3349 774 3418 in
790 3367 832 3419 su
857 3348 895 3419 la
909 3346 1002 3418 detta
1021 3348 1150 3433 eorde,
1167 3344 1313 3438 scilieet,
1330 3344 1485 3437 sinistra,

319 3484 393 3541 non
419 3471 576 3559 mutata,
601 3468 695 3539 noue
719 3468 751 3538 le
773 3486 835 3538 sue
853 3467 981 3557 parole
997 3456 1068 3537 cosi
1083 3468 1209 3557 porcia
1229 3466 1297 3537 alte
1312 3467 1488 3539 uotunzie

314 3588 384 3679 pie,
408 3585 514 3679 idest,
542 3582 588 3659 ad
619 3586 782 3682 angelos,
816 3584 878 3679 qui
909 3584 967 3680 pie
995 3584 1313 3679 compatiebantur
1338 3583 1424 3677 sibi3
1452 3591 1489 3660 et

318 3726 406 3782 ecoe
430 3707 518 3801 quid
533 3706 642 3781 dixit:
661 3710 718 3780 uui
734 3708 873 3798 opunte
889 3706 967 3777 rwll'
979 3712 1098 3777 eterno
1114 3706 1182 3795 die,
1202 3704 1304 3797 idest,
1322 3704 1357 3777 in
1375 3712 1488 3779 aeter·

317 3824 442 3919 nitate,
466 3819 497 3899 ri
519 3828 580 3899 elle
603 3832 695 3898 reone
718 3822 765 3899 nd
786 3844 912 3914 ummo,
930 3824 992 3917 qui
1014 3844 1087 3897 non
1105 3822 1201 3897 cadit
1221 3824 1257 3897 in
1282 3823 1397 3916 robis,
1415 3842 1487 3897 non

313 3951 401 4042 stura
424 3968 449 4020 u
473 3950 543 4037 voi,
568 3947 671 4041 idest,
697 3964 771 4020 non
795 3946 903 4040 eripit
927 3945 1029 4019 vobis
1056 3946 1222 4037 latenter,
1241 3966 1362 4035 porro,
1384 3944 1486 4036 idest,

316 4072 561 4160 momentum,
586 4066 645 4141 rel
670 4066 818 4158 instans,
850 4066 910 4137 rte
930 4067 1048 4158 formu
1076 4065 1105 4136 il
1126 4066 1219 4136 recol
1241 4084 1309 4155 per
1333 4082 1394 4136 ure
1420 4066 1484 4157 oie,

316 4206 383 4281 per
408 4186 587 4261 decursus
611 4194 840 4281 temporum
868 4184 973 4279 quasi
997 4183 1111 4259 dicat:
1129 4181 1252 4257 omnia
1277 4187 1363 4256 sunt
1384 4183 1487 4257 vobis

319 4306 518 4401 manifesta,
544 4307 631 4401 quia
657 4306 785 4381 ridetis
809 4305 847 4379 iu
872 4306 959 4397 lieo,
982 4303 1064 4377 ideo
1091 4322 1163 4375 non
1190 4308 1245 4375 est
1269 4322 1362 4395 opus
1386 4304 1487 4395 quod

316 4426 434 4501 dicam
455 4428 560 4502 robis
574 4416 611 4519 (ὗ)
630 4426 832 4519 manifesta,
853 4444 1001 4499 errores
1026 4429 1064 4497 et
1089 4422 1215 4517 culpas
1240 4421 1342 4497 istius
1369 4424 1486 4497 horni-

316 4547 382 4640 nis,
408 4548 495 4641 quia
520 4547 571 4621 ita
597 4547 692 4621 bene
716 4546 814 4619 scitis
837 4545 930 4618 sieut
956 4564 1045 4639 eg03
1076 4543 1140 4617 sed
1171 4549 1295 4617 umen
1326 4542 1486 4618 narrabo

314 4666 362 4741 ad
386 4666 636 4741 noniusionem
667 4666 759 4741 eius.
794 4664 897 4743 Unde
927 4664 1029 4737 dicit:
1060 4666 1165 4753 oncle,
1197 4660 1300 4757 idest,
1331 4663 1423 4756 ideo,
1450 4666 1486 4737 lu

314 4792 388 4863 nau
410 4792 576 4881 roperta
600 4786 648 4861 ad
671 4806 749 4880 vus,
774 4782 795 4860 a*
816 4806 883 4859 eon
901 4780 965 4877 pid
991 4804 1092 4875 rura,
1113 4788 1172 4857 cte
1197 4787 1242 4857 m’
1255 4786 1397 4857 tamuda
1424 4804 1486 4857 eo·

377 4974 405 5038 (¹)
423 4978 476 5033 ¹¹⁷.
493 4979 573 5025 recte.
993 4972 1022 5032 (¹)
1037 4968 1068 5021 Ε.
1086 4969 1118 5021 sit
1135 4968 1247 5034 propria.

377 5048 404 5116 ι’]
418 5049 451 5103 -rt
468 5056 560 5102 ramus
574 5052 608 5102 at
622 5054 711 5101 austro
726 5048 832 5101 ortua.
991 5047 1020 5108 (¹)
1035 5053 1081 5099 117
1097 5061 1113 5098 ο
1128 5046 1159 5099 lt
1177 5048 1249 5099 vett·
1263 5056 1376 5099 errores.
