4342 6692
761 934 901 992 caurus
924 933 1068 991 numus.
1114 937 1117 974 1
1425 925 1497 994 ³07

327 1092 407 1181 post
432 1091 578 1180 tempus
606 1082 735 1179 gratiae
768 1082 891 1180 magni
909 1074 946 1175 (¹)
973 1080 1133 1178 theologi
1160 1080 1338 1176 poetriam
1371 1083 1497 1158 colue-

328 1211 425 1299 runt,
443 1202 537 1278 sicut
552 1202 774 1297 lactantius,
791 1201 976 1295 Rabanus,
990 1196 1189 1294 iuuencos,
1207 1201 1388 1294 Sedulius,
1404 1203 1497 1275 Ara-

326 1330 385 1399 tor
409 1330 446 1398 et
469 1321 530 1397 alii
556 1321 673 1396 multi.
698 1323 743 1396 Et
766 1321 928 1419 assignat
951 1340 1103 1396 oausam
1130 1315 1250 1395 huius·
1266 1321 1414 1414 erroris,
1442 1319 1498 1393 di-

326 1463 432 1518 cens:
457 1445 594 1536 cnlpae
613 1444 730 1536 diserto
750 1444 961 1515 delicturum
977 1444 1100 1532 ooplie.
1128 1441 1203 1514 lloo
1228 1447 1397 1515 notanter
1413 1439 1497 1514 dicit

326 1564 460 1638 uantur
476 1563 651 1658 quoniam
670 1563 839 1638 voluntas
856 1561 1011 1637 hominis
1029 1569 1085 1636 est
1101 1581 1213 1636 causa
1230 1562 1397 1636 omnium
1417 1581 1498 1636 ma-

326 1685 449 1760 lornm
474 1703 549 1758 non
574 1681 762 1758 intluentia
788 1683 883 1775 coeli,
904 1682 1003 1777 quod
1029 1681 1105 1779 ipse
1123 1681 1291 1758 nobiliter
1311 1681 1498 1777 improba-

326 1803 378 1878 rit
402 1802 576 1899 principio
602 1802 714 1877 lruius
738 1801 907 1897 capituli:
925 1822 1036 1877 omne
1061 1801 1160 1876 enim
1186 1808 1379 1897 paccatum
1404 1802 1506 1876 adeo

326 1931 382 1999 ert
406 1922 669 2016 voluntarium,
693 1922 794 2017 quod
819 1922 907 1996 nihil
933 1929 989 1998 eu
1013 1930 1205 2018 peccatum
1235 1922 1303 1996 nisi
1328 1922 1498 1996 volunta·

328 2044 437 2135 rium,
464 2049 506 2118 ut
529 2042 582 2117 ait
609 2042 848 2139 Augustinus.
875 2041 975 2118 Beue
1002 2061 1094 2138 ergo
1125 2062 1224 2118 nunc
1257 2041 1355 2116 dolet
1388 2051 1497 2118 autor

326 2163 425 2258 qrrod
450 2162 568 2238 virtus
596 2170 635 2238 et
665 2161 815 2238 scientia
847 2169 999 2237 careant
1022 2161 1175 2258 praemio
1208 2181 1287 2255 suo,
1322 2161 1496 2255 quoniam

327 2282 483 2356 virtutes
512 2288 551 2356 et
579 2281 739 2357 scientiae
769 2282 1020 2356 liberaverunt
1048 2280 1209 2354 animam
1239 2301 1262 2354 a
1290 2281 1499 2375 captivitate

327 2407 480 2476 nature.
507 2401 622 2496 Culpa
647 2421 739 2497 ergo
764 2395 957 2475 hominum
977 2401 1119 2474 nullum
1139 2400 1318 2474 habemus
1339 2401 1498 2495 impera-

328 2525 459 2613 torem,
479 2525 517 2594 et
536 2519 680 2595 delectu
698 2539 831 2595 eorum
849 2520 992 2594 nullum
1011 2518 1190 2594 trahemus
1208 2521 1499 2614 poetam-cue

321 2643 496 2734 porton'r.
527 2640 593 2714 llic
618 2647 724 2735 poeta
751 2639 868 2714 reddit
892 2659 1042 2714 causam
1077 2661 1154 2714 suae
1183 2637 1434 2735 querimoniae,
1462 2647 1499 2715 et

328 2761 407 2835 vult
430 2759 554 2836 dicere
578 2760 841 2836 sententialiter
866 2761 965 2855 quod
991 2781 1169 2858 magnum
1191 2760 1369 2856 gaudium
1390 2766 1427 2834 et
1445 2759 1498 2834 le-

328 2885 426 2954 stom
452 2879 604 2956 deberet
629 2879 721 2975 lieri,
751 2900 839 2955 curn
864 2880 997 2975 aliquis
1022 2886 1128 2974 poeta
1154 2887 1305 2975 apparet
1332 2887 1497 2975 tempore

328 3007 465 3094 nostro,
484 2999 582 3094 quod
604 3021 670 3095 pro
696 3021 736 3075 se
760 3000 883 3076 dicere
908 3001 1063 3075 ridetur.
1085 3001 1147 3073 Est
1165 2999 1262 3074 enim
1285 2993 1499 3098 singularis·

328 3119 420 3195 sima
440 3120 522 3193 laus
538 3119 652 3194 nostri
669 3125 797 3214 poctae,
812 3120 875 3214 qui
892 3121 992 3194 solus
1010 3118 1045 3192 in
1063 3119 1154 3194 orbe
1173 3139 1246 3192 non
1263 3139 1328 3215 spe
1344 3119 1499 3194 alicuius

328 3239 468 3335 praemii
495 3239 706 3335 temporalis
730 3259 829 3314 nunc
853 3238 1047 3314 affectabat
1066 3245 1103 3313 et
1123 3237 1293 3334 sperabat
1318 3240 1498 3333 lauream,

328 3378 414 3432 cum
439 3359 564 3435 dicero
588 3365 729 3454 poterut
755 3381 828 3435 una
861 3381 948 3436 cum
981 3360 1148 3454 losepho,
1173 3359 1288 3455 ipsam
1315 3367 1404 3455 puto
1433 3381 1501 3456 ge-

329 3477 452 3554 nuisse
476 3479 652 3554 virtutem
680 3486 822 3554 tantum
849 3481 960 3556 licere
985 3481 1078 3555 vitiis
1104 3480 1251 3556 dellens
1274 3480 1366 3554 Dicit
1391 3500 1499 3577 ergo:

332 3601 398 3674 Cle
422 3603 459 3673 lu
480 3602 617 3695 srondo
637 3603 779 3691 Peneia,
799 3599 900 3694 idest,
921 3621 1059 3676 corona
1084 3601 1232 3692 laurca;
1259 3620 1345 3674 nam
1371 3600 1501 3675 laurus

330 3721 442 3795 arbor
467 3718 600 3794 dicitur
624 3719 737 3795 luisse
760 3720 832 3795 lilia
858 3721 1018 3794 lluminis
1039 3720 1172 3796 Peneii.
1199 3721 1260 3794 Est
1279 3727 1406 3796 autem
1432 3721 1502 3796 Pe·

331 3839 436 3914 neius
462 3839 596 3913 tlurius
622 3860 780 3937 magnus
805 3846 842 3914 et
867 3839 1029 3913 lamosus
1060 3837 1211 3913 Graeoiae
1239 3839 1433 3914 admittens
1464 3840 1501 3914 ln

331 3979 372 4034 se
396 3960 512 4034 multa
537 3959 702 4052 llumina,
725 3959 832 4034 cuius
856 3960 960 4033 vallis
977 3965 1052 4033 tota
1071 3965 1128 4033 est
1147 3957 1354 4054 plenissima
1372 3959 1501 4052 lauris,

332 4078 413 4154 ideo
431 4078 525 4153 bene
538 4078 664 4174 Apollo
683 4078 832 4172 lingitur
848 4077 1040 4152 adamasse
1057 4077 1217 4170 laurum,
1231 4077 1317 4172 quio
1335 4077 1389 4151 sol
1408 4079 1501 4151 hanc

207 4262 210 4268 .
331 4198 504 4272 arborem
529 4196 590 4290 ibi,
607 4198 802 4292 plusquam
828 4196 865 4271 in
891 4197 1034 4272 ceteris
1050 4197 1138 4270 locis
1155 4196 1321 4291 producit
1338 4202 1374 4271 et
1391 4197 1500 4288 lovel,

332 4316 380 4390 ita
407 4315 506 4409 quod
531 4337 642 4389 suum
668 4337 836 4392 amorem
862 4317 1018 4392 ostendit
1043 4317 1080 4392 in
1106 4337 1201 4410 eam,
1228 4316 1375 4409 quando
1405 4315 1502 4390 dedit

332 4436 399 4510 sibi
424 4441 566 4511 tantum
593 4438 784 4531 honorem,
803 4443 845 4511 ut
865 4457 909 4512 ex
937 4457 982 4512 ea
1009 4437 1187 4533 principes
1204 4443 1242 4512 et
1258 4443 1376 4532 poetae
1393 4455 1500 4511 coro·
1573 4461 1578 4470 ·

333 4562 530 4651 narentur3
556 4559 680 4630 deuio
702 4560 866 4649 portorir
890 4552 1021 4648 letizio,
1043 4557 1129 4654 qula
1156 4557 1296 4653 poetria
1321 4563 1377 4631 est
1401 4555 1501 4630 dele-

331 4675 562 4750 ctabilissima
579 4677 828 4771 scientiarum,
842 4684 885 4752 ut
900 4678 1031 4774 probat
1048 4677 1257 4752 Aristoteles
1275 4675 1312 4749 in
1329 4695 1396 4750 suu
1414 4693 1502 4770 poe-

333 4795 414 4889 tria,
430 4797 469 4868 iu
486 4816 529 4868 su
554 4798 590 4868 lu
615 4799 695 4870 licto
711 4798 834 4890 deifico
854 4788 959 4885 unu,
980 4797 1078 4892 quod
1097 4803 1151 4872 est
1169 4797 1290 4872 dicere
1308 4797 1342 4870 in
1365 4795 1501 4893 templo

254 5112 257 5116 ,
394 5051 423 5115 (¹)
440 5052 471 5103 E.
488 5055 574 5118 magni
589 5055 744 5120 philosophi,
762 5055 884 5121 theologi.
