4342 6692
659 918 797 975 caurus
821 920 1013 976 mousmus
1036 922 1166 977 nonus.
1430 914 1498 980 189

327 1070 418 1137 tum.
433 1063 524 1139 llicit
536 1085 646 1160 ergo:
666 1070 727 1139 Ma
745 1068 780 1139 la
797 1062 896 1141 ooth
912 1066 994 1139 clio
1012 1072 1143 1159 copton
1160 1072 1319 1144 discorso
1335 1093 1500 1146 ammun-

325 1204 388 1274 nc,
402 1181 503 1278 idest,
518 1184 634 1257 virtus
647 1185 760 1259 visiva
775 1207 858 1278 quae
879 1187 1090 1261 transmittit
1107 1187 1259 1263 interius
1278 1191 1323 1264 ad
1336 1191 1497 1265 animam

326 1304 482 1399 speciem
504 1305 556 1379 rei
574 1305 671 1400 visoe,
684 1311 722 1380 et
739 1306 790 1381 sic
807 1314 989 1401 praeparat
1005 1307 1213 1383 discursum
1232 1310 1361 1385 rationi
1380 1312 1426 1386 ad
1445 1312 1499 1385 in-

327 1412 579 1520 telligendum
594 1426 664 1519 vel,
678 1428 714 1498 lo
728 1423 838 1516 ocrltl,
847 1426 992 1521 scilicet,
1004 1428 1383 1523 discretiva,·cppresc,
1396 1431 1498 1526 idest,

326 1546 612 1640 comprehendit,
629 1539 659 1619 sl
675 1549 763 1621 com'
776 1550 833 1621 elli
848 1569 939 1621 mco
955 1552 1160 1624 candelabri
1184 1570 1284 1646 vere,
1307 1574 1338 1642 c,
1358 1558 1496 1646 repete,

325 1665 562 1762 apprehendit
580 1671 740 1759 Osanna,
752 1672 840 1742 celle
856 1674 933 1742 voci
951 1674 1009 1744 del
1022 1679 1162 1763 cantor,
1181 1672 1285 1766 quasi
1302 1672 1421 1747 dicat:
1441 1673 1499 1747 in·

327 1788 448 1862 tellexi
465 1787 502 1860 in
521 1788 670 1863 vocibus
687 1789 899 1863 canentium
924 1789 1023 1883 quod
1047 1792 1243 1865 cantabant
1268 1794 1444 1887 hosanna,
1461 1800 1498 1867 et

327 1908 439 2001 bene;
464 1929 549 1983 nam
576 1910 750 2003 hosanna,
769 1908 860 1985 idest
876 1910 1048 2005 salvifica,
1065 1913 1163 2004 quod
1190 1932 1336 2007 semper
1364 1914 1499 1987 clamat

326 2029 477 2104 ecclesia
496 2029 653 2103 militans
677 2051 744 2126 per
768 2050 898 2105 omnes
918 2052 1003 2105 suas
1020 2032 1129 2127 acies,
1151 2032 1316 2107 videlicet
1341 2035 1497 2107 salutem

324 2150 510 2244 omnium3
533 2152 674 2241 macodo
688 2153 743 2243 soi
756 2142 787 2223 si
798 2172 925 2243 presso
942 2155 980 2226 di
995 2156 1051 2225 lor
1064 2158 1168 2247 sotto,
1193 2154 1280 2247 quia
1300 2154 1497 2229 veniebant

222 2259 224 2262 ’
325 2275 453 2343 contra
471 2289 544 2362 me,
570 2272 630 2341 che
646 2273 668 2342 l'
677 2270 799 2343 obtem
816 2291 955 2363 cuman,
972 2272 1117 2365 scilicet,
1137 2272 1267 2370 figura,
1285 2276 1345 2347 che
1357 2276 1382 2346 ’l
1395 2293 1498 2346 senso

324 2392 496 2480 macana,
514 2409 586 2461 non
608 2392 743 2493 pccdca
766 2393 869 2462 alcun
893 2412 958 2464 suo
982 2398 1067 2482 otto,
1085 2392 1171 2484 quia
1199 2412 1270 2467 non
1296 2392 1498 2487 decipiebat

326 2508 467 2601 visum,
479 2530 547 2601 per
571 2512 760 2600 disiuncto,
786 2510 921 2586 scilicet
947 2512 1104 2608 longam.
1132 2512 1175 2584 Et
1200 2512 1258 2587 bic
1288 2519 1373 2587 nota
1399 2514 1497 2606 quod

325 2628 477 2721 quilibet
488 2648 664 2702 sensuum
679 2630 788 2704 habet
801 2630 991 2725 proprium
1004 2631 1202 2726 obiectum,
1215 2631 1308 2707 sicut
1321 2634 1420 2707 visus
1433 2653 1497 2708 co-

325 2749 456 2844 lorem,
481 2748 629 2824 auditus
654 2769 798 2843 sonum,
824 2750 998 2824 odoratus
1020 2750 1218 2843 odorabile,
1239 2758 1357 2827 tactus
1378 2753 1497 2849 tangi·

325 2868 409 2964 bile,
426 2876 557 2965 gustus
582 2889 771 2964 saporem3
789 2877 827 2943 et
843 2869 953 2944 babet
969 2890 1180 2965 commune,
1199 2872 1293 2946 sicut
1318 2893 1497 2947 numerus

326 2995 364 3063 el
389 2988 508 3084 ligura
537 2988 769 3084 cognoscitur
799 3010 864 3083 per
879 2982 915 3081 (¹)
949 2996 1099 3064 motum.
1132 2992 1224 3066 Nota
1255 2992 1365 3066 etiam
1397 2993 1496 3086 quod

325 3111 425 3185 risus
450 3111 636 3184 humanus
656 3130 728 3182 non
748 3115 902 3203 potesta
924 3111 1033 3207 longe
1049 3131 1272 3207 cognoscere
1298 3120 1335 3187 et
1359 3112 1496 3187 discer-

325 3251 416 3305 nere
428 3228 669 3323 quantitatem
682 3237 719 3302 et
732 3228 943 3323 qualitatem
957 3230 1100 3323 obiecti,
1115 3231 1208 3305 sicut
1221 3238 1319 3327 patet
1332 3232 1368 3305 iu
1382 3232 1496 3323 stella,

324 3372 408 3445 quae
434 3350 578 3424 videtur
604 3349 708 3422 uobis
733 3352 885 3444 parvula
908 3350 943 3424 in
961 3351 1176 3445 quantitate,
1198 3374 1284 3427 cum
1309 3360 1432 3428 tamen
1450 3352 1496 3426 sit

323 3470 441 3545 maior
467 3475 543 3543 tota
568 3475 686 3561 terra3
709 3469 758 3542 ita
784 3468 821 3542 in
846 3470 1001 3545 terrenis
1018 3471 1198 3565 videmus,
1216 3472 1314 3566 quod
1333 3472 1362 3546 si
1383 3473 1495 3546 bomo

322 3590 368 3664 sit
392 3590 429 3662 iu
454 3588 627 3663 altissima
646 3588 741 3661 tuni
762 3588 907 3663 videtur
923 3611 1036 3685 parva
1056 3591 1153 3685 aris3
1174 3592 1222 3667 ita
1249 3592 1284 3665 in
1312 3594 1496 3688 proposito

322 3712 389 3786 ista
414 3708 633 3785 caudelabra
659 3715 766 3784 erant
790 3709 828 3782 in
853 3730 894 3784 se
919 3711 1093 3805 maxima,
1120 3718 1245 3786 tamen
1274 3713 1495 3788 videbantur
1579 3734 1581 3741 ’

323 3852 435 3928 parra
462 3837 504 3903 ut
529 3830 691 3905 arbores.
706 3834 816 3903 —Dr'
838 3850 959 3922 sopra.
992 3831 1057 3905 llic
1087 3839 1194 3926 poeta
1224 3839 1370 3907 ostenso
1396 3835 1495 3926 quod

323 3972 412 4027 vere
437 3951 609 4047 cognovit
634 3949 864 4043 candelabra,
889 3950 1045 4024 ostendit
1075 3952 1174 4044 quod
1205 3954 1375 4048 cognovit
1402 3976 1495 4047 qua·

323 4072 406 4146 liter
430 4072 478 4145 ab
503 4072 555 4146 eis
580 4070 799 4165 procedebat
825 4071 950 4145 lumen
975 4070 1074 4143 illud.
1097 4070 1198 4145 Unde
1223 4072 1326 4145 dicit:
1353 4076 1387 4146 ll
1409 4076 1495 4147 hello

323 4212 461 4281 moeso,
486 4191 590 4287 idest,
611 4193 739 4286 pulcer
763 4197 916 4265 ornatus
941 4190 1260 4284 candelabrorum,
1280 4212 1302 4265 a
1321 4212 1396 4284 quo
1415 4212 1495 4266 ma-

323 4319 387 4387 nat
411 4332 522 4386 omne
548 4314 730 4407 pulcrum,
750 4313 1023 4403 fiammcpqicoc
1048 4312 1086 4383 di
1108 4330 1233 4402 sopra,
1259 4310 1362 4403 idest,
1383 4332 1495 4406 super

322 4453 363 4507 se
387 4432 539 4507 ardebat
565 4438 601 4507 et
627 4431 818 4506 emittebat
841 4431 1008 4505 llammas
1033 4429 1205 4504 iacientes
1237 4429 1340 4503 illum
1375 4433 1496 4525 splen-

320 4549 449 4625 dorem
475 4551 512 4623 in
538 4551 689 4624 modum
722 4550 825 4647 ignis.
859 4550 902 4622 Et
931 4548 1094 4623 declarat
1125 4550 1260 4624 aruesii
1290 4550 1493 4627 claritatem

319 4691 386 4765 per
411 4670 570 4745 nobilem
595 4670 906 4766 comparationem
933 4670 980 4744 de
1010 4690 1051 4745 se
1078 4669 1321 4764 manifestam,
1350 4671 1493 4746 dicens:

218 4888 222 4892 ,
317 4788 379 4885 pit
402 4794 524 4866 cltc'cro
549 4796 657 4885 assai,
687 4790 776 4865 illud
801 4791 1001 4886 aruesium,
1028 4795 1088 4864 che
1114 4795 1199 4864 lonc
1215 4813 1285 4884 por
1308 4812 1432 4864 sereno
1458 4794 1496 4865 di

385 5053 414 5117 (¹)
430 5058 485 5115 ur,
502 5067 550 5117 per
565 5054 649 5105 rtrum
665 5058 692 5104 ec
707 5058 816 5104 uotum.
