4342 6692
683 867 754 936 320
1076 881 1281 938 comunruu
1306 883 1471 937 rnnuursr

682 1047 772 1101 uum
799 1033 835 1102 et
860 1025 1066 1101 marimum
1093 1027 1231 1102 lumen.
1257 1025 1362 1101 Un'de
1380 1025 1481 1102 dicit:
1508 1030 1650 1121 quando
1677 1030 1713 1101 lc
1738 1034 1857 1118 raon,

681 1146 784 1240 idest,
811 1167 918 1242 spera
935 1147 1030 1242 coeli,
1048 1146 1147 1240 quod
1174 1153 1213 1220 tu
1228 1139 1265 1239 (¹)
1293 1145 1515 1223 eternaliter
1540 1153 1577 1222 et
1602 1167 1748 1243 semper
1774 1168 1857 1244 mo-¹

681 1290 745 1344 ves
770 1275 807 1344 et
832 1268 940 1366 regis,
959 1275 1011 1362 tu,
1030 1267 1123 1362 dico,
1140 1269 1350 1361 desiderato,
1370 1289 1392 1343 a
1418 1268 1551 1342 sanctis
1578 1274 1615 1343 et
1641 1267 1776 1362 beatis;
1797 1269 1856 1345 vel

681 1389 739 1464 dic
764 1388 905 1483 melius,
932 1388 1032 1483 quod
1051 1387 1216 1482 loquitur
1237 1387 1395 1485 physice,
1413 1387 1560 1483 scilicet,
1574 1389 1674 1485 quod
1692 1390 1851 1484 primum

682 1530 834 1584 movens
869 1515 992 1584 movet
1028 1515 1217 1603 tamquam
1250 1516 1416 1584 amatum
1449 1517 1488 1586 et
1518 1510 1777 1605 desideratum,
1804 1513 1852 1584 nrt

678 1635 752 1727 fece
775 1637 895 1721 attero,
913 1627 1016 1722 idest,
1033 1635 1228 1722 attentum,
1254 1649 1279 1701 a
1302 1626 1352 1720 sd,
1377 1629 1479 1724 idest,
1503 1629 1550 1704 ad
1575 1630 1689 1727 ipsam
1718 1637 1853 1726 rotam3

681 1757 719 1826 et
743 1769 830 1824 ecce
854 1747 1061 1844 quomodo:
1091 1769 1158 1822 con
1191 1750 1406 1841 tormonte,
1432 1749 1535 1843 idest,
1569 1748 1737 1844 melodia,
1769 1770 1852 1848 quae

681 1877 858 1945 causatur
882 1890 905 1943 a
930 1875 1035 1944 motu
1059 1869 1154 1965 coeli,
1180 1872 1241 1944 cte
1264 1871 1409 1962 temperi
1437 1891 1456 1943 e
1485 1871 1770 1962 dissonanter
1802 1877 1855 1945 tot

680 2011 806 2086 speras
833 1989 996 2065 diversas
1021 1988 1347 2086 correspondentes
1372 1989 1419 2064 ad
1444 2009 1485 2064 se
1509 1989 1678 2065 invicem.
1700 1993 1764 2065 Est
1786 2013 1856 2086 au-

681 2094 760 2188 tem
787 2110 846 2186 hic
872 2111 1071 2186 notandum
1098 2109 1371 2204 delectabiliter,
1390 2109 1488 2205 quod
1507 2109 1603 2184 ultra
1623 2131 1667 2186 ea
1682 2132 1767 2205 quae
1785 2111 1854 2185 mi-

684 2231 812 2306 rabilia
838 2230 963 2326 scripsi
989 2229 1196 2327 Purgatorii
1223 2229 1382 2326 capitulo
1405 2232 1436 2306 ll
1460 2230 1507 2307 de
1531 2232 1690 2326 potentia
1714 2239 1750 2308 et
1775 2233 1855 2308 effi-

682 2349 786 2425 cacia
821 2351 970 2424 musicae
996 2350 1033 2424 in
1063 2351 1203 2424 bonum
1234 2355 1271 2425 et
1301 2351 1338 2425 in
1368 2351 1521 2445 malum,
1547 2352 1688 2428 maiora
1715 2358 1851 2428 restant

684 2469 849 2544 dicenda.
876 2469 1012 2544 Musica
1036 2469 1133 2544 enim
1161 2469 1294 2544 dicitur
1318 2491 1399 2546 esse
1432 2470 1468 2544 in
1487 2491 1635 2546 novem
1669 2472 1856 2548 ordinibus

666 2589 920 2686 angelorum,
938 2589 1001 2684 qui
1021 2597 1171 2666 cantare
1188 2611 1261 2665 non
1279 2597 1421 2666 cessant
1438 2589 1474 2665 iu
1493 2611 1626 2666 novem
1646 2591 1760 2688 speris
1774 2614 1855 2690 ¹cre-

684 2711 821 2805 lorum,
835 2731 920 2806 quae
933 2718 1036 2785 motu
1051 2731 1121 2785 suo
1135 2710 1273 2785 iaciunt
1290 2710 1494 2786 mirabilem
1515 2712 1857 2788 harmoniamldu-

686 2829 762 2904 sica
788 2836 914 2906 movet
938 2837 976 2904 et
999 2829 1155 2904 delectat
1184 2829 1306 2904 omnia
1338 2829 1532 2906 animalia:
1558 2831 1727 2907 videmus
1756 2833 1853 2908 euim

684 2947 857 3023 delacio
890 2947 989 3043 quod
1023 2947 1110 3043 equi
1145 2948 1262 3046 magis
1299 2949 1552 3025 accenduntur
1585 2957 1623 3025 et
1650 2952 1856 3028 exultantes

690 3068 783 3144 liunt
807 3067 1047 3143 animosiores
1072 3067 1108 3141 in
1134 3068 1271 3164 proeliis
1299 3056 1489 3144 ordientes
1517 3089 1653 3143 sonum
1679 3071 1854 3144 tubarum

685 3188 904 3265 etaliorum
935 3188 1279 3264 instrumentorum.
1307 3187 1443 3263 Musica
1473 3189 1635 3264 manime
1666 3196 1795 3286 regnat
1819 3189 1857 3264 in

686 3308 817 3384 avibus
841 3308 1034 3401 nobilibus,
1052 3314 1095 3381 ut
1120 3307 1166 3382 de
1191 3329 1230 3382 se
1256 3313 1365 3404 patet.
1383 3308 1543 3383 Ilulcedo
1569 3309 1680 3383 etiam
1707 3309 1855 3384 musica

689 3428 805 3526 tangit
836 3427 962 3525 pisces,
989 3428 1082 3503 sicut
1121 3434 1294 3504 narratur
1332 3429 1378 3504 de
1414 3428 1582 3524 delphine
1611 3429 1764 3525 Arionis,
1792 3429 1854 3524 qui

689 3548 801 3623 Arion
826 3555 902 3622 tam
929 3548 1144 3623 mirabiliter
1168 3548 1328 3624 cantavit
1359 3569 1444 3623 cum
1471 3549 1549 3646 lyra
1579 3549 1617 3624 in
1649 3551 1733 3626 navi
1759 3550 1856 3644 quod

686 3667 832 3763 delphin
857 3668 1007 3742 veniens
1031 3666 1078 3742 ad
1103 3668 1248 3742 dulcem
1275 3689 1408 3743 sonum
1430 3669 1566 3764 recepit
1586 3690 1674 3744 eum
1695 3670 1733 3744 in
1751 3675 1853 3766 tergo

686 3809 757 3863 suo
782 3794 820 3862 et
844 3785 1066 3862 incolumem
1092 3787 1250 3883 portavit
1274 3788 1320 3862 ad
1348 3789 1443 3881 litus,
1462 3789 1557 3864 sicut
1574 3795 1726 3864 narrant
1753 3789 1856 3863 multi

688 3929 762 3984 non
788 3909 908 3982 solum
925 3914 1055 4003 poetae,
1075 3907 1266 3984 sedetiam
1287 3909 1577 4007 historiographi,
1596 3911 1690 3985 sicut
1709 3911 1856 3985 Ovidius

686 4027 779 4102 libro
804 4027 1010 4121 Fastorum,
1036 4027 1262 4125 Augustinus
1292 4029 1327 4102 in
1359 4029 1405 4104 de
1439 4029 1591 4106 Ciuitate
1617 4031 1694 4126 Ilei,
1720 4031 1856 4130 Tullius

686 4154 725 4225 et
755 4148 960 4225 Herodotus
993 4169 1150 4243 magnus
1185 4150 1359 4245 magister
1394 4172 1526 4247 graecae
1564 4151 1733 4243 historia.
1764 4150 1855 4239 Quid

688 4289 779 4367 crgo
796 4271 977 4344 miramur
993 4268 1023 4344 si
1042 4270 1180 4344 musica
1193 4270 1404 4344 dominatur
1421 4271 1457 4345 in
1474 4271 1683 4346 hominihus
1697 4279 1734 4348 et
1749 4292 1856 4346 ener-

688 4397 794 4466 cetur
819 4389 856 4464 iu
880 4389 1034 4464 divinis?
1058 4390 1187 4466 Nonne
1200 4381 1237 4483 (²)
1256 4390 1292 4464 in
1319 4391 1379 4466 illo
1408 4393 1545 4486 templo
1571 4391 1731 4466 mirabili
1756 4392 1857 4468 Salo-

690 4509 821 4603 monis,
842 4509 938 4603 quod
956 4508 1135 4584 Dominus
1153 4508 1218 4582 sihi
1236 4509 1405 4584 aedilicari
1425 4510 1507 4584 iecit
1528 4515 1629 4585 tanto
1654 4518 1803 4606 sumptu
1822 4517 1858 4584 ct

688 4636 869 4726 tempore,
882 4650 1028 4727 semper
1046 4631 1195 4705 luerunt
1214 4630 1420 4706 sacerdotes
1436 4631 1663 4706 celebrantes
1682 4631 1858 4726 solemnia

689 4771 776 4825 cum
811 4751 1033 4846 cantoribus,
1062 4749 1221 4842 citharis,
1254 4750 1412 4848 organis,
1438 4757 1476 4826 et
1506 4749 1585 4826 aliis
1619 4751 1766 4827 musicis
1790 4751 1857 4848 in·

752 5009 781 5072 (¹)
797 5009 828 5061 Ε.
846 5017 875 5062 tu
890 5011 960 5064 Deos
975 5013 1141 5064 eternaliter.
1391 5012 1419 5077 (¹)
1435 5013 1465 5064 E.
1482 5013 1593 5066 Numne.
