4342 6692
687 882 759 949 218
1045 893 1249 951 munnrurr
1274 894 1494 951 nunenmnn

685 1048 765 1116 urm
790 1050 846 1117 est
870 1040 917 1115 ad
943 1039 1057 1115 verba
1081 1041 1313 1137 angelorum,
1331 1038 1379 1113 ad
1398 1038 1546 1113 modum
1566 1058 1641 1132 quo
1659 1040 1720 1113 nir
1738 1041 1775 1113 in
1792 1061 1855 1116 ar-

685 1160 836 1235 boribus
849 1161 967 1256 primu
980 1162 1197 1258 congelatur
1209 1159 1255 1235 ad
1273 1167 1401 1235 ventos
1418 1159 1577 1255 lrigidos,
1590 1159 1721 1236 deinde
1737 1161 1856 1256 liqua-

684 1287 748 1353 tnr
772 1280 819 1355 ad
845 1287 972 1356 ventos
996 1280 1141 1355 calidos.
1167 1280 1274 1355 Nunc
1297 1279 1424 1355 ordina
1452 1280 1594 1353 literam
1621 1288 1659 1354 et
1682 1289 1856 1357 construe

685 1400 757 1475 sic:
782 1406 824 1474 lo
844 1404 896 1495 fil
907 1392 969 1492 aad
993 1393 1065 1473 curi
1088 1420 1198 1474 senza
1223 1402 1372 1493 luymmc
1397 1422 1416 1473 c
1439 1402 1580 1493 serpat,
1605 1400 1749 1494 scilicet,
1767 1422 1854 1475 cum

686 1521 797 1595 corde
816 1521 987 1595 indurato
1003 1526 1040 1595 et
1057 1520 1253 1617 impetrato
1271 1521 1383 1595 nimiu
1400 1520 1527 1596 dolore
1544 1526 1581 1595 et
1598 1521 1749 1616 pudore,
1770 1526 1858 1595 anm

685 1646 713 1716 u
735 1649 862 1715 cantur
886 1646 925 1715 di
948 1645 1038 1733 quei,
1064 1641 1210 1735 scilicet,
1237 1642 1468 1737 augelorum,
1489 1644 1549 1714 cbe
1571 1651 1679 1716 notun
1703 1662 1854 1736 compre,

686 1764 790 1858 idest,
802 1770 948 1855 canunt,
966 1765 1078 1836 detra
1095 1765 1163 1835 atu
1179 1770 1258 1835 note
1274 1766 1366 1854 dupli
1381 1766 1490 1836 etcmd
1504 1766 1588 1854 piat,
1606 1763 1707 1857 idest,
1721 1784 1854 1839 secun·

684 1882 774 1957 dum
792 1882 1022 1957 harmoniam
1040 1888 1078 1956 et
1095 1882 1366 1976 proportionem
1381 1876 1419 1975 (¹)
1438 1884 1637 1977 coelorum,
1654 1905 1713 1956 mu
1733 1889 1768 1957 to
1785 1884 1857 1976 niel

683 2006 744 2076 cde
768 2006 888 2075 m'eru
911 2006 1052 2076 intorno
1072 2006 1112 2074 al
1129 2022 1216 2076 uror
1240 2005 1406 2093 mstrcuo,
1424 2002 1526 2097 idest,
1544 2004 1664 2099 gelata
1690 2004 1855 2079 conlusio

684 2142 769 2217 quae
793 2122 1053 2219 inglaciaverat
1077 2142 1143 2195 cor
1164 2140 1304 2215 meum,
1318 2126 1404 2217 [esst
1418 2126 1542 2215 spiram
1558 2130 1591 2194 et
1605 2144 1733 2215 acque,
1750 2124 1853 2216 idest,

683 2241 837 2337 suspiria
862 2247 899 2315 et
917 2242 1101 2337 lacrymae,
1119 2264 1137 2313 e
1153 2235 1225 2314 mci
1241 2244 1299 2315 det
1308 2250 1413 2337 pauo,
1431 2242 1533 2335 idest,
1551 2242 1598 2317 de
1619 2243 1730 2319 corde
1754 2243 1854 2337 quud

683 2368 739 2437 ent
762 2363 801 2435 in
825 2368 985 2457 pectore,
1002 2383 1069 2435 con
1088 2366 1257 2452 unverein
1272 2384 1340 2455 per
1360 2365 1396 2437 la
1414 2364 1520 2436 bocca
1543 2386 1563 2435 c
1584 2386 1650 2456 per
1669 2368 1719 2456 pli
1742 2367 1850 2458 occdi,

683 2502 770 2557 cnm
794 2483 962 2579 angustia
986 2482 1073 2575 oris,
1099 2482 1186 2576 quia
1215 2482 1335 2556 emisit
1363 2484 1529 2578 suspiria,
1556 2490 1593 2558 et
1619 2504 1705 2557 cum
1731 2504 1852 2581 angn-

683 2602 751 2677 stia
776 2604 981 2695 oculorum,
1000 2602 1086 2696 quia
1114 2602 1234 2676 emisit
1260 2602 1459 2697 lacrymam
1478 2606 1539 2695 poi
1554 2606 1649 2676 clr'io
1674 2606 1772 2677 intest
1796 2606 1854 2677 tor

683 2726 854 2815 mmpotr‘r
878 2744 903 2794 a
928 2743 995 2812 me,
1020 2722 1121 2815 idest,
1148 2728 1341 2817 postquam
1372 2722 1531 2797 intellexi
1562 2724 1850 2819 compassionem
1908 2794 1910 2799 .

682 2843 845 2939 ipsorum
872 2843 1089 2939 angelorum
1116 2862 1205 2939 erga
1237 2862 1308 2935 me,
1338 2844 1425 2915 nette
1455 2845 1546 2917 dulci
1576 2850 1717 2937 tcmpre,
1747 2844 1851 2938 idest,

682 2963 719 3037 in
735 2962 902 3037 dulcibus
919 2966 956 3036 et
973 2962 1183 3057 temperatis
1204 2960 1371 3038 cantibus
1389 2982 1532 3057 eorum,
1553 2966 1670 3055 pcrcb'
1683 2967 1763 3054 cau,
1780 2964 1851 3038 sci·

682 3082 776 3176 licet,
801 3082 933 3179 angeli,
958 3102 1100 3155 euersor
1124 3084 1228 3173 detto,
1255 3082 1409 3156 Beatrici
1425 3075 1480 3175 (ἧς
1508 3090 1652 3173 Denuo,
1673 3076 1852 3177 parete‘si

681 3206 715 3276 to
738 3205 914 3295 cumpro?
938 3201 1040 3295 idest,
1060 3200 1300 3296 distemperas
1317 3202 1435 3297 ipsum
1455 3204 1608 3279 Dantem
1635 3211 1673 3277 et
1696 3224 1851 3298 exaspe-

682 3343 741 3398 ms
765 3328 841 3397 tam
866 3322 985 3396 duret
1011 3320 1121 3396 modo
1148 3322 1223 3395 redi
1250 3343 1381 3417 supra:
1411 3316 1442 3395 si
1466 3344 1562 3397 come
1593 3344 1677 3397 nene
1705 3328 1736 3396 rt
1764 3342 1850 3395 cun⁵

679 3447 772 3536 pcto,
801 3443 902 3536 idest,
927 3443 1118 3538 glaciatur,
1136 3448 1195 3513 tra
1215 3445 1246 3515 tc
1267 3445 1341 3514 mne
1357 3446 1464 3534 bunt,
1481 3442 1583 3537 idest,
1603 3444 1768 3535 arbores,
1782 3464 1851 3535 per

679 3566 714 3636 lo
738 3566 843 3636 docco
867 3564 902 3635 d'
915 3564 1033 3651 ltalia,
1059 3562 1161 3649 idest,
1180 3580 1245 3655 per
1265 3560 1400 3657 jngurn
1424 3563 1556 3636 montis
1575 3562 1765 3657 Apennini,
1783 3562 1847 3657 qttl

678 3682 804 3756 dividit
826 3686 940 3756 totam
967 3681 1105 3756 ltaliam
1133 3702 1198 3775 per
1225 3682 1387 3755 medium
1413 3682 1460 3755 ab
1490 3682 1633 3777 alpibus
1659 3683 1850 3777 usquead

680 3804 837 3899 pbnrum
854 3802 998 3895 Sicltlae3
1017 3802 1091 3895 nir,
1108 3801 1201 3895 dico,
1215 3806 1364 3894 soffiuta,
1382 3802 1483 3896 idest,
1501 3802 1665 3898 perflata,
1678 3825 1697 3876 c
1712 3810 1845 3896 atrato,

678 3924 781 4017 idest,
806 3924 1009 4019 congelata,
1034 3925 1121 3996 datlt
1146 3926 1237 3997 vend
1260 3924 1404 4011 coldum,
1421 3922 1523 4017 idest,
1543 3924 1762 4020 borealibus,
1784 3923 1847 4017 qui
1901 3970 1904 3975 -

679 4045 831 4121 veniunt
854 4064 877 4118 a
902 4043 1163 4139 septemtrione
1188 4049 1225 4117 et
1250 4047 1441 4117 transeunt
1457 4060 1523 4137 per
1541 4043 1767 4118 subveniam
1788 4064 1848 4118 re·

678 4165 837 4261 giouem,
864 4164 927 4237 ubi
951 4169 1039 4236 sunt
1063 4179 1155 4237 vere
1184 4162 1300 4259 rigidi,
1326 4163 1421 4236 sicut
1451 4162 1693 4257 experiuntur
1725 4163 1847 4238 miseri

679 4284 863 4377 naucleri;
885 4287 948 4376 poi
971 4287 1162 4377 tiquesuttu,
1189 4282 1291 4375 idest,
1319 4282 1478 4356 resoluta
1495 4272 1545 4375 (³),
1571 4284 1720 4375 trapam,
1745 4281 1847 4376 idest,

677 4403 835 4498 distillm,
851 4424 873 4477 a
894 4403 1013 4497 simili,
1029 4397 1135 4477 sicle
1156 4407 1263 4496 [uoco
1276 4423 1348 4493 por
1362 4404 1492 4495 former
1509 4404 1545 4475 lu
1561 4404 1723 4493 cmuciatu,
1743 4402 1848 4495 quasi

677 4523 783 4617 dicat,
809 4523 903 4597 sicut
927 4542 1013 4597 cera
1039 4522 1207 4615 liquescit
1230 4521 1276 4596 ad
1304 4522 1439 4617 mnam,
1458 4522 1507 4595 ita
1536 4522 1598 4596 nix
1624 4522 1670 4597 ad
1696 4530 1846 4597 ventum

677 4643 888 4718 australem.
915 4640 1018 4717 Unde
1042 4642 1145 4716 dicit:
1168 4662 1239 4735 pur
1255 4644 1315 4715 clu
1331 4645 1367 4715 ta
1385 4649 1496 4731 maru,
1512 4642 1661 4735 scilieet,
1678 4642 1847 4717 australis

677 4762 835 4837 existens
861 4763 931 4835 sub
947 4761 1201 4857 aequinoctiali,
1220 4764 1279 4835 cde
1294 4765 1407 4855 perde
1426 4762 1564 4855 codro,
1584 4764 1683 4857 quia,
1700 4763 1845 4857 scilicet,

682 4930 1010 4939 -—-——-—-——-·-—------—
1028 4930 1106 4936 ...μ-.-
1118 4930 1214 4936 ...-.-
1225 4930 1316 4935 .--.-.
1330 4930 1429 4937 -ο-

741 5025 767 5088 l'l
784 5026 815 5076 E.
831 5016 1018 5089 proportiones·
1114 5022 1142 5087 (¹)
1158 5024 1189 5077 u.
1205 5025 1303 5077 scilieet
1317 5026 1437 5077 ltentrlnl·
1532 5026 1559 5088 (ἢ
1574 5026 1605 5077 Β.
1622 5026 1754 5079 unium
