4342 6692
646 940 784 996 murus
809 942 1025 1001 rnrunsmus
1050 940 1245 998 sncuunus.
1458 933 1529 999 245

359 1095 444 1162 tuor
469 1087 634 1162 coronati
659 1093 741 1181 etc,
768 1093 853 1160 mlta
878 1094 1125 1179 tropussoaue,
1150 1087 1347 1163 circuendo
1375 1109 1529 1163 currum

360 1215 550 1304 tamquam
569 1209 694 1303 polum
713 1228 824 1281 sunm
842 1209 979 1303 pariter
996 1208 1034 1281 in
1052 1228 1096 1283 se
1116 1216 1310 1304 rotantem,
1323 1212 1411 1302 pria
1432 1214 1492 1284 cde
1506 1213 1533 1289 ’l

359 1349 481 1422 curro,
509 1348 622 1422 quem
650 1328 816 1403 trahebat
840 1330 1015 1424 gryphus,
1039 1331 1197 1421 ptepasse
1221 1330 1249 1401 ll
1267 1332 1387 1421 primo
1412 1332 1529 1421 lepno,

311 1521 315 1525 Α
361 1448 506 1542 scilicet,
515 1456 701 1524 temonem
714 1449 760 1524 ad
773 1448 980 1545 gyrandum
995 1448 1170 1544 similiter,
1180 1449 1274 1523 sicut
1287 1449 1335 1523 illi
1348 1450 1532 1544 fecerant3

360 1568 516 1662 asimili,
529 1590 625 1643 come
635 1571 772 1643 sellim
784 1572 927 1661 volpest,
939 1570 1077 1663 stricta,
1090 1576 1178 1643 sotto
1192 1572 1217 1643 o·
1228 1573 1338 1661 scorti,
1351 1570 1533 1646 servando

363 1690 530 1775 ordinem
554 1690 656 1785 aciei,
671 1712 738 1783 per
754 1694 922 1782 empore,
936 1710 983 1765 ne
1001 1684 1038 1783 (¹)
1054 1690 1229 1786 recipiant
1248 1691 1512 1767 detrimentum
1522 1717 1540 1787 ;·

362 1806 444 1885 esd
466 1814 562 1902 pua,
588 1810 690 1905 idest,
711 1816 749 1885 et
773 1810 887 1885 volvit
911 1831 951 1885 se
976 1810 1014 1884 in
1038 1832 1188 1907 gyrum,
1208 1814 1264 1884 col
1285 1833 1407 1905 seprio,
1429 1812 1533 1907 idest,

362 1930 474 2005 simul
498 1952 586 2005 curn
611 1930 755 2024 vexillo,
771 1932 894 2023 prima
918 1932 977 2002 ete
995 1952 1107 2023 possa
1132 1937 1217 2004 tutta
1240 1933 1279 2003 ie
1302 1953 1339 2004 se
1364 1936 1534 2026 mutursi;

363 2050 467 2144 idest,
483 2058 685 2143 antequam
710 2049 931 2144 posteriores
955 2051 1093 2146 possint
1108 2070 1238 2126 ornnes
1260 2072 1339 2126 esse
1357 2050 1534 2127 revoluti:

363 2172 469 2266 sicut,
483 2170 588 2247 verbi
608 2170 740 2267 gratia,
760 2170 790 2243 si
807 2170 905 2245 acies
922 2170 1059 2245 vadens
1075 2190 1207 2245 versus
1226 2172 1393 2247 occidens
1411 2172 1536 2266 aliquo

363 2315 452 2369 casu
479 2297 599 2367 vertat
618 2312 659 2365 se
676 2290 724 2365 ad
743 2290 866 2365 oriens
891 2297 1042 2386 propter
1065 2312 1173 2366 suam
1195 2292 1363 2386 salutem,
1381 2292 1537 2367 manile-

363 2420 463 2489 stum
480 2410 651 2506 estquod
671 2410 720 2483 illi
737 2411 802 2505 qui
818 2416 1028 2505 sequuntur
1053 2411 1090 2484 in
1116 2410 1188 2486 fine
1206 2422 1407 2487 nonerunt
1427 2432 1536 2487 revo-

364 2536 431 2611 luti
448 2534 557 2609 simnl
581 2538 619 2607 et
637 2532 753 2607 semel
770 2551 856 2605 cum
874 2531 1000 2628 primis
1017 2551 1148 2605 versus
1165 2532 1299 2625 oriem,
1317 2533 1392 2607 imo
1416 2532 1537 2607 adlruc

364 2664 475 2733 erunt
500 2655 734 2750 respicientes
759 2674 890 2729 versus
915 2653 1093 2729 occidens.
1112 2654 1156 2726 Et
1174 2654 1231 2728 hic
1249 2661 1335 2729 nota
1352 2655 1450 2749 quod
1473 2674 1537 2749 per

366 2779 436 2853 hoc
462 2784 567 2873 poeta
593 2777 656 2852 dat
681 2774 830 2870 intelligi
856 2774 955 2868 quod
980 2794 1109 2849 omnes
1141 2775 1340 2869 prophetie
1372 2781 1409 2849 et
1438 2777 1537 2870 teges

366 2897 501 2973 veteris
531 2895 739 2971 testamenti
771 2901 878 2969 erant
905 2893 1110 2989 adimpletas
1141 2900 1341 2989 antequam
1373 2895 1538 2969 Christus

367 3017 534 3091 firmaret
552 3014 775 3111 primitivam
794 3013 1005 3107 ecclesiam3
1020 3013 1102 3088 ideo
1120 3014 1209 3089 dixit
1224 3006 1281 3106 (²):
1301 3034 1539 3089 consumma·

368 3146 448 3211 turn
475 3138 707 3213 est—Indi.
733 3135 839 3209 Nunc
865 3141 973 3229 poeta
998 3134 1155 3209 ostendit
1186 3135 1372 3229 quomodo
1402 3154 1537 3211 currus

368 3257 526 3333 moverit
549 3275 721 3349 campum
753 3261 834 3350 post
865 3253 1083 3349 exercitum,
1109 3254 1173 3347 qui
1194 3255 1272 3349 jam
1300 3254 1537 3349 transiverat3

368 3386 405 3454 et
434 3376 651 3451 continuans
676 3394 716 3449 se
741 3372 858 3470 tangit
886 3373 1190 3468 preparationem
1222 3374 1368 3469 iactam,
1394 3374 1537 3449 dicens:

367 3496 461 3589 lodi,
486 3495 590 3589 idest,
614 3493 756 3587 deinde,
782 3497 813 3567 le
837 3495 965 3583 donne,
991 3492 1138 3587 scilicet,
1156 3501 1296 3589 septem
1314 3493 1539 3589 virgineas·

369 3628 496 3693 torum
513 3619 709 3706 alternate,
726 3613 822 3688 illins
838 3633 984 3707 currus,
1004 3624 1165 3707 quatuor
1182 3615 1227 3689 ad
1250 3636 1376 3709 unam,
1401 3621 1476 3689 tres
1493 3615 1538 3689 ad

367 3738 490 3832 aliam,
516 3756 601 3831 quae
626 3734 727 3831 prius
753 3740 983 3809 recesserant
1014 3742 1051 3808 et
1084 3734 1227 3809 iverant
1259 3735 1304 3809 ad
1335 3733 1537 3809 Beatricem

369 3861 408 3934 in
436 3859 602 3932 lavarem
631 3862 761 3951 poetae,
792 3857 861 3929 e’l
881 3857 1003 3947 prison
1028 3875 1140 3927 messe
1164 3858 1191 3929 tl
1223 3856 1395 3929 deludetto
1420 3875 1541 3949 carco,

369 3979 517 4072 scilieet,
543 3997 698 4051 currum
724 3976 760 4049 in
787 3996 861 4069 quo
892 3981 998 4049 erant
1028 3975 1148 4071 angeli
1175 3982 1212 4049 et
1245 3976 1404 4069 Beatus,
1429 3968 1458 4049 sl
1482 3978 1542 4049 ete

367 4089 457 4192 perd
481 4100 580 4172 nulla
605 4117 727 4189 penca
754 4099 947 4186 crollonac,
972 4095 1118 4168 alarum
1149 4116 1315 4189 suarum,
1342 4094 1427 4188 quia
1454 4094 1540 4169 nihil

371 4217 418 4293 de
434 4218 632 4298 divinitate
664 4223 849 4291 mutatum
883 4220 950 4309 est,
985 4214 1153 4308 quamvis
1186 4221 1391 4289 mutaretur
1423 4215 1541 4289 lornra

372 4338 544 4413 ecclesie.
562 4338 608 4411 Et
631 4336 754 4411 subdit
778 4325 935 4430 qualiter
952 4334 1030 4429 ipse
1046 4341 1194 4410 secutus
1212 4342 1267 4411 est
1283 4354 1435 4409 currum
1455 4355 1540 4409 cunr

372 4458 509 4552 paucis,
534 4456 677 4532 dicens:
709 4459 747 4529 la
770 4456 860 4530 tello
884 4458 1019 4547 donne,
1038 4454 1195 4548 scilicet,
1220 4454 1394 4531 Mathildis
1427 4454 1543 4529 comi-

373 4578 458 4652 tissa
481 4576 689 4671 christiana,
714 4579 774 4650 cle
798 4578 847 4649 mi
871 4583 985 4649 amsa
1010 4578 1049 4647 ul
1071 4596 1192 4666 vareo,
1219 4594 1285 4669 per
1309 4595 1445 4667 aquam
1472 4576 1542 4649 llu-

372 4698 480 4772 minis
515 4698 562 4773 ad
600 4717 653 4791 se,
688 4719 707 4770 e
739 4699 878 4786 Sluzio,
910 4701 1018 4788 poeta
1052 4694 1269 4769 christianus
1303 4694 1365 4788 qui
1400 4696 1543 4771 occulte

366 4819 517 4913 juverat
542 4817 768 4910 christianos,
793 4822 827 4888 et
848 4818 896 4905 io,
924 4814 987 4907 qui
1005 4834 1082 4907 prae
1098 4814 1240 4888 caeteris
1257 4812 1460 4887 christianis
1481 4836 1543 4889 ro-

435 5000 463 5063 ν)
480 5004 533 5061 tlt,
549 5012 583 5051 ne
599 5001 735 5063 reciperet.

436 5076 464 5141 (¹)
480 5078 511 5128 ll.
526 5077 591 5128 dixit
604 5078 633 5129 in
648 5078 765 5141 passione
779 5076 970 5141 pretiosissimo
984 5075 1087 5127 Crucis:
1105 5082 1312 5127 consummatum
1328 5082 1376 5129 est.
