4342 6692
687 878 735 945 Ἠ
1052 890 1257 947 comunt
1280 892 1498 949 ruuonwnu

684 1034 734 1111 ita
759 1034 858 1131 qnod
881 1042 1060 1127 peameca,
1084 1035 1163 1111 sire
1186 1034 1382 1133 genticula,
1400 1036 1486 1111 dicit
1501 1034 1560 1110 ltin
1576 1034 1856 1111 diminutionem

684 1155 721 1231 in
746 1155 934 1251 qualitate,
960 1176 1034 1232 non
1059 1156 1098 1231 in
1123 1156 1327 1252 quantitate
1351 1157 1603 1232 vel·numero.
1625 1157 1670 1231 Et
1695 1156 1802 1231 dicit:
1822 1146 1859 1233 ld

683 1278 784 1351 oo’et'
807 1280 919 1351 sendo
957 1280 994 1351 lu
1019 1280 1133 1371 mapa
1162 1279 1256 1351 dello
1283 1280 1460 1369 pimdzim
1491 1270 1609 1352 otest
1642 1280 1669 1352 li
1691 1281 1857 1372 pilleum

684 1396 788 1490 qnasi
820 1396 926 1492 dicat,
952 1396 1000 1472 ibi
1033 1416 1148 1494 prope
1175 1396 1361 1490 arborem,
1388 1398 1452 1472 ubi
1481 1398 1661 1473 sentiebat
1692 1419 1854 1494 poenam,

684 1538 770 1611 quae
802 1518 903 1613 juste
935 1525 1099 1595 macerat
1130 1538 1204 1593 eos.
1231 1517 1297 1593 Vel
1325 1517 1395 1611 dic,
1419 1519 1479 1610 ibt,
1503 1517 1595 1595 idest
1626 1518 1665 1593 in
1695 1524 1809 1615 gustu
1833 1540 1857 1597 a

684 1642 837 1733 gutture
861 1658 1023 1731 sursum,
1049 1637 1113 1712 ubi
1138 1636 1318 1715 sentiebat
1342 1636 1548 1712 cruciatum
1575 1636 1680 1712 lamis
1705 1644 1742 1715 et
1767 1638 1854 1715 sitis

685 1759 730 1833 dt
760 1758 861 1853 ponit
890 1758 1102 1853 petitionem
1135 1778 1242 1833 suam
1273 1757 1321 1832 ad
1354 1757 1633 1855 Bonagiuntam,
1664 1757 1855 1835 dicens:o

684 1880 1072 1971 maestissimum
1101 1898 1174 1971 pur
1203 1870 1234 1951 si
1259 1898 1368 1970 capa,
1393 1879 1496 1973 idest,
1516 1879 1635 1974 avida,
1666 1882 1704 1954 di
1724 1883 1855 1972 purim

684 2022 793 2092 meeo,
828 1993 930 2094 so'ai
967 2002 1067 2075 elt'io
1104 2002 1128 2073 τ’
1143 2002 1299 2090 merda,
1338 1999 1426 2094 quia
1464 2000 1725 2075 murmurabat
1761 2000 1855 2077 intra

683 2121 821 2215 dentes,
848 2120 898 2195 ita
923 2120 1022 2215 quod
1049 2141 1123 2196 non
1146 2126 1293 2219 potemt
1315 2118 1476 2215 intelligi,
1509 2120 1591 2195 ideo
1615 2118 1722 2195 dicit:
1747 2140 1767 2193 c
1791 2140 1857 2213 np-

679 2263 793 2337 papu,
819 2240 910 2316 idest
948 2240 1073 2335 quieta
1112 2246 1150 2315 te
1186 2247 1225 2315 et
1258 2259 1330 2334 me,
1355 2242 1412 2313 col
1446 2246 1506 2315 tuo
1526 2242 1660 2332 partor
1682 2242 1793 2313 eluro.
1809 2278 1859 2299 -

683 2364 862 2437 Foramina
894 2357 916 2437 e*
943 2368 1040 2436 nom.
1066 2361 1133 2436 llic
1157 2366 1265 2457 poeta
1293 2360 1395 2457 ponit
1428 2359 1702 2455 responsionem
1733 2361 1853 2436 Bona·

683 2481 822 2579 giuntae
847 2482 1130 2578 adpetitionem
1159 2481 1228 2577 sui,
1259 2481 1323 2576 qui
1352 2480 1516 2574 loquitur
1544 2480 1592 2556 de
1617 2481 1784 2575 materia,
1809 2481 1856 2559 de

684 2622 760 2697 qua
787 2600 905 2697 primo
930 2602 1201 2676 murmurabat.
1232 2599 1460 2698 Bonagiunta
1493 2601 1592 2675 euim
1626 2600 1665 2676 in
1694 2600 1756 2675 illo
1785 2620 1855 2676 suo

685 2742 882 2797 murmure
906 2720 1048 2797 dicebat
1073 2721 1121 2796 de
1144 2722 1262 2797 Dante
1286 2720 1324 2794 in
1349 2720 1456 2796 tertia
1481 2741 1662 2816 personet
1687 2720 1767 2815 iste,
1792 2720 1856 2814 qui

686 2841 883 2936 aliquando
914 2847 1057 2916 temere
1089 2841 1235 2916 locutus
1266 2840 1335 2915 llrit
1359 2840 1406 2915 de
1434 2840 1581 2916 civitate
1612 2841 1758 2934 lucana,
1783 2840 1856 2917 cito

685 2962 809 3037 veniet
832 2962 879 3037 ad
904 2962 1103 3036 videndum
1121 2982 1217 3056 eam,
1234 2967 1273 3036 et
1297 2961 1526 3037 emorabitur
1550 2961 1610 3036 ibi.
1638 2962 1729 3037 llicit
1745 2981 1853 3057 ergo:

683 3074 851 3157 commod
876 3084 920 3173 ci,
946 3082 1087 3178 supple,
1112 3081 1237 3157 dicere
1268 3081 1328 3157 ille
1354 3082 1607 3180 Bonagiunta:
1632 3076 1857 3157 temnebat

682 3210 771 3277 nutu
794 3224 813 3275 e
837 3223 910 3275 non
929 3210 1040 3295 portu
1064 3186 1179 3276 αηοον1
1203 3202 1330 3293 burda,
1350 3200 1438 3297 quia
1462 3208 1519 3277 est
1543 3201 1695 3297 innupta
1721 3202 1853 3297 puella»

682 3322 754 3397 lsta
780 3328 910 3397 vocata
934 3327 991 3398 est
1005 3322 1225 3419 Pargoletta,
1243 3321 1290 3397 de
1306 3342 1381 3417 qua
1399 3326 1510 3397 autor
1527 3322 1612 3397 iacit
1629 3321 1852 3397 mentionem

683 3441 777 3517 inira
802 3440 1112 3537 capitulollllll13
1139 3442 1246 3516 cuius
1262 3461 1392 3517 amore
1412 3449 1541 3538 eaptus
1560 3448 1626 3537 ert,
1648 3441 1739 3517 dum
1756 3447 1853 3516 tem·

683 3581 774 3657 pore
797 3562 896 3637 exilii
922 3561 979 3637 sui
1005 3562 1162 3637 venisset
1190 3562 1354 3657 Lucam3
1380 3562 1462 3637 ideo
1492 3562 1600 3637 dicit:
1626 3565 1688 3636 cle
1716 3566 1742 3636 ti
1766 3552 1855 3658 sord

678 3685 823 3775 penem
842 3684 879 3755 la
898 3686 970 3757 mio
986 3676 1080 3774 cittd,
1096 3682 1243 3778 scilieet,
1256 3683 1414 3776 Lucam,
1428 3690 1466 3757 et
1481 3682 1586 3759 dicit:
1600 3704 1697 3757 come
1712 3687 1854 3759 ct’non

683 3804 722 3876 lo
745 3806 927 3895 riprende.
953 3804 1030 3878 Hoc
1053 3803 1150 3897 dicit,
1177 3802 1263 3899 quia
1288 3804 1423 3877 Dentes
1447 3803 1498 3877 ita
1522 3802 1644 3899 arguit
1667 3803 1852 3879 civitatem

684 3924 855 3999 lucanam
875 3922 922 3999 de
946 3923 1144 4018 barataria,
1161 3923 1224 3998 ubi
1242 3923 1331 3998 dixit
1348 3923 1394 3998 de
1410 3925 1573 3999 Antianis
1597 3930 1732 4001 sancte
1752 3925 1848 4001 Zitte.

683 4045 727 4119 ltt
750 4044 838 4139 quia
868 4046 1013 4121 locutus
1038 4044 1161 4120 luerat
1185 4044 1354 4138 obscure,
1378 4044 1520 4121 subdit:
1553 4053 1588 4119 to
1617 4052 1650 4119 te
1673 4048 1708 4119 π’
1721 4048 1854 4121 andrai

681 4186 747 4238 eoa
772 4170 890 4257 questo
915 4166 1127 4255 undoedere,
1145 4164 1247 4259 idest,
1265 4185 1350 4239 cum
1369 4165 1438 4240 isto
1454 4166 1698 4262 prognostico,
1716 4166 1753 4239 in
1777 4187 1853 4260 qno

614 4292 618 4299 '
682 4282 792 4359 tacite
826 4284 992 4378 predixit
1016 4284 1082 4359 sibi
1108 4283 1260 4359 exilium
1287 4306 1410 4359 suum.
1436 4286 1480 4360 ltt
1510 4285 1615 4360 dicit:
1640 4308 1679 4359 se
1701 4289 1853 4361 nelarie

681 4422 887 4477 mormornr
900 4405 1079 4498 prandenti
1093 4424 1232 4493 errore,
1252 4405 1407 4480 credens
1426 4406 1525 4500 qnod
1541 4405 1702 4481 dicerem
1720 4406 1767 4481 de
1783 4406 1856 4482 aira

682 4522 849 4617 materia,
883 4526 1136 4599 detornant
1163 4545 1277 4598 aanor
1309 4528 1342 4599 le
1370 4546 1449 4599 cose
1480 4547 1573 4618 uere,
1602 4526 1708 4620 quasi
1738 4526 1852 4601 dieat:

681 4643 754 4718 cito
772 4642 909 4718 ridebis
921 4644 1108 4737 ellectum,
1123 4650 1161 4719 et
1178 4644 1432 4719 recordaberis
1449 4646 1650 4722 verborum
1670 4667 1853 4741 meorum,

682 4783 766 4857 que
792 4762 963 4839 videntur
993 4764 1104 4840 modo
1134 4764 1271 4839 clausa.
1284 4770 1409 4839 -lia
1433 4768 1492 4840 dt’.
1519 4765 1585 4841 llic
1613 4764 1855 4862 Bouagiuuta,

683 4882 770 4978 quia
795 4884 933 4959 iecerat
959 4884 1183 4960 mentionem
1210 4885 1257 4961 de
1280 4906 1410 4961 amore
1434 4886 1561 4961 inturo
1585 4886 1737 4981 autoris,
1754 4908 1854 4965 nunc

684 5004 768 5079 lacit
794 5004 1016 5080 mentionem
1042 5005 1089 5081 de
1113 5025 1243 5081 amore
1268 5007 1452 5101 praeterito
1469 5008 1559 5084 eius.
1578 5007 1725 5083 Sciebat
1740 5008 1850 5105 enim,
