4342 6692
671 889 742 958 390
1062 903 1268 961 comarum
1293 906 1459 959 rnnnmsr

668 1068 693 1122 a
718 1045 800 1123 lide
826 1047 869 1121 Et
894 1068 982 1123 ecce
1006 1048 1212 1142 quomodo:
1238 1049 1338 1144 quia,
1352 1053 1452 1143 forse
1475 1070 1540 1123 suo
1560 1070 1659 1143 orco,
1680 1048 1782 1143 idest,
1800 1069 1842 1123 os

670 1167 840 1262 Platonis,
854 1168 953 1262 quod
969 1169 1102 1243 emittit
1118 1189 1328 1245 sermonem
1347 1188 1456 1242 suum
1476 1174 1651 1262 mnquam
1671 1166 1841 1264 sagittam

669 1295 830 1381 acuam,
853 1296 1015 1380 percocto
1029 1293 1067 1363 in
1083 1291 1186 1363 deun
1203 1310 1301 1382 uero,
1323 1287 1426 1382 idest,
1447 1287 1541 1363 torte
1567 1288 1681 1384 tangit
1706 1288 1841 1382 aliquid

671 1407 844 1503 veritatis,
857 1411 955 1501 s’epl'
967 1412 1105 1485 inundo
1120 1413 1241 1483 donor
1256 1411 1334 1483 eeu
1344 1412 1531 1502 instvoenzio
1547 1411 1601 1481 e't
1615 1409 1749 1483 diusmo
1766 1416 1842 1483 tor·

669 1550 741 1603 nur
766 1550 790 1601 a
814 1537 928 1621 queste
951 1538 1062 1624 mute,
1092 1530 1194 1626 idest,
1221 1530 1344 1624 stellis,
1370 1530 1421 1604 ita
1453 1530 1551 1624 quod
1584 1528 1768 1604 inclinatio
1797 1528 1843 1605 ad

671 1648 848 1724 virtutem
865 1655 902 1724 ct
919 1649 1047 1724 vitium
1071 1642 1348 1741 adscribatur(¹i
1365 1649 1483 1724 astris.
1502 1650 1546 1722 Et
1566 1650 1624 1723 hic
1642 1656 1728 1724 nota
1745 1648 1842 1744 quod

670 1774 778 1864 poeta
802 1769 967 1864 loquitur
991 1770 1098 1845 valde
1122 1776 1242 1864 caute,
1260 1769 1347 1863 quia
1363 1768 1449 1844 dicit
1469 1770 1538 1843 sub
1563 1768 1789 1844 dubitatione
1805 1774 1843 1843 et

668 1909 736 1984 pro
761 1896 878 1984 parte,
903 1890 987 1964 licet
1011 1890 1109 1965 enirn
1136 1890 1242 1985 primi
1270 1896 1391 1963 motus
1416 1888 1488 1961 sint
1512 1909 1536 1963 a
1561 1888 1666 1982 coelo,
1689 1908 1762 1961 non
1787 1893 1842 1963 ta-

670 2029 757 2083 men
782 2030 939 2105 semper.
965 2010 1058 2085 Nota
1084 2010 1208 2104 etiam,
1236 2030 1282 2084 ne
1311 2015 1421 2085 autor
1452 2008 1620 2083 videatur
1655 2008 1717 2085 tibi
1749 2027 1844 2083 vane

670 2130 882 2223 somniasse,
909 2129 1008 2223 quod
1033 2129 1136 2207 Plato
1162 2150 1318 2226 magnus
1344 2129 1613 2226 metaphysicus
1639 2128 1708 2202 luit
1732 2127 1843 2203 etiam

671 2256 797 2345 poeta,
815 2250 898 2324 idco
924 2251 1039 2323 multa
1056 2249 1203 2324 tradidit
1230 2270 1295 2345 per
1322 2251 1554 2345 metaphoras
1579 2255 1617 2324 et
1639 2248 1844 2323 similitudi-

672 2390 752 2444 nes:
779 2375 818 2444 et
843 2374 885 2443 ut
909 2390 979 2466 ego
999 2388 1158 2463 sequens
1179 2375 1349 2444 autorem
1366 2370 1436 2445 sub
1452 2368 1678 2444 dubitatione
1700 2369 1843 2462 loquar,

671 2489 768 2564 lorte
794 2490 896 2565 Plato
921 2489 1097 2584 loquutus
1122 2496 1177 2565 est
1202 2490 1405 2565 secundum
1431 2509 1669 2564 communem
1692 2488 1844 2563 modum

670 2609 856 2704 loquendi,
879 2611 938 2685 hic
959 2618 1016 2685 est
1041 2610 1136 2685 lilius
1160 2610 1245 2685 solis
1270 2611 1328 2685 vel
1353 2610 1451 2683 lunae
1476 2616 1513 2684 et
1539 2609 1618 2683 talis
1644 2608 1773 2684 redivit
1797 2608 1844 2683 ad

670 2737 780 2805 astra.
795 2770 845 2785 -
862 2735 996 2819 Quum.
1029 2730 1094 2805 llic
1125 2731 1253 2806 ultimo
1283 2730 1430 2805 Beatrin
1460 2729 1642 2804 concludit
1673 2729 1845 2804 inconve-

670 2850 775 2925 nieus
801 2851 900 2945 quod
924 2851 1011 2925 olim
1039 2856 1167 2925 natum
1195 2856 1249 2925 est
1274 2849 1444 2945 opinione
1460 2840 1497 2941 (¹)
1515 2848 1685 2943 Platonis,
1702 2848 1843 2923 dicens:

676 2975 800 3059 Questo
819 2974 1010 3067 prirropio,
1027 2972 1131 3066 idest,
1157 2971 1295 3046 dictum
1323 2970 1493 3062 Platonis,
1515 2970 1614 3064 quod
1638 2970 1845 3066 ponebatur

669 3091 930 3187 apbilosophis
946 3092 1106 3187 antiquis
1124 3100 1313 3184 umquam
1327 3090 1546 3186 principium
1560 3111 1627 3185 per
1644 3111 1684 3165 se
1701 3096 1842 3181 notum,

671 3213 746 3284 nuel
767 3213 890 3302 inleso,
909 3211 1017 3307 juxta
1043 3212 1189 3287 literam
1208 3218 1363 3305 tantum,
1384 3218 1489 3303 torse,
1510 3210 1656 3303 seilicet,
1677 3210 1714 3284 in
1739 3230 1845 3284 erro-

671 3349 752 3405 rem
779 3351 970 3427 magnum,
994 3322 1063 3422 pert*
1081 3338 1165 3405 tutto
1182 3334 1208 3404 't
1231 3334 1360 3405 mondo
1386 3334 1500 3423 quusi,
1520 3331 1615 3405 bene
1639 3329 1735 3422 dicit,
1757 3330 1843 3423 quia

671 3450 758 3524 olim
785 3458 872 3525 ante
892 3452 1093 3527 adveutum
1109 3443 1145 3544 (³)
1165 3450 1296 3527 Christi
1313 3472 1443 3527 omnes
1459 3456 1588 3548 gentes
1606 3450 1733 3523 mundi
1749 3468 1844 3545 prae-

671 3576 729 3644 ter
756 3591 868 3644 unam
896 3572 1080 3664 nationem
1108 3579 1251 3647 tantum
1282 3572 1450 3648 colebant
1480 3573 1643 3666 planetas
1672 3590 1741 3666 pro
1764 3570 1841 3644 diis.

670 3690 774 3765 Unde
798 3690 901 3765 dicit:
932 3685 963 3765 si
994 3695 1054 3766 ulte
1087 3699 1276 3784 traseorse,
1302 3694 1379 3788 ipse
1413 3692 1583 3785 mundus,
1617 3712 1641 3764 α
1675 3694 1840 3764 nominor

674 3813 794 3903 Giooe,
807 3815 985 3885 Mercurio
1008 3835 1028 3886 e
1052 3818 1194 3907 Marte,-
1211 3813 1305 3887 sicut
1330 3812 1427 3889 enim
1446 3811 1617 3887 scribitur
1636 3810 1673 3884 in
1696 3810 1842 3904 Timaeo,

670 3931 793 4007 anima
815 3940 871 4007 est
887 3952 1015 4007 semen
1035 3933 1198 4008 Deorum
1217 3934 1339 4008 stellas
1360 3933 1608 4024 moventium3
1628 3932 1726 4006 unde
1743 3931 1845 4006 Plato

669 4053 759 4128 dixit
788 4074 811 4129 a
845 4053 1020 4149 principio
1047 4054 1204 4130 notanda
1220 4043 1256 4147 (⁸)
1284 4074 1366 4129 esse
1390 4074 1503 4149 opera
1536 4072 1753 4149 puerorum,
1780 4051 1843 4145 qui

670 4174 791 4249 statim
820 4174 990 4249 videntur
1014 4175 1209 4250 ostendere
1234 4174 1281 4248 ad
1307 4194 1391 4269 quae
1417 4174 1590 4250 exercitia
1608 4172 1843 4247 scientiarum

670 4302 709 4371 at
732 4296 869 4370 artium
895 4315 940 4370 ev
968 4302 1100 4369 natura
1127 4295 1310 4391 comparis
1326 4295 1440 4369 stellae
1458 4295 1576 4391 magis
1593 4301 1678 4367 sunt
1695 4293 1842 4367 habiles.

670 4415 756 4491 ldeo
783 4414 952 4508 Chaldaei,
970 4413 1139 4511 AEgyptii,
1158 4422 1195 4490 et
1213 4416 1335 4490 Persae
1360 4414 1528 4491 dicebant
1553 4412 1652 4508 quod
1678 4412 1844 4488 benevoli

671 4535 917 4632 procedebant
941 4556 964 4608 a
989 4536 1090 4629 Jove,
1109 4535 1273 4610 iracundi
1299 4556 1322 4610 a
1347 4536 1473 4627 Marte,
1494 4534 1627 4609 literati
1652 4555 1675 4607 a
1700 4533 1846 4608 Mercu·

670 4656 737 4750 rio,
764 4656 943 4730 luxuriosi
970 4676 992 4730 a
1018 4656 1173 4749 Venere,
1199 4655 1471 4751 contemplativi
1495 4677 1520 4730 a
1544 4656 1714 4729 Saturno.

733 4886 760 4949 (¹)
777 4887 808 4936 E.
824 4887 1018 4937 adscribuntur.
1237 4886 1265 4947 (¹)
1281 4886 1311 4935 Ε.
1327 4899 1360 4936 ex
1377 4886 1547 4951 opinionibus.

732 4962 759 5023 ε’)
775 4962 807 5011 E.
823 4964 963 5013 adrentum
979 4963 1084 5013 Domini
1101 4962 1183 5011 nostri
1199 4961 1262 5012 iesu
1277 4960 1380 5015 Christi.

733 5038 760 5100 (⁸)
777 5042 800 5096 t,
817 5040 929 5089 notanda
948 5044 1018 5092 sunt.
