<?xml version="1.0" encoding="UTF-8"?>
<!DOCTYPE html PUBLIC "-//W3C//DTD XHTML 1.0 Transitional//EN"
    "http://www.w3.org/TR/xhtml1/DTD/xhtml1-transitional.dtd">
<html xmlns="http://www.w3.org/1999/xhtml" xml:lang="en" lang="en">
 <head>
  <title>
</title>
<meta http-equiv="Content-Type" content="text/html;charset=utf-8" />
  <meta name='ocr-system' content='tesseract 3.04.00' />
  <meta name='ocr-capabilities' content='ocr_page ocr_carea ocr_par ocr_line ocrx_word'/>
</head>
<body>
  <div class='ocr_page' id='page_1' title='image "benevenutideram01lacagoog_0239.png"; bbox 0 0 4342 6692; ppageno 0'>
   <div class='ocr_carea' id='block_1_1' title="bbox 642 912 1502 979">
    <p class='ocr_par' dir='ltr' id='par_1_1' title="bbox 642 912 1502 979">
     <span class='ocr_line' id='line_1_1' title="bbox 642 912 1502 979; baseline 0.005 -4"><span class='ocrx_word' id='word_1_1' title='bbox 642 920 782 976; x_wconf 76' lang='lat' dir='ltr'>cunnus</span> <span class='ocrx_word' id='word_1_2' title='bbox 806 922 1021 977; x_wconf 80' lang='lat' dir='ltr'>rnrcnsruus</span> <span class='ocrx_word' id='word_1_3' title='bbox 1047 922 1189 977; x_wconf 79' lang='lat' dir='ltr'>unimus.</span> <span class='ocrx_word' id='word_1_4' title='bbox 1432 912 1502 979; x_wconf 78' lang='lat'>229</span> 
     </span>
    </p>
   </div>
   <div class='ocr_carea' id='block_1_2' title="bbox 328 1065 1511 4886">
    <p class='ocr_par' dir='ltr' id='par_1_2' title="bbox 328 1065 1508 2702">
     <span class='ocr_line' id='line_1_2' title="bbox 333 1065 1503 1166; baseline 0.003 -27"><span class='ocrx_word' id='word_1_5' title='bbox 333 1065 412 1139; x_wconf 83' lang='lat' dir='ltr'>vult</span> <span class='ocrx_word' id='word_1_6' title='bbox 437 1066 559 1141; x_wconf 87' lang='lat' dir='ltr'>dicere</span> <span class='ocrx_word' id='word_1_7' title='bbox 583 1065 750 1140; x_wconf 85' lang='lat' dir='ltr'>Beatrix:</span> <span class='ocrx_word' id='word_1_8' title='bbox 777 1066 874 1139; x_wconf 86' lang='lat' dir='ltr'>Deus</span> <span class='ocrx_word' id='word_1_9' title='bbox 897 1066 965 1141; x_wconf 89' lang='lat' dir='ltr'>scit</span> <span class='ocrx_word' id='word_1_10' title='bbox 995 1072 1099 1140; x_wconf 89' lang='lat' dir='ltr'>tuam</span> <span class='ocrx_word' id='word_1_11' title='bbox 1130 1068 1289 1162; x_wconf 89' lang='lat' dir='ltr'>culpam,</span> <span class='ocrx_word' id='word_1_12' title='bbox 1316 1075 1354 1143; x_wconf 94' lang='lat' dir='ltr'>et</span> <span class='ocrx_word' id='word_1_13' title='bbox 1383 1068 1503 1166; x_wconf 84' lang='lat' dir='ltr'>angeli</span> 
     </span>
     <span class='ocr_line' id='line_1_3' title="bbox 333 1182 1503 1282; baseline 0.001 -23"><span class='ocrx_word' id='word_1_14' title='bbox 333 1186 453 1260; x_wconf 91' lang='lat' dir='ltr'>sciunt</span> <span class='ocrx_word' id='word_1_15' title='bbox 469 1192 507 1260; x_wconf 90' lang='lat' dir='ltr'>et</span> <span class='ocrx_word' id='word_1_16' title='bbox 524 1205 594 1282; x_wconf 81' lang='lat' dir='ltr'>ego</span> <span class='ocrx_word' id='word_1_17' title='bbox 611 1185 697 1259; x_wconf 88' lang='lat' dir='ltr'>scio.</span> <span class='ocrx_word' id='word_1_18' title='bbox 711 1186 755 1257; x_wconf 88' lang='lat' dir='ltr'>Et</span> <span class='ocrx_word' id='word_1_19' title='bbox 773 1184 859 1279; x_wconf 88' lang='lat' dir='ltr'>quia</span> <span class='ocrx_word' id='word_1_20' title='bbox 876 1185 971 1260; x_wconf 84' lang='lat' dir='ltr'>forte</span> <span class='ocrx_word' id='word_1_21' title='bbox 987 1193 1096 1280; x_wconf 89' lang='lat' dir='ltr'>poeta</span> <span class='ocrx_word' id='word_1_22' title='bbox 1110 1186 1302 1261; x_wconf 85' lang='lat' dir='ltr'>videbatur</span> <span class='ocrx_word' id='word_1_23' title='bbox 1320 1182 1503 1261; x_wconf 84' lang='lat' dir='ltr'>dicturus:</span> 
     </span>
     <span class='ocr_line' id='line_1_4' title="bbox 333 1300 1508 1401; baseline 0.003 -24"><span class='ocrx_word' id='word_1_24' title='bbox 333 1300 422 1399; x_wconf 87' lang='lat' dir='ltr'>quid</span> <span class='ocrx_word' id='word_1_25' title='bbox 447 1326 538 1401; x_wconf 81' lang='lat' dir='ltr'>ergo</span> <span class='ocrx_word' id='word_1_26' title='bbox 563 1304 723 1398; x_wconf 85' lang='lat' dir='ltr'>quaeris‘l</span> <span class='ocrx_word' id='word_1_27' title='bbox 747 1304 830 1379; x_wconf 89' lang='lat' dir='ltr'>ideo</span> <span class='ocrx_word' id='word_1_28' title='bbox 855 1304 995 1379; x_wconf 82' lang='lat' dir='ltr'><strong>subdit:</strong></span> <span class='ocrx_word' id='word_1_29' title='bbox 1025 1327 1085 1379; x_wconf 85' lang='lat' dir='ltr'>mo</span> <span class='ocrx_word' id='word_1_30' title='bbox 1116 1308 1152 1379; x_wconf 86' lang='lat' dir='ltr'>lu</span> <span class='ocrx_word' id='word_1_31' title='bbox 1177 1314 1284 1380; x_wconf 84' lang='lat' dir='ltr'>ruotu</span> <span class='ocrx_word' id='word_1_32' title='bbox 1308 1310 1443 1398; x_wconf 80' lang='lat' dir='ltr'>rtootpe</span> <span class='ocrx_word' id='word_1_33' title='bbox 1468 1302 1508 1381; x_wconf 73' lang='lat' dir='ltr'>sc*</span> 
     </span>
     <span class='ocr_line' id='line_1_5' title="bbox 332 1418 1505 1521; baseline -0.001 -23"><span class='ocrx_word' id='word_1_34' title='bbox 332 1418 491 1499; x_wconf 77' lang='lat' dir='ltr'>contro’t</span> <span class='ocrx_word' id='word_1_35' title='bbox 509 1426 630 1519; x_wconf 66' lang='lat' dir='ltr'>tanto,</span> <span class='ocrx_word' id='word_1_36' title='bbox 653 1424 758 1518; x_wconf 81' lang='lat' dir='ltr'><strong>quasi</strong></span> <span class='ocrx_word' id='word_1_37' title='bbox 775 1425 882 1520; x_wconf 86' lang='lat' dir='ltr'>dicat,</span> <span class='ocrx_word' id='word_1_38' title='bbox 908 1430 1210 1521; x_wconf 79' lang='lat' dir='ltr'>contemperatur</span> <span class='ocrx_word' id='word_1_39' title='bbox 1236 1427 1357 1502; x_wconf 88' lang='lat' dir='ltr'>diviua</span> <span class='ocrx_word' id='word_1_40' title='bbox 1382 1427 1448 1521; x_wconf 90' lang='lat' dir='ltr'>ira,</span> <span class='ocrx_word' id='word_1_41' title='bbox 1466 1429 1505 1500; x_wconf 82' lang='lat' dir='ltr'>tn</span> 
     </span>
     <span class='ocr_line' id='line_1_6' title="bbox 333 1544 1503 1640; baseline 0.001 -22"><span class='ocrx_word' id='word_1_42' title='bbox 333 1552 458 1619; x_wconf 71' lang='lat' dir='ltr'>ousta</span> <span class='ocrx_word' id='word_1_43' title='bbox 481 1552 587 1636; x_wconf 82' lang='lat' dir='ltr'>corte,</span> <span class='ocrx_word' id='word_1_44' title='bbox 613 1544 760 1637; x_wconf 88' lang='lat' dir='ltr'>scilicet,</span> <span class='ocrx_word' id='word_1_45' title='bbox 778 1545 928 1640; x_wconf 81' lang='lat' dir='ltr'>coelesti,</span> <span class='ocrx_word' id='word_1_46' title='bbox 946 1548 1089 1637; x_wconf 78' lang='lat' dir='ltr'>quondo</span> <span class='ocrx_word' id='word_1_47' title='bbox 1105 1549 1262 1620; x_wconf 77' lang='lat' dir='ltr'>tucnrso</span> <span class='ocrx_word' id='word_1_48' title='bbox 1279 1549 1337 1620; x_wconf 84' lang='lat' dir='ltr'>del</span> <span class='ocrx_word' id='word_1_49' title='bbox 1349 1552 1503 1639; x_wconf 86' lang='lat' dir='ltr'>peccato,</span> 
     </span>
     <span class='ocr_line' id='line_1_7' title="bbox 334 1665 1500 1761; baseline -0.001 -21"><span class='ocrx_word' id='word_1_50' title='bbox 334 1686 418 1761; x_wconf 85' lang='lat' dir='ltr'>quae</span> <span class='ocrx_word' id='word_1_51' title='bbox 448 1666 487 1739; x_wconf 93' lang='lat' dir='ltr'>lit</span> <span class='ocrx_word' id='word_1_52' title='bbox 518 1686 583 1761; x_wconf 93' lang='lat' dir='ltr'>per</span> <span class='ocrx_word' id='word_1_53' title='bbox 612 1665 890 1760; x_wconf 83' lang='lat' dir='ltr'>consessionem,</span> <span class='ocrx_word' id='word_1_54' title='bbox 915 1669 1060 1759; x_wconf 81' lang='lat' dir='ltr'>scoppiu</span> <span class='ocrx_word' id='word_1_55' title='bbox 1091 1670 1189 1741; x_wconf 84' lang='lat' dir='ltr'>dallo</span> <span class='ocrx_word' id='word_1_56' title='bbox 1216 1669 1369 1759; x_wconf 84' lang='lat' dir='ltr'>propria</span> <span class='ocrx_word' id='word_1_57' title='bbox 1402 1673 1500 1760; x_wconf 80' lang='lat' dir='ltr'>potu,</span> 
     </span>
     <span class='ocr_line' id='line_1_8' title="bbox 334 1786 1506 1882; baseline 0 -21"><span class='ocrx_word' id='word_1_58' title='bbox 334 1787 436 1881; x_wconf 90' lang='lat' dir='ltr'>idest,</span> <span class='ocrx_word' id='word_1_59' title='bbox 454 1786 614 1882; x_wconf 79' lang='lat' dir='ltr'><strong>erumpit</strong></span> <span class='ocrx_word' id='word_1_60' title='bbox 640 1807 687 1862; x_wconf 81' lang='lat' dir='ltr'>ex</span> <span class='ocrx_word' id='word_1_61' title='bbox 712 1787 860 1882; x_wconf 89' lang='lat' dir='ltr'>proprio</span> <span class='ocrx_word' id='word_1_62' title='bbox 876 1807 943 1861; x_wconf 89' lang='lat' dir='ltr'>ore</span> <span class='ocrx_word' id='word_1_63' title='bbox 964 1787 1120 1861; x_wconf 88' lang='lat' dir='ltr'>hominis</span> <span class='ocrx_word' id='word_1_64' title='bbox 1140 1787 1358 1861; x_wconf 76' lang='lat' dir='ltr'>contritione</span> <span class='ocrx_word' id='word_1_65' title='bbox 1375 1794 1506 1861; x_wconf 85' lang='lat' dir='ltr'>extru-</span> 
     </span>
     <span class='ocr_line' id='line_1_9' title="bbox 334 1905 1503 2003; baseline 0.001 -22"><span class='ocrx_word' id='word_1_66' title='bbox 334 1905 454 1981; x_wconf 81' lang='lat' dir='ltr'>dente.</span> <span class='ocrx_word' id='word_1_67' title='bbox 488 1907 551 1981; x_wconf 86' lang='lat' dir='ltr'>Est</span> <span class='ocrx_word' id='word_1_68' title='bbox 588 1914 713 1982; x_wconf 89' lang='lat' dir='ltr'>autem</span> <span class='ocrx_word' id='word_1_69' title='bbox 747 1906 925 1981; x_wconf 82' lang='lat' dir='ltr'>consessio</span> <span class='ocrx_word' id='word_1_70' title='bbox 960 1906 1122 2003; x_wconf 78' lang='lat' dir='ltr'>legitima</span> <span class='ocrx_word' id='word_1_71' title='bbox 1155 1927 1282 1981; x_wconf 90' lang='lat' dir='ltr'>coram</span> <span class='ocrx_word' id='word_1_72' title='bbox 1313 1907 1503 1982; x_wconf 91' lang='lat' dir='ltr'>sacerdote</span> 
     </span>
     <span class='ocr_line' id='line_1_10' title="bbox 334 2027 1503 2121; baseline 0.001 -21"><span class='ocrx_word' id='word_1_73' title='bbox 334 2034 571 2120; x_wconf 81' lang='lat' dir='ltr'>peccatorum</span> <span class='ocrx_word' id='word_1_74' title='bbox 602 2028 819 2121; x_wconf 81' lang='lat' dir='ltr'>declarati03</span> <span class='ocrx_word' id='word_1_75' title='bbox 854 2034 892 2102; x_wconf 91' lang='lat' dir='ltr'>et</span> <span class='ocrx_word' id='word_1_76' title='bbox 923 2027 991 2102; x_wconf 87' lang='lat' dir='ltr'>iste</span> <span class='ocrx_word' id='word_1_77' title='bbox 1023 2048 1122 2103; x_wconf 90' lang='lat' dir='ltr'>nunc</span> <span class='ocrx_word' id='word_1_78' title='bbox 1151 2028 1347 2104; x_wconf 86' lang='lat' dir='ltr'>confitetur</span> <span class='ocrx_word' id='word_1_79' title='bbox 1376 2049 1503 2102; x_wconf 87' lang='lat' dir='ltr'>coram</span> 
     </span>
     <span class='ocr_line' id='line_1_11' title="bbox 334 2147 1502 2242; baseline 0.001 -21"><span class='ocrx_word' id='word_1_80' title='bbox 334 2148 439 2222; x_wconf 83' lang='lat' dir='ltr'>sacra</span> <span class='ocrx_word' id='word_1_81' title='bbox 464 2147 613 2223; x_wconf 88' lang='lat' dir='ltr'>scientia</span> <span class='ocrx_word' id='word_1_82' title='bbox 639 2170 723 2242; x_wconf 85' lang='lat' dir='ltr'>quae</span> <span class='ocrx_word' id='word_1_83' title='bbox 742 2148 916 2223; x_wconf 77' lang='lat' dir='ltr'>informat</span> <span class='ocrx_word' id='word_1_84' title='bbox 932 2168 1062 2223; x_wconf 91' lang='lat' dir='ltr'>omnes</span> <span class='ocrx_word' id='word_1_85' title='bbox 1078 2150 1304 2223; x_wconf 80' lang='lat' dir='ltr'>consessores</span> <span class='ocrx_word' id='word_1_86' title='bbox 1326 2156 1502 2223; x_wconf 81' lang='lat' dir='ltr'>terrenos</span> 
     </span>
     <span class='ocr_line' id='line_1_12' title="bbox 332 2266 1504 2362; baseline 0 -21"><span class='ocrx_word' id='word_1_87' title='bbox 332 2269 378 2341; x_wconf 89' lang='lat' dir='ltr'>Et</span> <span class='ocrx_word' id='word_1_88' title='bbox 402 2273 488 2342; x_wconf 89' lang='lat' dir='ltr'>uota</span> <span class='ocrx_word' id='word_1_89' title='bbox 513 2267 614 2361; x_wconf 89' lang='lat' dir='ltr'>quod</span> <span class='ocrx_word' id='word_1_90' title='bbox 639 2268 865 2343; x_wconf 88' lang='lat' dir='ltr'>contrarium</span> <span class='ocrx_word' id='word_1_91' title='bbox 891 2268 1021 2343; x_wconf 86' lang='lat' dir='ltr'>accidit</span> <span class='ocrx_word' id='word_1_92' title='bbox 1039 2268 1074 2341; x_wconf 92' lang='lat' dir='ltr'>in</span> <span class='ocrx_word' id='word_1_93' title='bbox 1097 2267 1235 2342; x_wconf 94' lang='lat' dir='ltr'>mundo</span> <span class='ocrx_word' id='word_1_94' title='bbox 1262 2274 1398 2362; x_wconf 89' lang='lat' dir='ltr'>nostro,</span> <span class='ocrx_word' id='word_1_95' title='bbox 1417 2266 1504 2360; x_wconf 87' lang='lat' dir='ltr'>quia</span> 
     </span>
     <span class='ocr_line' id='line_1_13' title="bbox 333 2386 1505 2483; baseline 0.002 -24"><span class='ocrx_word' id='word_1_96' title='bbox 333 2386 481 2481; x_wconf 85' lang='lat' dir='ltr'>quando</span> <span class='ocrx_word' id='word_1_97' title='bbox 510 2388 622 2462; x_wconf 90' lang='lat' dir='ltr'>homo</span> <span class='ocrx_word' id='word_1_98' title='bbox 651 2386 846 2463; x_wconf 82' lang='lat' dir='ltr'>confitetur</span> <span class='ocrx_word' id='word_1_99' title='bbox 878 2393 1007 2483; x_wconf 91' lang='lat' dir='ltr'>sponte</span> <span class='ocrx_word' id='word_1_100' title='bbox 1036 2394 1229 2482; x_wconf 88' lang='lat' dir='ltr'>peceatum</span> <span class='ocrx_word' id='word_1_101' title='bbox 1259 2387 1307 2460; x_wconf 91' lang='lat' dir='ltr'>ab</span> <span class='ocrx_word' id='word_1_102' title='bbox 1340 2388 1505 2461; x_wconf 84' lang='lat' dir='ltr'>humano</span> 
     </span>
     <span class='ocr_line' id='line_1_14' title="bbox 328 2506 1506 2603; baseline 0.003 -24"><span class='ocrx_word' id='word_1_103' title='bbox 328 2506 453 2603; x_wconf 89' lang='lat' dir='ltr'>judice</span> <span class='ocrx_word' id='word_1_104' title='bbox 477 2507 593 2581; x_wconf 53' lang='lat' dir='ltr'>citius¹</span> <span class='ocrx_word' id='word_1_105' title='bbox 607 2507 887 2601; x_wconf 86' lang='lat' dir='ltr'>condemnatur,</span> <span class='ocrx_word' id='word_1_106' title='bbox 906 2508 969 2583; x_wconf 91' lang='lat' dir='ltr'>sed</span> <span class='ocrx_word' id='word_1_107' title='bbox 986 2507 1138 2582; x_wconf 89' lang='lat' dir='ltr'>uberius</span> <span class='ocrx_word' id='word_1_108' title='bbox 1165 2507 1363 2583; x_wconf 86' lang='lat' dir='ltr'>remittitur</span> <span class='ocrx_word' id='word_1_109' title='bbox 1389 2506 1456 2581; x_wconf 91' lang='lat' dir='ltr'>sibi</span> <span class='ocrx_word' id='word_1_110' title='bbox 1481 2528 1506 2583; x_wconf 87' lang='lat' dir='ltr'>a</span> 
     </span>
     <span class='ocr_line' id='line_1_15' title="bbox 334 2626 651 2702; baseline 0 -2"><span class='ocrx_word' id='word_1_111' title='bbox 334 2626 497 2701; x_wconf 87' lang='lat' dir='ltr'>Domino</span> <span class='ocrx_word' id='word_1_112' title='bbox 514 2626 651 2702; x_wconf 81' lang='lat' dir='ltr'>Iudice.</span> 
     </span>
    </p>

    <p class='ocr_par' dir='ltr' id='par_1_3' title="bbox 335 2728 1511 4886">
     <span class='ocr_line' id='line_1_16' title="bbox 414 2728 1507 2843; baseline 0.002 -23"><span class='ocrx_word' id='word_1_113' title='bbox 414 2749 581 2821; x_wconf 72' lang='lat' dir='ltr'>ludovic.</span> <span class='ocrx_word' id='word_1_114' title='bbox 609 2748 679 2819; x_wconf 86' lang='lat' dir='ltr'>lsta</span> <span class='ocrx_word' id='word_1_115' title='bbox 704 2736 760 2821; x_wconf 73' lang='lat' dir='ltr'>ost</span> <span class='ocrx_word' id='word_1_116' title='bbox 784 2745 945 2821; x_wconf 87' lang='lat' dir='ltr'>secunda</span> <span class='ocrx_word' id='word_1_117' title='bbox 975 2728 1061 2842; x_wconf 85' lang='lat' dir='ltr'>&#39;pars</span> <span class='ocrx_word' id='word_1_118' title='bbox 1085 2746 1267 2843; x_wconf 79' lang='lat' dir='ltr'>generalis</span> <span class='ocrx_word' id='word_1_119' title='bbox 1300 2748 1410 2820; x_wconf 91' lang='lat' dir='ltr'>huius</span> <span class='ocrx_word' id='word_1_120' title='bbox 1444 2768 1507 2822; x_wconf 87' lang='lat' dir='ltr'>ca·</span> 
     </span>
     <span class='ocr_line' id='line_1_17' title="bbox 339 2867 1507 2964; baseline 0.003 -23"><span class='ocrx_word' id='word_1_121' title='bbox 339 2868 453 2963; x_wconf 93' lang='lat' dir='ltr'>pituli,</span> <span class='ocrx_word' id='word_1_122' title='bbox 474 2868 511 2940; x_wconf 91' lang='lat' dir='ltr'>in</span> <span class='ocrx_word' id='word_1_123' title='bbox 529 2889 603 2961; x_wconf 86' lang='lat' dir='ltr'>qua</span> <span class='ocrx_word' id='word_1_124' title='bbox 621 2867 767 2942; x_wconf 80' lang='lat' dir='ltr'>Beatrix</span> <span class='ocrx_word' id='word_1_125' title='bbox 784 2889 885 2942; x_wconf 89' lang='lat' dir='ltr'>nunc</span> <span class='ocrx_word' id='word_1_126' title='bbox 909 2867 1032 2964; x_wconf 84' lang='lat' dir='ltr'>arguit</span> <span class='ocrx_word' id='word_1_127' title='bbox 1052 2874 1181 2942; x_wconf 85' lang='lat' dir='ltr'>eontra</span> <span class='ocrx_word' id='word_1_128' title='bbox 1199 2869 1368 2963; x_wconf 83' lang='lat' dir='ltr'>Dantem,</span> <span class='ocrx_word' id='word_1_129' title='bbox 1386 2875 1422 2945; x_wconf 88' lang='lat' dir='ltr'>et</span> <span class='ocrx_word' id='word_1_130' title='bbox 1439 2889 1507 2964; x_wconf 92' lang='lat' dir='ltr'>pro</span> 
     </span>
     <span class='ocr_line' id='line_1_18' title="bbox 337 2987 1506 3064; baseline 0.001 -1"><span class='ocrx_word' id='word_1_131' title='bbox 337 2989 455 3063; x_wconf 89' lang='lat' dir='ltr'>salute</span> <span class='ocrx_word' id='word_1_132' title='bbox 480 2987 561 3061; x_wconf 91' lang='lat' dir='ltr'>eius</span> <span class='ocrx_word' id='word_1_133' title='bbox 586 2988 768 3063; x_wconf 86' lang='lat' dir='ltr'>convincit</span> <span class='ocrx_word' id='word_1_134' title='bbox 791 3008 880 3063; x_wconf 92' lang='lat' dir='ltr'>eum</span> <span class='ocrx_word' id='word_1_135' title='bbox 898 2987 945 3062; x_wconf 90' lang='lat' dir='ltr'>de</span> <span class='ocrx_word' id='word_1_136' title='bbox 964 3008 1094 3063; x_wconf 87' lang='lat' dir='ltr'>errore</span> <span class='ocrx_word' id='word_1_137' title='bbox 1110 3008 1179 3063; x_wconf 92' lang='lat' dir='ltr'>suo</span> <span class='ocrx_word' id='word_1_138' title='bbox 1205 2995 1248 3061; x_wconf 91' lang='lat' dir='ltr'>ut</span> <span class='ocrx_word' id='word_1_139' title='bbox 1273 2988 1400 3063; x_wconf 86' lang='lat' dir='ltr'>reddat</span> <span class='ocrx_word' id='word_1_140' title='bbox 1418 3008 1506 3064; x_wconf 91' lang='lat' dir='ltr'>eum</span> 
     </span>
     <span class='ocr_line' id='line_1_19' title="bbox 337 3106 1505 3203; baseline 0.001 -20"><span class='ocrx_word' id='word_1_141' title='bbox 337 3115 488 3183; x_wconf 88' lang='lat' dir='ltr'>cautum</span> <span class='ocrx_word' id='word_1_142' title='bbox 514 3108 552 3182; x_wconf 94' lang='lat' dir='ltr'>in</span> <span class='ocrx_word' id='word_1_143' title='bbox 576 3108 758 3182; x_wconf 88' lang='lat' dir='ltr'>iuturum.</span> <span class='ocrx_word' id='word_1_144' title='bbox 776 3108 820 3182; x_wconf 87' lang='lat' dir='ltr'>Et</span> <span class='ocrx_word' id='word_1_145' title='bbox 837 3107 957 3203; x_wconf 93' lang='lat' dir='ltr'>primo</span> <span class='ocrx_word' id='word_1_146' title='bbox 974 3107 1057 3182; x_wconf 88' lang='lat' dir='ltr'>iacit</span> <span class='ocrx_word' id='word_1_147' title='bbox 1073 3114 1220 3203; x_wconf 89' lang='lat' dir='ltr'>poetam</span> <span class='ocrx_word' id='word_1_148' title='bbox 1247 3114 1428 3183; x_wconf 90' lang='lat' dir='ltr'>attentum</span> <span class='ocrx_word' id='word_1_149' title='bbox 1458 3106 1505 3184; x_wconf 89' lang='lat' dir='ltr'>ad</span> 
     </span>
     <span class='ocr_line' id='line_1_20' title="bbox 336 3225 1510 3324; baseline 0.002 -21"><span class='ocrx_word' id='word_1_150' title='bbox 336 3229 497 3323; x_wconf 85' lang='lat' dir='ltr'>dicenda,</span> <span class='ocrx_word' id='word_1_151' title='bbox 523 3228 666 3304; x_wconf 88' lang='lat' dir='ltr'>dicens:</span> <span class='ocrx_word' id='word_1_152' title='bbox 698 3231 869 3320; x_wconf 64' lang='lat' dir='ltr'>macuto,</span> <span class='ocrx_word' id='word_1_153' title='bbox 894 3227 997 3321; x_wconf 89' lang='lat' dir='ltr'>idest,</span> <span class='ocrx_word' id='word_1_154' title='bbox 1024 3227 1268 3324; x_wconf 78' lang='lat' dir='ltr'>nihilominus,</span> <span class='ocrx_word' id='word_1_155' title='bbox 1292 3250 1366 3322; x_wconf 86' lang='lat' dir='ltr'>pon</span> <span class='ocrx_word' id='word_1_156' title='bbox 1393 3225 1454 3323; x_wconf 77' lang='lat' dir='ltr'>ptri</span> <span class='ocrx_word' id='word_1_157' title='bbox 1482 3234 1510 3305; x_wconf 84' lang='lat' dir='ltr'>u</span> 
     </span>
     <span class='ocr_line' id='line_1_21' title="bbox 335 3345 1506 3444; baseline 0.003 -20"><span class='ocrx_word' id='word_1_158' title='bbox 335 3372 428 3425; x_wconf 85' lang='lat' dir='ltr'>seme</span> <span class='ocrx_word' id='word_1_159' title='bbox 443 3352 501 3424; x_wconf 83' lang='lat' dir='ltr'>dcl</span> <span class='ocrx_word' id='word_1_160' title='bbox 515 3352 700 3441; x_wconf 69' lang='lat' dir='ltr'>monpere,</span> <span class='ocrx_word' id='word_1_161' title='bbox 718 3345 805 3442; x_wconf 87' lang='lat' dir='ltr'>quia</span> <span class='ocrx_word' id='word_1_162' title='bbox 830 3356 977 3444; x_wconf 87' lang='lat' dir='ltr'>tempus</span> <span class='ocrx_word' id='word_1_163' title='bbox 1001 3354 1058 3423; x_wconf 87' lang='lat' dir='ltr'>est</span> <span class='ocrx_word' id='word_1_164' title='bbox 1087 3348 1289 3444; x_wconf 86' lang='lat' dir='ltr'>medicinae,</span> <span class='ocrx_word' id='word_1_165' title='bbox 1315 3370 1388 3425; x_wconf 92' lang='lat' dir='ltr'>non</span> <span class='ocrx_word' id='word_1_166' title='bbox 1414 3372 1506 3444; x_wconf 87' lang='lat' dir='ltr'>que-</span> 
     </span>
     <span class='ocr_line' id='line_1_22' title="bbox 337 3465 1508 3561; baseline 0.003 -19"><span class='ocrx_word' id='word_1_167' title='bbox 337 3471 436 3561; x_wconf 84' lang='lat' dir='ltr'>relae,</span> <span class='ocrx_word' id='word_1_168' title='bbox 457 3465 587 3561; x_wconf 67' lang='lat' dir='ltr'>pereto*</span> <span class='ocrx_word' id='word_1_169' title='bbox 608 3471 672 3540; x_wconf 85' lang='lat' dir='ltr'>me&#39;</span> <span class='ocrx_word' id='word_1_170' title='bbox 689 3488 872 3560; x_wconf 77' lang='lat' dir='ltr'>oerpopno</span> <span class='ocrx_word' id='word_1_171' title='bbox 892 3475 995 3561; x_wconf 82' lang='lat' dir='ltr'>porte</span> <span class='ocrx_word' id='word_1_172' title='bbox 1019 3470 1078 3541; x_wconf 86' lang='lat' dir='ltr'>del</span> <span class='ocrx_word' id='word_1_173' title='bbox 1096 3476 1155 3542; x_wconf 86' lang='lat' dir='ltr'>tuo</span> <span class='ocrx_word' id='word_1_174' title='bbox 1174 3490 1313 3560; x_wconf 83' lang='lat' dir='ltr'>errore,</span> <span class='ocrx_word' id='word_1_175' title='bbox 1330 3491 1416 3544; x_wconf 86' lang='lat' dir='ltr'>cum</span> <span class='ocrx_word' id='word_1_176' title='bbox 1447 3490 1508 3547; x_wconf 89' lang='lat' dir='ltr'>re·</span> 
     </span>
     <span class='ocr_line' id='line_1_23' title="bbox 336 3584 1508 3687; baseline -0.002 -22"><span class='ocrx_word' id='word_1_177' title='bbox 336 3590 553 3687; x_wconf 83' lang='lat' dir='ltr'>cognoveris</span> <span class='ocrx_word' id='word_1_178' title='bbox 577 3590 697 3685; x_wconf 92' lang='lat' dir='ltr'>ipsum</span> <span class='ocrx_word' id='word_1_179' title='bbox 723 3608 805 3663; x_wconf 84' lang='lat' dir='ltr'>esse</span> <span class='ocrx_word' id='word_1_180' title='bbox 830 3588 1021 3682; x_wconf 89' lang='lat' dir='ltr'>maiorem,</span> <span class='ocrx_word' id='word_1_181' title='bbox 1048 3609 1067 3660; x_wconf 84' lang='lat' dir='ltr'>c</span> <span class='ocrx_word' id='word_1_182' title='bbox 1090 3584 1221 3679; x_wconf 72' lang='lat' dir='ltr'>percle*</span> <span class='ocrx_word' id='word_1_183' title='bbox 1248 3592 1292 3662; x_wconf 81' lang='lat' dir='ltr'>sit</span> <span class='ocrx_word' id='word_1_184' title='bbox 1314 3584 1379 3681; x_wconf 76' lang='lat' dir='ltr'>pit</span> <span class='ocrx_word' id='word_1_185' title='bbox 1400 3594 1508 3685; x_wconf 71' lang='lat' dir='ltr'>sorte,</span> 
     </span>
     <span class='ocr_line' id='line_1_24' title="bbox 337 3707 1509 3804; baseline -0.002 -20"><span class='ocrx_word' id='word_1_186' title='bbox 337 3710 499 3804; x_wconf 89' lang='lat' dir='ltr'>periculo</span> <span class='ocrx_word' id='word_1_187' title='bbox 525 3715 590 3784; x_wconf 93' lang='lat' dir='ltr'>tuo</span> <span class='ocrx_word' id='word_1_188' title='bbox 615 3708 733 3783; x_wconf 84' lang='lat' dir='ltr'>lactus</span> <span class='ocrx_word' id='word_1_189' title='bbox 758 3707 943 3804; x_wconf 87' lang='lat' dir='ltr'>providus,</span> <span class='ocrx_word' id='word_1_190' title='bbox 966 3708 1105 3781; x_wconf 73' lang='lat' dir='ltr'>utendo</span> <span class='ocrx_word' id='word_1_191' title='bbox 1129 3709 1163 3781; x_wconf 86' lang='lat' dir='ltr'>le</span> <span class='ocrx_word' id='word_1_192' title='bbox 1187 3710 1316 3800; x_wconf 58' lang='lat' dir='ltr'>sirene</span> <span class='ocrx_word' id='word_1_193' title='bbox 1342 3728 1426 3803; x_wconf 82' lang='lat' dir='ltr'>quae</span> <span class='ocrx_word' id='word_1_194' title='bbox 1452 3710 1509 3782; x_wconf 91' lang='lat' dir='ltr'>in·</span> 
     </span>
     <span class='ocr_line' id='line_1_25' title="bbox 337 3827 1508 3925; baseline 0.003 -23"><span class='ocrx_word' id='word_1_195' title='bbox 337 3834 464 3903; x_wconf 90' lang='lat' dir='ltr'>cautos</span> <span class='ocrx_word' id='word_1_196' title='bbox 489 3835 664 3925; x_wconf 84' lang='lat' dir='ltr'>mergunt</span> <span class='ocrx_word' id='word_1_197' title='bbox 688 3828 726 3901; x_wconf 92' lang='lat' dir='ltr'>in</span> <span class='ocrx_word' id='word_1_198' title='bbox 751 3827 873 3902; x_wconf 90' lang='lat' dir='ltr'>medio</span> <span class='ocrx_word' id='word_1_199' title='bbox 891 3833 1163 3921; x_wconf 77' lang='lat' dir='ltr'>tempestatum,</span> <span class='ocrx_word' id='word_1_200' title='bbox 1182 3827 1284 3922; x_wconf 93' lang='lat' dir='ltr'>idest,</span> <span class='ocrx_word' id='word_1_201' title='bbox 1302 3834 1401 3903; x_wconf 89' lang='lat' dir='ltr'>artes</span> <span class='ocrx_word' id='word_1_202' title='bbox 1417 3829 1508 3905; x_wconf 90' lang='lat' dir='ltr'>libe·</span> 
     </span>
     <span class='ocr_line' id='line_1_26' title="bbox 339 3946 1509 4044; baseline 0.003 -23"><span class='ocrx_word' id='word_1_203' title='bbox 339 3949 444 4043; x_wconf 91' lang='lat' dir='ltr'>rales,</span> <span class='ocrx_word' id='word_1_204' title='bbox 470 3956 509 4024; x_wconf 90' lang='lat' dir='ltr'>et</span> <span class='ocrx_word' id='word_1_205' title='bbox 532 3949 674 4043; x_wconf 87' lang='lat' dir='ltr'>poetica</span> <span class='ocrx_word' id='word_1_206' title='bbox 698 3948 894 4044; x_wconf 72' lang='lat' dir='ltr'>praecipue,</span> <span class='ocrx_word' id='word_1_207' title='bbox 915 3967 1002 4041; x_wconf 80' lang='lat' dir='ltr'>quae</span> <span class='ocrx_word' id='word_1_208' title='bbox 1025 3946 1181 4022; x_wconf 88' lang='lat' dir='ltr'>dulciter</span> <span class='ocrx_word' id='word_1_209' title='bbox 1206 3954 1353 4022; x_wconf 86' lang='lat' dir='ltr'>cantant</span> <span class='ocrx_word' id='word_1_210' title='bbox 1379 3954 1416 4023; x_wconf 93' lang='lat' dir='ltr'>et</span> <span class='ocrx_word' id='word_1_211' title='bbox 1440 3970 1509 4024; x_wconf 88' lang='lat' dir='ltr'>sua</span> 
     </span>
     <span class='ocr_line' id='line_1_27' title="bbox 338 4066 1510 4162; baseline 0.001 -21"><span class='ocrx_word' id='word_1_212' title='bbox 338 4067 578 4142; x_wconf 78' lang='lat' dir='ltr'>delectatione</span> <span class='ocrx_word' id='word_1_213' title='bbox 601 4067 791 4143; x_wconf 87' lang='lat' dir='ltr'>abducunt</span> <span class='ocrx_word' id='word_1_214' title='bbox 815 4066 982 4141; x_wconf 84' lang='lat' dir='ltr'>homines</span> <span class='ocrx_word' id='word_1_215' title='bbox 1007 4087 1030 4140; x_wconf 89' lang='lat' dir='ltr'>a</span> <span class='ocrx_word' id='word_1_216' title='bbox 1063 4086 1169 4141; x_wconf 85' lang='lat' dir='ltr'>saera</span> <span class='ocrx_word' id='word_1_217' title='bbox 1195 4067 1385 4162; x_wconf 90' lang='lat' dir='ltr'>scriptura.</span> <span class='ocrx_word' id='word_1_218' title='bbox 1407 4067 1510 4142; x_wconf 88' lang='lat' dir='ltr'>Unde</span> 
     </span>
     <span class='ocr_line' id='line_1_28' title="bbox 338 4184 1511 4282; baseline 0.002 -23"><span class='ocrx_word' id='word_1_219' title='bbox 338 4186 586 4282; x_wconf 85' lang='lat' dir='ltr'>Hieronymus</span> <span class='ocrx_word' id='word_1_220' title='bbox 610 4188 681 4261; x_wconf 90' lang='lat' dir='ltr'>hoc</span> <span class='ocrx_word' id='word_1_221' title='bbox 706 4195 881 4282; x_wconf 83' lang='lat' dir='ltr'>expertus</span> <span class='ocrx_word' id='word_1_222' title='bbox 905 4184 1008 4261; x_wconf 90' lang='lat' dir='ltr'>dicit:</span> <span class='ocrx_word' id='word_1_223' title='bbox 1035 4185 1247 4260; x_wconf 72' lang='lat' dir='ltr'>daemonum</span> <span class='ocrx_word' id='word_1_224' title='bbox 1266 4186 1370 4260; x_wconf 89' lang='lat' dir='ltr'>cibus</span> <span class='ocrx_word' id='word_1_225' title='bbox 1387 4206 1511 4261; x_wconf 88' lang='lat' dir='ltr'>sermo</span> 
     </span>
     <span class='ocr_line' id='line_1_29' title="bbox 339 4305 1511 4401; baseline 0.003 -23"><span class='ocrx_word' id='word_1_226' title='bbox 339 4305 514 4401; x_wconf 90' lang='lat' dir='ltr'>poeticus,</span> <span class='ocrx_word' id='word_1_227' title='bbox 539 4307 725 4381; x_wconf 80' lang='lat' dir='ltr'>secularis</span> <span class='ocrx_word' id='word_1_228' title='bbox 750 4306 901 4381; x_wconf 87' lang='lat' dir='ltr'>scientia</span> <span class='ocrx_word' id='word_1_229' title='bbox 927 4305 1196 4381; x_wconf 89' lang='lat' dir='ltr'>rhetoricorum</span> <span class='ocrx_word' id='word_1_230' title='bbox 1219 4326 1352 4401; x_wconf 85' lang='lat' dir='ltr'>pompa</span> <span class='ocrx_word' id='word_1_231' title='bbox 1377 4307 1511 4381; x_wconf 85' lang='lat' dir='ltr'>verbo-</span> 
     </span>
     <span class='ocr_line' id='line_1_30' title="bbox 340 4426 1511 4522; baseline 0.004 -23"><span class='ocrx_word' id='word_1_232' title='bbox 340 4446 437 4499; x_wconf 84' lang='lat' dir='ltr'>rum.</span> <span class='ocrx_word' id='word_1_233' title='bbox 462 4426 508 4500; x_wconf 86' lang='lat' dir='ltr'>Et</span> <span class='ocrx_word' id='word_1_234' title='bbox 531 4426 590 4503; x_wconf 83' lang='lat' dir='ltr'>iric</span> <span class='ocrx_word' id='word_1_235' title='bbox 615 4433 713 4522; x_wconf 76' lang='lat' dir='ltr'>nom,</span> <span class='ocrx_word' id='word_1_236' title='bbox 739 4428 837 4521; x_wconf 86' lang='lat' dir='ltr'>quod</span> <span class='ocrx_word' id='word_1_237' title='bbox 863 4426 1109 4522; x_wconf 82' lang='lat' dir='ltr'>Hieronymus</span> <span class='ocrx_word' id='word_1_238' title='bbox 1134 4427 1204 4501; x_wconf 90' lang='lat' dir='ltr'>hoc</span> <span class='ocrx_word' id='word_1_239' title='bbox 1229 4426 1325 4521; x_wconf 89' lang='lat' dir='ltr'>dicit,</span> <span class='ocrx_word' id='word_1_240' title='bbox 1352 4426 1437 4520; x_wconf 88' lang='lat' dir='ltr'>quia</span> <span class='ocrx_word' id='word_1_241' title='bbox 1462 4428 1511 4503; x_wconf 91' lang='lat' dir='ltr'>ad</span> 
     </span>
     <span class='ocr_line' id='line_1_31' title="bbox 339 4546 1508 4643; baseline 0.004 -25"><span class='ocrx_word' id='word_1_242' title='bbox 339 4552 484 4641; x_wconf 91' lang='lat' dir='ltr'>tempus</span> <span class='ocrx_word' id='word_1_243' title='bbox 500 4554 690 4623; x_wconf 87' lang='lat' dir='ltr'>amoratus</span> <span class='ocrx_word' id='word_1_244' title='bbox 711 4546 956 4643; x_wconf 87' lang='lat' dir='ltr'>pulcritudine</span> <span class='ocrx_word' id='word_1_245' title='bbox 980 4546 1162 4621; x_wconf 88' lang='lat' dir='ltr'>dictarum</span> <span class='ocrx_word' id='word_1_246' title='bbox 1189 4546 1424 4621; x_wconf 87' lang='lat' dir='ltr'>scientiarum</span> <span class='ocrx_word' id='word_1_247' title='bbox 1451 4549 1508 4624; x_wconf 91' lang='lat' dir='ltr'>la-</span> 
     </span>
     <span class='ocr_line' id='line_1_32' title="bbox 340 4665 1508 4763; baseline 0.001 -21"><span class='ocrx_word' id='word_1_248' title='bbox 340 4667 505 4742; x_wconf 89' lang='lat' dir='ltr'>stidiebat</span> <span class='ocrx_word' id='word_1_249' title='bbox 530 4688 674 4743; x_wconf 82' lang='lat' dir='ltr'>sacram</span> <span class='ocrx_word' id='word_1_250' title='bbox 700 4668 933 4763; x_wconf 87' lang='lat' dir='ltr'>scripturam,</span> <span class='ocrx_word' id='word_1_251' title='bbox 960 4666 1067 4740; x_wconf 88' lang='lat' dir='ltr'>cuius</span> <span class='ocrx_word' id='word_1_252' title='bbox 1083 4682 1208 4741; x_wconf 90' lang='lat' dir='ltr'>sermo</span> <span class='ocrx_word' id='word_1_253' title='bbox 1225 4665 1418 4741; x_wconf 85' lang='lat' dir='ltr'>videbatur</span> <span class='ocrx_word' id='word_1_254' title='bbox 1443 4668 1508 4743; x_wconf 92' lang='lat' dir='ltr'>sibi</span> 
     </span>
     <span class='ocr_line' id='line_1_33' title="bbox 341 4786 1509 4886; baseline -0.003 -22"><span class='ocrx_word' id='word_1_255' title='bbox 341 4789 517 4883; x_wconf 82' lang='lat' dir='ltr'>incultus3</span> <span class='ocrx_word' id='word_1_256' title='bbox 539 4788 639 4864; x_wconf 90' lang='lat' dir='ltr'>unde</span> <span class='ocrx_word' id='word_1_257' title='bbox 663 4794 789 4886; x_wconf 89' lang='lat' dir='ltr'>postca</span> <span class='ocrx_word' id='word_1_258' title='bbox 806 4808 891 4863; x_wconf 91' lang='lat' dir='ltr'>cum</span> <span class='ocrx_word' id='word_1_259' title='bbox 913 4786 1080 4861; x_wconf 90' lang='lat' dir='ltr'>animum</span> <span class='ocrx_word' id='word_1_260' title='bbox 1101 4787 1280 4862; x_wconf 85' lang='lat' dir='ltr'>convertit</span> <span class='ocrx_word' id='word_1_261' title='bbox 1305 4787 1351 4862; x_wconf 90' lang='lat' dir='ltr'>ad</span> <span class='ocrx_word' id='word_1_262' title='bbox 1376 4786 1509 4881; x_wconf 81' lang='lat' dir='ltr'>divine,</span> 
     </span>
    </p>
   </div>
   <div class='ocr_carea' id='block_1_3' title="bbox 340 4899 1616 5123">
    <p class='ocr_par' dir='ltr' id='par_1_4' title="bbox 340 4899 1616 5123">
     <span class='ocr_line' id='line_1_34' title="bbox 340 4899 1509 5003; baseline -0.002 -20"><span class='ocrx_word' id='word_1_263' title='bbox 340 4927 464 4983; x_wconf 89' lang='lat' dir='ltr'>sermo</span> <span class='ocrx_word' id='word_1_264' title='bbox 488 4907 652 5003; x_wconf 89' lang='lat' dir='ltr'>poeticus</span> <span class='ocrx_word' id='word_1_265' title='bbox 677 4909 795 4983; x_wconf 86' lang='lat' dir='ltr'>lactus</span> <span class='ocrx_word' id='word_1_266' title='bbox 820 4913 876 4982; x_wconf 91' lang='lat' dir='ltr'>est</span> <span class='ocrx_word' id='word_1_267' title='bbox 900 4906 1005 4981; x_wconf 88' lang='lat' dir='ltr'>cibus</span> <span class='ocrx_word' id='word_1_268' title='bbox 1033 4908 1265 5003; x_wconf 83' lang='lat' dir='ltr'>angelorum,</span> <span class='ocrx_word' id='word_1_269' title='bbox 1291 4906 1385 4981; x_wconf 86' lang='lat' dir='ltr'>sicut</span> <span class='ocrx_word' id='word_1_270' title='bbox 1403 4899 1509 5002; x_wconf 73' lang='lat' dir='ltr'>&#39;patet</span> 
     </span>
     <span class='ocr_line' id='line_1_35' title="bbox 341 5017 1616 5123; baseline -0.001 -20"><span class='ocrx_word' id='word_1_271' title='bbox 341 5028 379 5103; x_wconf 93' lang='lat' dir='ltr'>iu</span> <span class='ocrx_word' id='word_1_272' title='bbox 413 5027 570 5123; x_wconf 88' lang='lat' dir='ltr'>epistolis</span> <span class='ocrx_word' id='word_1_273' title='bbox 607 5034 645 5103; x_wconf 90' lang='lat' dir='ltr'>et</span> <span class='ocrx_word' id='word_1_274' title='bbox 681 5028 719 5101; x_wconf 92' lang='lat' dir='ltr'>in</span> <span class='ocrx_word' id='word_1_275' title='bbox 755 5017 834 5102; x_wconf 90' lang='lat' dir='ltr'>aliis</span> <span class='ocrx_word' id='word_1_276' title='bbox 872 5026 972 5101; x_wconf 90' lang='lat' dir='ltr'>libris</span> <span class='ocrx_word' id='word_1_277' title='bbox 1002 5026 1078 5100; x_wconf 84' lang='lat' dir='ltr'>suis</span> <span class='ocrx_word' id='word_1_278' title='bbox 1112 5026 1323 5122; x_wconf 89' lang='lat' dir='ltr'>purpuratis</span> <span class='ocrx_word' id='word_1_279' title='bbox 1359 5026 1511 5102; x_wconf 90' lang='lat' dir='ltr'>tloribus</span> <span class='ocrx_word' id='word_1_280' title='bbox 1614 5078 1616 5083; x_wconf 68' lang='lat'>,</span> 
     </span>
    </p>
   </div>
   <div class='ocr_carea' id='block_1_4' title="bbox 0 0 2189 6692">
    <p class='ocr_par' dir='ltr' id='par_1_5' title="bbox 0 0 2189 6692">
     <span class='ocr_line' id='line_1_36' title="bbox 0 0 2189 6692; baseline 0 0"><span class='ocrx_word' id='word_1_281' title='bbox 0 0 2189 6692; x_wconf 95' lang='lat' dir='ltr'> </span> 
     </span>
    </p>
   </div>
  </div>
 </body>
</html>
