4342 6692
767 931 907 988 GAN'I'US
931 933 1075 989 subcus.
1439 925 1512 992 425

339 1101 442 1153 mum
469 1081 538 1155 sub
564 1081 683 1175 primo
715 1099 814 1175 rege,
845 1080 1047 1154 secundum
1081 1081 1151 1155 sub
1180 1083 1319 1157 ultimo.
1351 1084 1403 1159 bd
1435 1087 1514 1160 eri-

336 1201 496 1276 dentiam
523 1201 627 1297 primi
655 1208 709 1274 est
736 1201 854 1295 primo
880 1201 1068 1275 sciendum
1096 1203 1196 1295 quod
1221 1205 1402 1279 Romulus
1427 1207 1512 1280 lun·

335 1313 418 1399 da'tu
446 1324 538 1397 urbe
563 1323 679 1396 Roma
692 1315 742 1415 (¹),
773 1329 810 1396 et
840 1321 980 1395 munita
1007 1323 1156 1397 consilio
1188 1331 1225 1397 et
1258 1325 1396 1420 militia,
1424 1327 1514 1420 qnia·

336 1445 414 1518 sine
441 1441 656 1517 mulieribus
681 1462 812 1536 parum
839 1441 975 1515 durare
997 1447 1152 1535 poterat,
1171 1444 1296 1537 petivit
1318 1446 1510 1520 matrimo-

336 1564 395 1637 nia
420 1585 442 1638 a
469 1562 614 1655 vicinis3
640 1562 703 1635 sed
731 1567 881 1656 negatas
906 1561 941 1633 vi
968 1567 1005 1635 et
1032 1561 1161 1637 lraude
1187 1565 1319 1658 rapuit,
1336 1565 1510 1640 simulato

336 1682 544 1780 spectaculo
569 1682 615 1756 ad
641 1681 739 1775 quod
765 1682 901 1756 vicinos
932 1681 1159 1757 invitaverat.
1186 1683 1416 1780 Quapropter
1450 1706 1512 1760 sa·

338 1805 410 1879 bini
436 1811 515 1898 post
540 1823 669 1877 omnes
693 1809 876 1876 venerunt
901 1803 1033 1876 armati
1052 1810 1179 1877 contra
1202 1804 1370 1898 Romam,
1394 1812 1432 1880 et
1454 1805 1512 1880 in·

336 1923 450 2020 gressi
464 1922 548 1997 dolo
561 1921 745 1996 civitatem
761 1922 971 1995 babuerunt
983 1922 1122 1996 bellum
1136 1925 1406 1998 atrocissimum
1421 1946 1508 2000 cum

339 2042 519 2135 romanis;
544 2061 631 2114 cum
649 2047 774 2115 autem
794 2061 834 2116 se
858 2041 1014 2116 invicem
1036 2043 1153 2116 soceri
1172 2049 1210 2118 et
1225 2047 1353 2140 generi
1372 2046 1508 2120 crude·

336 2164 418 2238 liter
444 2162 678 2255 trucidarent,
706 2160 860 2235 finaliter
885 2162 1022 2235 sabinae
1050 2169 1162 2258 raptae
1188 2164 1283 2240 inter
1309 2172 1509 2259 utramque

336 2285 451 2360 aciem
479 2283 672 2375 irruenteS,
691 2281 934 2377 supplicantes
957 2305 1054 2357 nunc
1073 2284 1159 2357 viris
1177 2306 1275 2360 nunc
1295 2287 1511 2380 parentibus

337 2411 376 2481 ut
400 2410 587 2480 verterent
613 2424 718 2477 arma
734 2394 769 2494 (²)
802 2404 838 2475 in
865 2425 927 2478 eas
957 2425 1040 2497 quae
1071 2404 1218 2478 luerent
1248 2427 1359 2480 causa
1392 2407 1510 2481 malo·

337 2546 434 2618 rum,
452 2524 690 2620 placaverunt
714 2529 917 2616 utrumque
936 2525 1125 2618 populum,
1143 2525 1206 2618 qui
1227 2526 1377 2600 abiectis
1394 2526 1509 2601 armis

337 2665 463 2740 pacem
492 2643 667 2735 lecerunt,
695 2647 801 2716 etex
835 2649 994 2736 utraque
1025 2652 1136 2740 gente
1166 2667 1283 2719 unum
1310 2647 1508 2742 populum3

337 2771 373 2840 et
398 2765 577 2838 Romulus
595 2762 746 2836 latium
781 2782 907 2858 regem
940 2763 1153 2838 sabinorum
1181 2765 1266 2839 lecit
1297 2770 1506 2840 consortem

338 2885 450 2982 regni.
470 2885 523 2959 Ad
540 2883 742 2958 secundum
770 2890 824 2956 est
849 2883 1037 2958 sciendum
1060 2885 1171 2979 quod,
1192 2887 1287 2959 sicut
1306 2885 1430 2960 scribit
1446 2885 1507 2957 Li·

335 3008 417 3080 vius
442 3007 479 3078 in
505 3005 576 3079 fine
601 3003 719 3099 primi,
746 3023 831 3076 cum
847 2994 883 3096 (³)
911 3004 1100 3099 Superbus
1125 3013 1220 3081 esset
1249 3007 1286 3080 in
1318 3007 1506 3082 obsidione

337 3127 464 3202 vicinae
497 3125 597 3199 urbis
632 3124 691 3198 biii
727 3124 806 3198 eius
837 3131 873 3198 et
903 3124 1101 3198 Collatinus
1135 3126 1430 3222 consanguineus
1468 3128 1505 3200 in

334 3246 503 3322 convivio
527 3245 623 3319 inter
647 3245 730 3318 vina
763 3244 972 3318 babuerunt
1004 3265 1214 3319 sermonem
1241 3245 1287 3320 de
1313 3247 1504 3341 uxoribus,

335 3373 373 3443 et
404 3365 567 3459 quolibet
601 3364 882 3439 commendante
912 3384 1032 3456 suam,
1064 3364 1264 3440 Collatinus
1293 3387 1400 3440 suam
1432 3366 1508 3440 Lu-

334 3486 485 3563 cretiam
524 3484 632 3558 altius
669 3483 875 3558 extollebat.
915 3483 1038 3570 Quare
1076 3485 1123 3558 ad
1157 3486 1361 3561 babendum
1392 3507 1506 3582 expe-

335 3609 501 3686 rientiam
526 3604 684 3698 acceptis
710 3603 814 3697 equis
840 3611 1021 3678 venerunt
1051 3606 1221 3680 celeriter
1251 3607 1409 3681 Romam
1441 3607 1504 3681 ubi

333 3732 553 3807 invenerunt
579 3747 697 3800 nurus
723 3725 819 3821 regis
846 3725 941 3799 inter
957 3725 1125 3801 convivia
1151 3735 1188 3802 et
1213 3728 1318 3802 ludos
1343 3749 1429 3802 oum
1457 3729 1507 3801 si-

334 3851 499 3924 milibus:
525 3847 656 3923 deinde
673 3852 803 3920 euntes
827 3844 874 3918 ad
891 3851 1029 3919 terram
1048 3846 1214 3921 Collatini
1231 3835 1267 3938 (⁴)
1286 3848 1506 3922 invenerunt

334 3969 539 4044 Lucretiam
576 3969 670 4042 inter
704 3965 852 4040 ancillas
888 3964 1079 4061 vigilanter
1104 3957 1141 4057 (ὅ)
1172 3967 1424 4061 laborantem;
1456 3989 1504 4042 ex

334 4112 409 4184 quo
434 4090 514 4164 laus
538 4087 776 4165 contentionis
801 4085 885 4160 data
911 4091 965 4159 est
991 4086 1067 4160 sibi.
1095 4087 1229 4161 Sextus
1259 4088 1379 4163 minor
1410 4090 1505 4165 lilius

334 4210 519 4304 Tarquinii
532 4209 706 4283 continuo
720 4207 967 4279 inflammatus
980 4225 1110 4281 amore
1122 4207 1302 4282 Lucretia
1318 4201 1502 4302 rationed)

334 4328 584 4426 pulcritudinis
597 4337 633 4402 et
647 4326 844 4402 honestatis
857 4334 937 4421 post
953 4327 1094 4420 aliquot
1110 4327 1187 4402 dies
1204 4348 1291 4402 cum
1309 4331 1387 4403 solo
1403 4331 1504 4405 socio

335 4450 521 4525 Collatiam
545 4447 666 4541 rediit3
689 4446 734 4520 ibi
750 4436 787 4538 (⁷)
814 4447 971 4542 benigne
993 4452 1162 4541 receptus
1183 4469 1204 4522 a
1222 4450 1391 4524 Lucretia
1417 4472 1502 4525 cum

585 4601 763 4606 .—-..—..
789 4600 890 4606 -.--.
1350 4605 1357 4609 ,
1377 4605 1391 4610 ,-

394 4681 421 4740 (·)
437 4679 466 4728 ll.
481 4691 597 4728 romane.
940 4677 967 4738 (¹)
985 4677 1015 4726 li.
1032 4690 1104 4728 arma
1121 4679 1207 4741 potius
1223 4679 1248 4728 ln
1265 4692 1317 4728 ens.

394 4755 421 4818 (⁸)
437 4757 467 4806 B.
484 4769 546 4806 oum
563 4756 721 4819 Tarquinius
736 4754 871 4818 superbus.
940 4753 968 4816 (⁸)
985 4754 1015 4804 ll.
1032 4754 1174 4805 Colleltnm.
1237 4757 1266 4817 ι’)
1281 4757 1312 4806 Β.
1329 4757 1473 4821 rlgllnnten.

394 4833 421 4895 (⁸)
438 4833 469 4882 B.
485 4837 538 4882 tam
556 4835 655 4882 ratione
671 4831 851 4896 pulcritudinis
867 4845 944 4894 quam
961 4831 1109 4881 honestatis.

392 4911 419 4972 (²)
437 4911 467 4960 ll.
483 4909 528 4960 ubl
545 4910 655 4973 bmigne
671 4914 792 4973 receptus
807 4909 839 4958 ab
854 4909 945 4958 eedem
961 4909 1084 4958 Lucretio
1100 4909 1245 4960 honorilice
1254 4915 1282 4961 et
1292 4911 1430 4961 detentere
1445 4917 1504 4975 pom

332 4989 400 5039 diem
415 4989 566 5038 adveniente
582 4991 659 5038 noete
674 4989 762 5050 sopitb
774 4988 828 5051 jam
845 4985 965 5036 omnibns
976 4986 1069 5036 mdem
1084 4998 1175 5037 amora
1189 4988 1296 5038 intrarit
1311 4989 1343 5037 ad
1355 4989 1503 5039 Lucretia

331 5065 413 5129 tpnm
429 5064 599 5115 dormientem
616 5069 642 5116 et
658 5078 720 5115 num
737 5063 822 5127 gladlo
838 5065 864 5113 in
880 5076 960 5113 menn
976 5062 1108 5114 blanditur
1121 5076 1198 5114 um:
1212 5069 1242 5115 et
1256 5065 1377 5115 brerlter.
