4342 6692
680 906 750 973 186
1035 922 1239 977 conunruu
1264 924 1481 979 nunonronn

673 1065 812 1141 iaciunt
829 1066 998 1141 bomines
1014 1066 1051 1140 in
1069 1067 1255 1142 infamiam
1271 1068 1590 1164 ioeminarum‚'mi
1605 1072 1642 1164 se
1658 1071 1846 1161 riprender

673 1189 904 1261 tordimento
929 1190 1055 1279 d'Eoo,
1082 1188 1335 1283 compatiendo
1358 1190 1531 1264 bumanae
1552 1189 1720 1283 miserie,
1740 1188 1852 1263 cuius

673 1308 741 1381 ista
768 1308 835 1381 fuit
859 1328 983 1381 causa.
1004 1309 1049 1381 Et
1064 1309 1221 1383 ostendit
1240 1310 1484 1404 multipliciter
1500 1310 1580 1384 eius
1598 1310 1842 1384 temeritatem

674 1448 881 1526 aggravans
897 1428 1069 1503 delictum
1087 1450 1133 1503 ex
1153 1430 1275 1503 multis
1292 1430 1589 1504 circumstantiis:
1609 1431 1739 1525 primo,
1757 1430 1844 1523 quia

675 1558 757 1625 erat
781 1548 940 1643 ioemina,
967 1559 1004 1625 et
1029 1570 1095 1643 per
1119 1569 1347 1643 consequeus
1364 1550 1520 1625 debebat
1537 1570 1618 1625 esse
1636 1551 1757 1624 minus
1773 1571 1844 1625 au-

673 1670 745 1746 dax
762 1677 911 1766 propter
928 1668 1176 1744 infirmitatem
1195 1690 1322 1745 sexus:
1349 1672 1521 1763 secundo,
1541 1672 1627 1766 quia
1645 1678 1726 1747 erat
1742 1673 1837 1766 scia3

674 1813 759 1867 nam
786 1790 940 1866 societas
965 1810 1049 1884 quae
1074 1796 1222 1884 praestat
1245 1790 1437 1883 auritium,
1460 1792 1651 1866 consilium
1677 1799 1715 1867 et
1740 1792 1843 1866 iaro-

673 1933 766 2007 rem,
780 1913 872 1987 solet
885 1913 1006 1987 iacere
1020 1912 1206 1987 bominem
1221 1912 1474 1988 audaciorem:
1489 1914 1609 2009 tertio,
1623 1914 1709 2007 quia
1724 1934 1844 2010 nuper

672 2034 829 2108 iormata
848 2025 907 2128 (¹);
941 2056 1025 2107 nam
1058 2033 1281 2127 experientia
1316 2035 1408 2107 soiet
1441 2040 1617 2129 praestare
1648 2034 1841 2109 audaciam

671 2155 830 2249 bomini;
856 2160 1002 2248 quarto,
1020 2154 1106 2248 quia
1125 2146 1206 2228 erat
1227 2153 1319 2228 iacta
1337 2174 1448 2227 manu
1470 2152 1602 2227 divina.
1621 2154 1712 2228 Dicit
1729 2174 1840 2250 ergo:

670 2276 730 2349 ate
742 2278 910 2370 semmina
925 2276 1016 2363 solo,
1034 2274 1112 2347 sine
1132 2274 1203 2348 alia
1221 2272 1598 2369 soemina‚'inteliigas;
1618 2295 1702 2349 nam
1725 2274 1840 2349 babe-

672 2395 734 2469 bat
754 2394 875 2469 virum
893 2395 1047 2488 socium,
1072 2416 1091 2466 c
1110 2416 1184 2486 pur
1201 2390 1282 2467 testd
1294 2397 1465 2489 formato,
1483 2395 1659 2489 plasmata
1677 2396 1755 2470 sinc
1781 2396 1836 2468 in-

671 2516 884 2589 strumentis
910 2521 1062 2607 naturas,
1087 2536 1161 2587 non
1185 2520 1330 2607 soffersc
1354 2518 1392 2587 di
1414 2521 1491 2587 star
1515 2522 1604 2588 sotto
1628 2516 1731 2589 alcun
1753 2518 1839 2607 velo,

671 2634 816 2730 scilicet,
844 2636 1032 2709 honestate
1049 2636 1108 2710 rei
1127 2636 1273 2731 regula3
1295 2625 1331 2709 td
1348 2638 1436 2708 douc
1455 2636 1594 2708 addidici
1611 2637 1647 2708 io
1668 2642 1766 2707 terra
1786 2640 1842 2709 c'i

670 2758 767 2847 ciclo,
793 2754 895 2847 idest,
921 2756 1040 2829 omnis
1065 2761 1255 2850 creatura3
1282 2761 1319 2829 et
1344 2754 1380 2828 in
1407 2754 1475 2829 boc
1502 2755 1617 2851 tangit
1642 2755 1749 2830 aliam
1778 2776 1839 2830 ra·

670 2876 806 2950 tionem
832 2882 959 2950 contra
985 2876 1115 2949 Evam:
1139 2897 1222 2949 nam
1249 2875 1279 2949 si
1305 2875 1500 2948 multitudo
1514 2866 1550 2966 (²)
1573 2876 1837 2971 subiectorum,

670 2996 728 3071 vel
746 3016 880 3092 magna
898 3016 995 3090 pars,
1012 2995 1202 3091 praesumit
1216 2985 1253 3087 (³)
1271 3001 1398 3069 contra
1416 2995 1545 3087 Deum,
1565 3001 1605 3068 ut
1623 2996 1837 3089 plurimum,

668 3117 807 3193 crimen
835 3123 1000 3193 remanet
1025 3118 1204 3211 inultum3
1230 3117 1293 3192 sed
1325 3116 1411 3210 quia
1443 3115 1549 3189 unica
1583 3116 1715 3190 mulier
1740 3136 1837 3210 prae-

667 3237 821 3332 sumpsit
833 3245 960 3312 contra
975 3237 1150 3311 factorem
1165 3243 1202 3310 et
1219 3236 1488 3311 benefactorem
1505 3256 1627 3328 suum,
1641 3236 1723 3309 ideo
1736 3237 1837 3331 juste

666 3359 740 3433 iata
765 3364 820 3433 est
844 3357 1022 3431 sententia
1047 3357 1083 3429 in
1110 3362 1281 3452 agentem
1308 3364 1344 3431 et
1369 3355 1667 3431 consentientem.
1689 3354 1724 3427 Si
1746 3374 1836 3451 ergo

665 3479 734 3553 ista
761 3478 893 3553 mulier
918 3478 955 3550 in
980 3483 1081 3550 tanta
1107 3476 1328 3571 perfectione
1359 3476 1515 3551 formata
1547 3477 1660 3550 noluit
1685 3476 1835 3550 obedire

665 3605 848 3694 praecepto
861 3596 1044 3690 ditissimi,
1057 3596 1244 3690 quomodo
1261 3617 1351 3692 ergo
1368 3596 1514 3671 ioemina
1533 3598 1581 3670 ab
1603 3596 1750 3669 bomine
1768 3614 1834 3691 gc·

666 3726 794 3793 nerata
819 3716 889 3791 erit
914 3716 1086 3790 obediens
1113 3716 1192 3789 viro
1217 3720 1309 3789 suot
1329 3717 1370 3788 Et
1388 3716 1509 3789 subdit
1527 3716 1614 3809 quid
1632 3735 1834 3809 conseque-

664 3838 774 3912 batur
800 3858 845 3912 er
872 3836 1088 3930 obedientia,
1115 3836 1256 3909 dicens:
1281 3844 1370 3909 sotto
1388 3840 1413 3909 't
1438 3840 1534 3928 quot,
1566 3836 1716 3929 scincet,
1738 3836 1832 3929 reio,

663 3980 703 4033 se
726 3962 844 4033 divota
865 3961 959 4053 [osse
982 3966 1087 4048 stota,
1116 3978 1188 4031 non
1219 3958 1416 4033 temeraria
1442 3965 1616 4053 appetens
1641 3958 1832 4052 prohibita,

664 4084 770 4154 omia
793 4083 912 4153 sentite
931 4082 1053 4171 primo
1076 4080 1185 4169 quelle
1208 4079 1375 4171 ineffabili
1395 4081 1529 4169 deitate,
1549 4078 1596 4153 de
1624 4078 1758 4172 quibus
1777 4078 1833 4151 di-

663 4209 766 4277 ctum
791 4208 847 4275 est
872 4199 1090 4295 praecedenti
1116 4199 1285 4294 capituto,
1311 4202 1414 4291 cpot
1438 4202 1546 4289 ianpo
1567 4202 1669 4291 licto,
1687 4220 1753 4294 per
1779 4206 1833 4273 tot

664 4322 798 4396 secula.

735 4444 861 4515 mmm
869 4444 915 4513 io.
933 4442 1004 4514 Ista
1021 4447 1077 4515 est
1093 4440 1253 4515 secunda
1271 4460 1356 4533 pars
1375 4440 1557 4535 generatis
1578 4440 1613 4512 in
1634 4461 1707 4534 qua
1724 4447 1833 4535 poeta

663 4568 798 4655 noster,
823 4560 1010 4655 descriptis
1035 4560 1292 4654 luminaribus,
1317 4560 1488 4634 describit
1513 4560 1664 4656 insignio
1692 4580 1833 4654 praece-

661 4681 783 4756 dentia
814 4680 1017 4756 exercitum
1045 4680 1230 4753 militantis
1255 4680 1427 4755 ecciesiae.
1455 4680 1498 4752 Et
1529 4679 1649 4773 primo
1681 4679 1828 4773 quidem

662 4803 777 4897 tangit
803 4823 919 4875 unum
945 4801 1104 4897 signum,
1123 4801 1282 4875 indicans
1308 4800 1505 4875 adventum
1534 4799 1679 4874 iliorum
1708 4799 1831 4895 signo-

722 4986 749 5046 (')
767 4984 798 5033 li.
813 4984 933 5044 formata,
949 4990 976 5035 et
992 4985 1028 5034 sic
1044 4984 1153 5035 modice
1169 4985 1341 5048 experientia,
1357 4998 1416 5048 que
1432 4985 1498 5035 sciet
1516 4986 1642 5047 prebere.

724 5062 751 5121 (²)
765 5066 811 5112 117
825 5073 841 5110 a
857 5060 888 5111 Ε.
905 5066 959 5111 tota
975 5062 1124 5112 multitudo.
1279 5060 1306 5125 (⁸)
1322 5062 1353 5111 E.
1371 5063 1503 5125 presumit
1519 5066 1609 5111 contra
1626 5060 1775 5111 Bourinum.
