4342 6692
796 925 935 982 cunnus
958 927 1103 982 saurus.
1461 913 1532 982 437

360 1068 452 1144 saris
476 1068 533 1144 vir
557 1069 831 1144 strenuissimus
849 1069 933 1144 vicit
958 1077 995 1146 et
1020 1070 1159 1146 occidit.
1183 1069 1254 1146 Sed
1270 1070 1392 1146 Gaesar
1408 1090 1476 1165 per
1492 1091 1533 1144 se

360 1195 398 1264 et
421 1209 509 1264 suos
534 1189 651 1264 victor
676 1209 762 1264 cum
790 1210 925 1287 magna
949 1189 1067 1288 gloria
1100 1189 1242 1264 romani
1274 1189 1430 1264 nominis
1464 1191 1532 1264 ite-

361 1331 444 1384 rum
470 1309 637 1386 transivit
661 1309 697 1385 iu
723 1309 959 1386 Germaniam
978 1317 1106 1398 contra
1124 1311 1266 1385 Suevos
1282 1310 1418 1385 iterum
1436 1310 1531 1386 lacto

358 1437 486 1526 ponte:
511 1431 576 1506 sed
592 1430 664 1506 cito
687 1451 871 1527 neveram,
888 1432 1089 1527 composita
1109 1431 1237 1525 Gallia,
1258 1431 1388 1506 redivit
1405 1430 1442 1504 in
1459 1432 1531 1506 lta-

359 1553 466 1647 liam3
492 1559 529 1626 et
545 1551 691 1628 interim
707 1544 744 1646 (⁴)
762 1552 867 1648 quasi
885 1571 980 1626 nova
1000 1552 1150 1628 rebellio
1168 1553 1279 1627 totius
1294 1551 1420 1653 Galliae
1436 1551 1528 1626 iacta

360 1680 416 1749 est
439 1671 535 1748 duce
558 1671 882 1770 Vercingentorige
906 1672 1165 1766 alvernorum,
1192 1673 1255 1768 qui
1275 1671 1422 1768 juvenis
1450 1679 1531 1746 erat

359 1791 630 1889 potentissimus
654 1811 822 1888 corpore,
842 1792 970 1886 aruris,
985 1792 1122 1886 animo,
1140 1799 1177 1867 et
1194 1793 1271 1887 ipso
1288 1791 1437 1867 nomine
1454 1797 1531 1866 ter-

361 1911 510 2007 ribilius,
528 1931 616 1986 cum
633 1932 709 2007 quo
727 1911 880 1987 luerunt
896 1911 1037 2006 Parisii,
1052 1911 1228 2008 Senones,
1248 1911 1431 2006 Pithones,
1457 1912 1530 1985 Tu-

351 2051 480 2126 rones,
506 2032 731 2126 Lemovices,
752 2032 945 2129 Bituriges,
965 2032 1123 2107 Rutheni
1149 2040 1187 2108 et
1211 2033 1291 2125 alii,
1317 2033 1381 2108 sed
1407 2033 1530 2106 Caesar

359 2174 406 2230 ex
432 2152 533 2228 ltalia
566 2173 738 2229 reversus
763 2152 932 2228 celeriter·
958 2152 995 2228 in
1014 2152 1173 2228 Galliam
1206 2153 1305 2227 venit
1334 2153 1372 2226 in
1400 2153 1529 2227 Alver-

359 2274 478 2368 niam3
505 2278 543 2350 et
575 2281 657 2370 post
681 2274 817 2348 multas
849 2273 1020 2349 victorias
1052 2274 1199 2348 tandem
1226 2272 1529 2370 Vercingentorir

359 2392 484 2468 volens
509 2398 547 2468 et
571 2393 766 2469 consulens
789 2392 897 2467 datus
922 2399 977 2468 est
1002 2393 1148 2487 cesari,
1166 2393 1230 2489 qui
1250 2393 1467 2488 provolutus
1483 2393 1529 2468 ad

356 2533 479 2610 genua
505 2514 675 2609 proiectis
691 2513 805 2589 armis
821 2514 927 2589 dixit:
954 2513 1077 2590 virum
1104 2514 1236 2590 sortem
1262 2513 1457 2588 fortissime
1475 2513 1530 2587 vi-

357 2633 447 2709 cisti.
473 2634 517 2707 Et
543 2634 671 2718 ultimo
696 2633 819 2710 Cesar
844 2634 1011 2710 omnium
1038 2634 1154 2710 victor
1186 2635 1222 2707 in
1254 2654 1388 2709 novem
1412 2633 1529 2726 annis,

357 2752 500 2828 decimo
533 2775 630 2828 anno
662 2760 775 2828 totam
802 2754 956 2829 Galliam
987 2754 1248 2849 transalpinam
1273 2753 1465 2846 ordinavit,
1492 2759 1530 2828 et

358 2873 507 2948 veniens
532 2873 569 2948 in
593 2874 733 2950 ltaliam
759 2873 912 2948 Galliam
938 2873 1148 2970 cisalpinam
1174 2873 1212 2948 in
1239 2873 1309 2948 lide
1334 2880 1371 2948 et
1400 2893 1530 2948 amore

358 3015 426 3069 suo
451 2993 698 3088 confirmavit3
725 3001 762 3069 et
787 2995 924 3070 iterum
951 3013 1124 3068 reversus
1148 2993 1185 3067 in
1204 2993 1359 3068 Galliam
1375 3013 1529 3088 suspen·

357 3134 420 3188 sus
445 3113 661 3208 expectabat
685 3112 862 3208 quidquid
887 3114 1015 3188 Romae
1040 3120 1227 3210 ageretur,
1240 3115 1319 3209 jam
1340 3115 1446 3208 quasi
1471 3114 1526 3188 di·

357 3235 484 3311 vinans
515 3234 620 3310 civile
644 3233 794 3309 bellum.
827 3234 888 3308 llis
919 3233 1116 3330 premissis
1150 3256 1247 3310 nuuc
1278 3243 1452 3311 construe
1477 3236 1528 3310 sic

357 3357 521 3432 literam:
540 3355 763 3430 Iustinianus
779 3353 988 3430 describens
1000 3354 1153 3429 Galliam
1171 3377 1194 3428 a
1211 3355 1422 3430 fluminibus
1441 3356 1527 3449 suis,

356 3475 460 3552 dicit:
486 3479 603 3550 lscro.
631 3473 697 3550 llic
721 3474 855 3548 ilnvius
874 3473 1035 3548 nascitur
1060 3494 1108 3548 ex
1132 3475 1214 3570 alpe
1235 3474 1308 3550 alta
1328 3476 1422 3550 inter
1441 3476 1528 3550 Gal-

356 3596 443 3670 liam
470 3600 507 3670 et
531 3594 682 3688 ltaliam,
708 3601 746 3670 et
770 3594 971 3670 decurrens
997 3614 1063 3690 per
1087 3615 1274 3673 amoenam
1304 3595 1437 3670 vallem
1462 3616 1528 3691 per

357 3717 492 3792 multas
517 3722 647 3810 terras,
668 3714 815 3790 taudem
842 3735 999 3810 magnus
1025 3714 1121 3790 cadit
1145 3716 1182 3789 in
1207 3715 1438 3808 Rhodanum,
1464 3716 1527 3790 ubi

357 3837 492 3911 ilarius
511 3834 720 3911 terribiliter
737 3835 823 3909 vicit
834 3834 1013 3928 Cimbros,
1027 3834 1122 3909 sicut
1142 3841 1261 3909 totum
1274 3835 1366 3928 vidi,
1380 3838 1425 3909 ed
1435 3840 1525 3929 Ero,

356 3955 450 4030 alius
475 3954 610 4029 iluvius
634 3954 768 4030 cadens
797 3952 961 4028 similiter
991 3953 1028 4027 in
1053 3953 1283 4048 Rhodanum,
1310 3975 1422 4048 quem
1455 3974 1527 4029 non

353 4074 442 4168 vidi,
467 4077 544 4150 iride
568 4076 647 4168 quel
665 4076 724 4148 clrc
740 4077 789 4168 se,
810 4072 899 4147 illud
923 4072 1069 4170 signum
1096 4073 1240 4168 aquilae,
1261 4076 1310 4147 da
1334 4079 1450 4168 Voro;
1467 4074 1526 4149 hic

357 4200 414 4270 est
437 4193 570 4268 iluvius
595 4193 681 4268 satis
706 4213 864 4289 maguus
888 4193 925 4266 in
950 4193 1108 4267 confinio
1125 4193 1236 4267 ltaliae
1260 4193 1354 4269 inter
1380 4194 1527 4268 territo·

358 4315 455 4391 rium
476 4314 713 4411 januensium
740 4320 778 4390 et
803 4313 1040 4408 provinciam,
1057 4317 1168 4408 induo
1188 4318 1227 4389 ol
1241 4320 1338 4390 Reno
1345 4342 1360 4410 ;
1378 4317 1527 4391 Rhenus

357 4441 412 4510 est
428 4435 561 4508 tluvius
579 4433 764 4508 maximus
777 4424 827 4526 (ἱ),
842 4431 904 4526 qui
922 4431 1008 4508 olim
1027 4433 1210 4509 dividebat
1225 4434 1378 4512 Galliam
1396 4457 1419 4510 a
1435 4437 1527 4512 Ger·

357 4553 491 4647 mania,
509 4552 571 4646 qui
592 4552 782 4629 dicebatur
808 4573 939 4626 murus
965 4554 1109 4627 romani
1126 4553 1268 4648 imperii
1286 4563 1415 4630 contra
1441 4557 1526 4632 bar-

356 4675 465 4750 baras
486 4673 662 4768 nationes,
679 4679 880 4768 antequam
905 4673 1028 4748 Caesar
1053 4674 1172 4769 ipsum
1200 4674 1387 4768 transiret3
1414 4684 1450 4750 et
1475 4678 1526 4754 sic

357 4794 440 4870 vide
464 4792 563 4889 quod
588 4793 702 4868 Gallia
728 4799 808 4883 erat
833 4793 919 4868 olim
949 4794 1065 4868 maior
1091 4815 1203 4889 quam
1231 4817 1329 4870 nunc
1354 4796 1412 4891 sit,
1439 4799 1524 4891 quia

421 5057 448 5123 (Ι)
463 5057 494 5109 E.
509 5070 525 5108 ο
541 5061 564 5119 ι,
580 5057 686 5108 rurum.
935 5053 964 5118 (¹)
980 5059 1003 5117 ὅ,
1020 5055 1082 5108 uus
1096 5069 1215 5120 munus.
