4342 6692
777 943 914 1000 caurus
939 945 1111 1000 ocrnvns.
1459 935 1531 1003 lat

360 1091 442 1186 tria,
454 1089 606 1187 ¹juvenis
632 1089 756 1186 viginti
783 1089 947 1185 quinque
971 1110 1177 1185 annornm;
1195 1090 1259 1185 qui
1284 1097 1374 1166 tunc
1398 1092 1532 1167 ardeus

358 1232 499 1306 amore,
526 1231 660 1285 vacans
685 1210 782 1284 sonis
813 1216 850 1286 et
882 1211 1060 1306 cantibus,
1086 1210 1190 1285 uncis
1219 1213 1356 1286 amoris
1382 1233 1531 1307 prome·

359 1330 433 1406 ruit
457 1329 615 1428 gratiam
641 1329 743 1404 istius
764 1329 912 1426 juvenis
938 1330 1074 1406 Caroli:
1100 1330 1164 1405 sed
1189 1331 1342 1405 Carolus
1369 1332 1436 1408 iste
1456 1354 1531 1408 uno

359 1455 396 1526 et
425 1451 554 1526 eodem
586 1470 683 1524 anno
715 1448 867 1524 reddidit
899 1449 1061 1526 animam
1096 1450 1173 1526 Deo
1193 1443 1294 1525 ‘curn
1328 1451 1531 1527 Clementia

360 1591 478 1646 uxore
502 1591 580 1645 sua.
607 1570 713 1644 Nunc
738 1568 783 1643 ad
810 1569 953 1644 literam
975 1590 1082 1667 ergo:
1111 1570 1231 1664 primo
1248 1577 1354 1665 poeta
1374 1570 1531 1646 ostendit

359 1690 545 1786 quomodo
570 1689 628 1763 hic
654 1689 807 1764 Carolus
824 1689 982 1785 henigne
998 1688 1172 1763 obtulerit
1189 1710 1229 1765 se
1245 1691 1311 1764 sihi
1335 1691 1381 1766 ad
1407 1690 1529 1781 omnia

257 1853 260 1860 ·
358 1815 477 1907 grata,
503 1808 642 1884 dicens:
669 1811 764 1900 Indi,
790 1809 892 1903 idest,
923 1808 1065 1904 deinde,
1091 1813 1189 1900 tun,
1219 1810 1354 1885 scilicet
1378 1810 1531 1885 Carolus

358 1930 553 2023 llartellus,
580 1935 617 2004 el
642 1928 775 2004 dicitur
800 1930 964 2025 Carolus,
991 1929 1097 2024 quasi
1112 1923 1149 2022 (¹)
1176 1950 1307 2004 carens
1332 1931 1405 2024 lue,
1427 1931 1531 2025 idest,

356 2049 442 2124 'labe
468 2049 653 2144 vitiorum,
679 2052 711 2122 si
731 2053 805 2145 [cce
823 2045 887 2143 piri
909 2071 1034 2142 presso
1059 2072 1084 2123 a
1108 2053 1181 2141 noi,
1205 2051 1292 2144 quia
1318 2050 1531 2147 recognovit

360 2175 543 2263 autorem,
569 2191 588 2242 e
611 2173 687 2243 soto
714 2162 935 2258 incomincid,
960 2170 1089 2265 supple
1122 2170 1257 2265 dicere,
1288 2170 1430 2246 caeteris
1462 2191 1531 2244 au·

359 2288 540 2364 dientihus
565 2295 602 2364 et
628 2289 919 2384 quiescentibus:
955 2294 1029 2364 tutti
1059 2311 1133 2365 sem
1160 2294 1286 2384 presti,
1316 2313 1363 2366 er
1397 2291 1531 2366 ardore

358 2409 530 2504 caritatis,
562 2413 600 2482 al
631 2417 690 2483 tuo
718 2413 854 2502 pinum
876 2403 1004 2502 percat
1026 2413 1064 2484 di
1086 2413 1158 2483 *noi
1189 2413 1215 2484 ti
1243 2413 1328 2505 pini,
1356 2410 1459 2504 idest,
1491 2417 1530 2485 ut

360 2528 511 2624 recipias
536 2528 742 2624 proiectum
768 2528 872 2604 nohis
886 2519 935 2622 (²),
950 2535 987 2603 et
1013 2529 1151 2604 reseras
1176 2530 1254 2604 aliis
1270 2529 1396 2604 audita
1413 2530 1531 2626 gloria

360 2655 495 2722 nostra.
522 2649 567 2721 Et
590 2648 750 2745 assignat
780 2669 930 2724 causam
964 2669 1081 2743 quare
1116 2659 1203 2726 sunt
1231 2639 1330 2740 ita(³)
1359 2648 1529 2744 prompti,

360 2767 445 2863 qnia
471 2768 602 2844 ardent
626 2789 755 2843 omnes
775 2789 905 2843 amore
930 2767 1063 2862 divino,
1081 2769 1175 2842 sicut
1201 2767 1236 2840 in
1264 2769 1402 2843 mundo
1427 2789 1530 2844 arse-

360 2894 447 2962 runt
462 2875 498 2981 (⁸)
527 2909 656 2963 amore
681 2908 788 2962 vano.
816 2887 918 2962 Unde
938 2887 1041 2961 dicit:
1060 2892 1122 2961 noi
1142 2891 1174 2959 ci
1191 2890 1343 2978 volpium
1360 2891 1412 2961 co'
1426 2891 1530 2980 prin-

359 3011 427 3100 cipi
445 3011 571 3099 celesti,
587 3007 690 3102 idesl,
709 3027 907 3103 movemur
925 3013 1029 3081 motu
1046 3008 1279 3101 thronorum,
1298 3007 1360 3102 qui
1380 3014 1530 3084 movent

360 3125 455 3200 istud
493 3127 647 3222 coelum,
686 3129 720 3200 d’
733 3147 782 3200 nn
819 3134 925 3217 moto,
959 3129 1056 3200 d’nn
1086 3130 1211 3216 pirare
1244 3150 1263 3200 e
1296 3129 1416 3200 d'unn
1448 3136 1529 3222 see,

359 3246 462 3341 idest,
493 3269 569 3322 uno
608 3254 724 3342 motu,
754 3247 1001 3342 circulatione,
1037 3253 1074 3322 et
1112 3246 1302 3322 desiderio.
1341 3247 1394 3331 hd
1431 3251 1530 3344 quod

359 3377 444 3446 nota
470 3373 569 3467 quod
594 3379 704 3448 autor
736 3373 817 3446 nult
848 3371 947 3466 qnod
972 3390 1107 3445 norem
1134 3370 1280 3446 ordines
1311 3372 1530 3468 angelorum

357 3494 668 3588 correspondeant
697 3513 831 3568 novem
863 3491 978 3587 speris
1008 3492 1203 3586 coelorum,
1232 3491 1327 3566 sicut
1361 3501 1461 3588 patet
1494 3494 1531 3568 in

357 3614 427 3688 hoc
459 3612 563 3688 libro.
602 3612 647 3686 lit
680 3617 723 3686 ut
760 3611 888 3687 reddat
920 3617 1092 3686 autorem
1133 3617 1314 3686 attentum
1350 3620 1531 3688 memorat

231 3737 237 3748 '
357 3733 438 3827 sibi,
463 3732 562 3827 quod
588 3731 664 3827 ipse
689 3731 775 3806 olim
803 3731 840 3806 in
872 3731 944 3806 vita
976 3731 1066 3804 dum
1101 3736 1197 3804 esset
1226 3736 1417 3805 amoratus
1441 3732 1532 3806 alle-

359 3859 487 3928 ctuose
510 3851 642 3927 direxit
667 3871 877 3926 sermonem
905 3871 1016 3924 suum
1042 3850 1089 3924 ad
1114 3849 1202 3923 istos
1227 3851 1396 3946 angelos,
1415 3857 1452 3926 et
1475 3850 1531 3924 di·

358 3973 427 4048 cit:
453 3975 491 4046 ni
518 3974 626 4064 pund,
657 3971 802 4065 scilicet,
835 3970 1068 4066 principibus,
1103 3977 1140 4045 tn
1170 3973 1228 4043 net
1255 3974 1398 4062 mondo,
1428 3971 1532 4067 idest,

359 4113 445 4168 oum
472 4110 554 4166 eras
579 4091 615 4164 in
644 4091 781 4165 mundo
815 4090 959 4165 mortali
989 4089 1026 4164 in
1061 4090 1180 4184 terris,
1211 4080 1274 4182 yid
1302 4093 1442 4165 dursti:
1475 4095 1532 4167 vot

358 4216 420 4288 cte
443 4213 649 4288 ’almerado
682 4215 710 4284 tl
741 4218 839 4285 terzo
864 4213 928 4284 ciel
951 4216 1093 4304 moach,
1122 4210 1224 4304 idest,
1251 4231 1365 4286 nvos
1399 4211 1531 4287 intelli-

359 4335 503 4432 gentiae,
531 4353 615 4429 que
642 4333 796 4408 movetis
822 4331 968 4407 tertiam
993 4351 1138 4425 speram
1158 4332 1328 4406 Veneris:
1355 4331 1451 4407 istud
1476 4340 1532 4408 est

359 4454 577 4551 principium
604 4452 714 4528 unius
740 4451 928 4546 cantionis,
947 4471 1059 4545 quarn
1086 4457 1196 4524 autor
1221 4450 1306 4525 lecit
1330 4452 1377 4526 de
1401 4473 1531 4529 amore

359 4595 429 4648 suo
454 4573 719 4669 injuventute,
746 4571 810 4646 uhi
834 4570 1034 4664 alloquitur
1065 4569 1180 4645 dictas
1214 4569 1468 4666 intelligentias
1493 4573 1530 4646 in

358 4691 502 4789 plurali,
529 4691 614 4788 quia
639 4712 713 4766 non
735 4690 899 4785 loquitur
916 4690 962 4764 ad
980 4690 1132 4765 modum
1151 4689 1350 4785 philosophi
1372 4691 1531 4785 quivult

360 4810 460 4908 quod
486 4831 558 4885 una
584 4831 691 4905 spera
718 4809 850 4886 haheat
874 4811 994 4883 solum
1017 4830 1131 4883 unam
1153 4809 1426 4905 intelligentiam
1448 4833 1532 4887 mo-

422 4997 450 5062 l'l
466 4997 496 5048 n
513 4996 572 5061 qun
588 5009 686 5048 eamn..
906 4996 934 5057 ll
949 4996 980 5046 E·
997 5009 1012 5045 e
1029 5000 1052 5055 t,
1067 5009 1102 5050 ex
1116 4995 1197 5046 noun

423 5073 450 5138 (⁸)
466 5078 491 5133 t,
508 5073 550 5124 loll
566 5075 688 5140 prompti.
909 5071 937 5136 (Ι)
952 5073 983 5124 Ε.
999 5078 1160 5125 exuramur,
