4342 6692
703 886 775 953 att
1065 896 1270 952 counuruu
1293 895 1512 951 cuneantur

702 1041 863 1136 parentis
887 1048 969 1136 post
993 1049 1098 1138 terga
1124 1063 1202 1115 sua.
1228 1040 1305 1115 Hoc
1336 1045 1461 1114 autem
1494 1031 1710 1136 r'espousum
1740 1042 1876 1116 obseu-

704 1181 789 1234 rum
816 1163 1014 1238 Deucalion
1040 1164 1302 1259 interpretatus
1333 1167 1388 1238 est
1417 1161 1464 1236 de
1496 1160 1674 1257 lapidibus
1699 1163 1763 1259 qui
1788 1173 1875 1240 sunt

702 1303 786 1357 ossa
810 1288 922 1358 terrae
947 1293 1016 1360 etc.
1042 1283 1137 1358 sicut
1162 1283 1285 1359 scribit
1309 1282 1458 1357 Ovidius
1482 1283 1602 1378 primo
1627 1285 1673 1359 de
1698 1287 1876 1361 transtor-

704 1403 821 1480 matis
854 1406 991 1501 Sphinx
1007 1397 1058 1500 (¹),
1086 1405 1182 1478 sicut
1206 1403 1331 1478 scribit
1356 1404 1492 1479 Statius
1518 1405 1638 1500 primo
1662 1406 1877 1502 Thebaidos,

705 1523 772 1598 luit
797 1527 981 1621 quoddam
1007 1525 1170 1601 terribile
1196 1530 1416 1620 mensuum,
1434 1525 1535 1618 idest,
1554 1531 1596 1598 ut
1613 1525 1718 1600 multi
1741 1527 1875 1622 dicunt,

706 1647 855 1740 quidam
882 1653 1137 1722 monstruosus
1162 1645 1257 1720 latro
1287 1645 1323 1719 in
1355 1653 1482 1720 monte
1510 1647 1608 1741 apud
1632 1647 1785 1741 Thebas,
1812 1651 1875 1743 qui

705 1766 854 1842 cuilibet
880 1767 1082 1841 transeunti
1107 1765 1335 1861 proponebat
1357 1787 1475 1840 unum
1498 1766 1690 1861 problema
1707 1787 1793 1842 cum
1813 1770 1875 1843 tali

705 1886 789 1982 lege
812 1893 850 1961 et
874 1886 1128 1980 conventione,
1147 1884 1245 1981 quod
1266 1885 1296 1959 ui
1321 1885 1382 1960 ille
1406 1885 1565 1961 solveret
1590 1886 1780 1980 problema
1813 1909 1876 1963 oc-

706 2005 843 2082 cideret
867 2008 1007 2103 ipsum3
1034 2009 1064 2082 si
1090 2026 1179 2082 vero
1204 2007 1349 2081 solvere
1365 2025 1440 2079 non
1462 2011 1584 2100 posset
1608 2006 1877 2084 interficeretur

705 2125 866 2222 abipso.
893 2129 1087 2202 Problema
1113 2133 1240 2201 autem
1272 2133 1353 2200 erat
1383 2125 1472 2200 tale:
1505 2125 1570 2200 llic
1600 2126 1687 2199 mihi
1720 2127 1808 2222 quid
1834 2127 1877 2204 sit

706 2246 842 2320 animal
854 2239 891 2340 (¹)
926 2247 1025 2342 quod
1053 2247 1174 2344 primo
1205 2246 1339 2322 incedit
1367 2253 1528 2340 quatuor
1559 2247 1722 2342 pedibus,
1747 2249 1877 2325 deinde

706 2365 864 2461 duobus,
895 2375 1020 2462 postea
1052 2368 1169 2441 tribus
1203 2373 1240 2441 et
1272 2367 1402 2440 ultimo
1428 2372 1619 2461 quatuor?
1648 2369 1739 2456 Quae
1764 2370 1877 2445 verba

706 2484 866 2581 OEdipus
882 2487 1143 2583 interpretatus
1160 2494 1214 2561 est
1231 2486 1277 2561 de
1293 2486 1466 2560 bomine:
1492 2491 1528 2560 et
1545 2487 1689 2561 solvens
1708 2491 1879 2583 quaestlo-

707 2626 793 2681 nern
820 2606 1000 2682 interfecit
1025 2613 1247 2682 monstrum.
1265 2606 1370 2681 blodo
1396 2605 1442 2680 ad
1467 2603 1707 2702 propositum,
1729 2609 1807 2683 vult
1825 2605 1878 2682 di-

707 2748 798 2806 cere,
819 2727 977 2823 Beatrix,
1004 2729 1099 2804 forte
1123 2728 1260 2803 dictum
1290 2747 1416 2801 meum
1451 2748 1525 2801 non
1558 2735 1681 2801 moret
1712 2729 1876 2803 animum

708 2855 816 2922 tuum
838 2850 886 2923 ad
909 2849 1138 2944 prophetiam
1162 2869 1296 2942 meam,
1315 2848 1401 2942 quia
1420 2867 1492 2921 non
1510 2854 1566 2924 est
1581 2848 1821 2944 intelligibile3
1840 2855 1877 2924 et

708 2974 833 3044 tamen
858 2970 925 3043 luit
951 2970 1176 3044 intellectum
1202 2975 1240 3044 ct
1265 2967 1493 3042 verificatnm
1521 2987 1586 3064 per
1612 2976 1787 3044 eventum
1813 2970 1877 3044 rei.

708 3092 793 3167 ldeo
817 3091 920 3166 dicit:
945 3086 1083 3184 perchc',
1109 3091 1186 3184 ipsa
1211 3089 1374 3163 narratio
1399 3109 1483 3164 mea
1504 3093 1627 3183 abdiu,
1647 3089 1751 3184 idest,
1770 3090 1879 3164 obtu-

709 3219 767 3286 rat
791 3218 828 3285 et
852 3212 1037 3305 obscurat,
1063 3213 1271 3301 dictatione,
1302 3209 1448 3304 scilicet,
1480 3217 1600 3304 tuum,
1631 3232 1656 3283 α
1680 3211 1737 3283 tor
1762 3213 1879 3302 modo,

709 3331 854 3426 scilicet,
880 3331 1062 3406 Themidis
1086 3337 1125 3406 et
1149 3330 1326 3426 Sphingis.
1348 3331 1393 3403 Et
1413 3327 1470 3405 bic
1495 3336 1580 3405 nota
1607 3330 1705 3426 quod
1731 3351 1880 3427 compa-

709 3453 803 3527 ratio
828 3459 882 3527 est
911 3451 1179 3548 propriissime:
1213 3450 1306 3526 sicut
1340 3451 1439 3526 enirn
1471 3452 1666 3525 oraculum
1698 3449 1879 3526 Themidis

709 3579 790 3647 erat
808 3574 846 3646 in
872 3595 912 3648 se
936 3574 1151 3667 obscurum,
1178 3579 1214 3646 et
1239 3578 1364 3646 tamen
1389 3571 1589 3646 Deucalion
1614 3571 1733 3667 ipsum
1757 3572 1882 3648 decla-

710 3693 806 3768 ravit
830 3699 868 3768 et
892 3693 1077 3788 reparavit
1094 3713 1212 3789 mnus
1230 3693 1455 3785 humanum3
1473 3690 1523 3765 ita
1541 3711 1639 3765 nunc
1661 3711 1876 3788 responsum

709 3814 883 3890 Beatricis
907 3820 988 3888 erat
1013 3815 1214 3888 obscurum
1240 3813 1278 3886 in
1303 3833 1354 3907 se,
1381 3812 1443 3886 sed
1472 3812 1639 3907 princeps
1670 3811 1818 3887 tuturus
1842 3815 1879 3888 in

709 3934 813 4009 brevi
830 3933 1029 4008 declarabit
1046 3934 1167 4029 ipsum
1188 3933 1422 4008 reformando
1440 3932 1636 4006 mundum:
1654 3933 1748 4008 sicut
1767 3933 1878 4009 etlam

709 4054 899 4150 problema
924 4053 1091 4150 Sphingis
1117 4059 1197 4128 erat
1221 4053 1387 4148 dubium,
1414 4060 1451 4128 et
1476 4059 1600 4130 tamen
1625 4053 1785 4150 OEdipus
1815 4054 1880 4129 de-

710 4175 862 4250 claravit
878 4173 966 4249 illud
983 4182 1021 4250 et
1040 4174 1221 4250 interiecit
1238 4181 1462 4268 monstrum3
1480 4174 1530 4248 ita
1550 4175 1687 4250 dictum
1706 4173 1880 4251 Beatricis

711 4314 810 4370 nunc
834 4302 915 4369 erat
938 4295 1106 4390 dubium,
1124 4301 1161 4369 et
1181 4301 1304 4369 tamen
1330 4294 1497 4390 princeps
1514 4294 1663 4369 futurus
1679 4295 1797 4391 ipsum
1816 4297 1880 4372 de-

710 4415 863 4491 clarabit
886 4415 1107 4490 destruendo
1134 4421 1353 4508 monstrum,
1375 4414 1522 4510 scilicet,
1540 4416 1658 4510 capita
1680 4422 1716 4490 et
1737 4437 1881 4492 cornua

710 4558 856 4630 currus,
882 4557 967 4630 quae
994 4536 1201 4631 extirpabit,
1227 4541 1264 4610 et
1289 4533 1430 4610 sanabit
1462 4537 1653 4612 ecclesiam
1679 4537 1880 4614 auferendo

709 4656 777 4732 sibi
801 4656 956 4752 plumas.
978 4655 1063 4730 ldeo
1080 4657 1176 4731 bene
1197 4651 1339 4730 subdit:
1358 4677 1418 4729 mc
1435 4663 1523 4730 tosto
1535 4659 1607 4750 fiee
1626 4661 1657 4730 lc
1670 4662 1762 4753 suta,
1778 4654 1881 4754 idest,

709 4777 1011 4871 constellationes,
1033 4799 1052 4850 c
1076 4780 1108 4850 le
1126 4779 1274 4868 Nutude,
1296 4777 1399 4872 idest,
1420 4777 1515 4852 dicta
1536 4777 1711 4873 dearum3
1730 4779 1882 4878 Naiadas

773 5041 801 5104 (¹)
816 5044 870 5099 117,
886 5039 983 5102 Sphinx
997 5047 1094 5103 antem,
1111 5042 1185 5092 eleut.
1330 5035 1357 5102 (¹)
1376 5044 1429 5101 117,
1446 5040 1540 5090 animal
1558 5039 1623 5090 illud
1639 5040 1709 5103 quaed
1725 5039 1818 5104 prltna.
