4342 6692
671 902 742 973 nrt
1060 910 1265 968 oouunrurr
1289 913 1456 967 ιιιιιιιιει

668 1059 810 1158 garitae,
834 1079 879 1133 ae
901 1060 1057 1132 riceoette
1076 1078 1145 1151 per
1170 1063 1269 1131 estro
1294 1078 1344 1148 se,
1364 1064 1403 1131 et
1427 1076 1513 1133 eece
1539 1057 1690 1132 modum
1727 1056 1841 1131 mira-

669 1180 793 1273 bilem,
805 1199 901 1253 come
913 1197 1027 1270 aequo
1041 1198 1163 1269 recepe
1183 1178 1313 1269 roppio
1331 1180 1368 1251 dt
1383 1180 1456 1250 luce
1468 1180 1711 1270 pemanendo
1727 1180 1837 1269 emta,

669 1301 756 1397 quia
780 1320 878 1393 aqua
902 1317 977 1373 uon
1000 1296 1262 1392 corrumpitur,
1288 1303 1326 1371 et
1358 1295 1482 1371 radius
1511 1297 1596 1372 solis
1626 1296 1764 1372 transit.
1794 1297 1839 1371 Et

670 1420 730 1494 hie
754 1424 840 1493 nota
865 1418 960 1492 bene
984 1416 1084 1511 quod
1108 1423 1218 1491 autor
1236 1416 1368 1491 merito
1387 1423 1493 1493 vocat
1510 1417 1635 1495 lunam
1655 1418 1837 1514 margari-

673 1547 746 1615 tam
772 1538 960 1634 multiplici
986 1537 1154 1612 ratione:
1179 1557 1265 1612 nam
1294 1538 1515 1634 margarite,
1533 1546 1575 1611 nt
1598 1538 1683 1614 dicit
1707 1537 1836 1613 tilber-

671 1668 730 1734 tus
753 1659 847 1732 libro
871 1655 1098 1751 animalium,
1116 1663 1202 1730 sunt
1219 1657 1266 1731 de
1283 1677 1421 1754 genere
1439 1666 1662 1753 ostreorum,
1681 1663 1718 1733 et
1734 1657 1836 1733 durae

671 1787 773 1855 testae
798 1778 962 1853 habitant
978 1777 1016 1851 in
1035 1778 1193 1871 conctis,
1211 1798 1296 1872 quae
1313 1778 1475 1853 colorem
1498 1778 1633 1853 habent
1657 1778 1837 1875 margari-

609 1957 613 1963 .
668 1906 803 1974 tarum.
829 1899 914 1973 Haec
939 1903 1063 1972 ostrea
1078 1898 1125 1971 ad
1143 1897 1227 1971 litus
1247 1898 1428 1973 venientia
1447 1899 1655 1994 concipiunt
1679 1899 1726 1974 de
1752 1918 1837 1973 rore

668 2020 773 2113 eoeli;
802 2027 840 2095 et
864 2020 894 2093 si
919 2040 980 2094 ms
1014 2018 1060 2093 sit
1089 2018 1232 2093 lucidus
1262 2019 1463 2094 matutinus
1495 2027 1533 2095 et
1561 2041 1694 2116 corpus
1727 2022 1838 2097 ostrei

669 2142 764 2216 bene
796 2140 1013 2215 defecatum
1048 2138 1183 2213 lormat
1221 2138 1460 2235 margaritam
1494 2139 1589 2215 bene
1627 2140 1835 2235 rotundam,

668 2282 753 2357 quae
769 2259 917 2355 perlusa
934 2266 989 2335 est
1005 2259 1174 2335 albedine
1190 2260 1416 2355 splendente,
1430 2260 1524 2335 siout
1541 2268 1597 2335 est
1613 2262 1715 2336 oolor
1728 2261 1837 2336 olarae

669 2382 778 2456 lonae.
805 2380 840 2454 Si
866 2386 993 2455 aulem
1020 2400 1081 2454 ros
1106 2380 1152 2453 sit
1176 2380 1404 2475 vespertinus
1434 2386 1472 2455 et
1496 2386 1640 2475 tempus
1670 2380 1837 2455 nubilum

670 2508 708 2577 et
731 2521 866 2596 eorpus
890 2501 1002 2575 ostrei
1026 2499 1248 2575 defectivum
1280 2521 1354 2575 non
1380 2506 1580 2596 purgatum
1605 2502 1772 2597 concipit,
1797 2507 1834 2575 et

671 2623 805 2697 format
831 2620 1014 2695 turbidam
1041 2621 1300 2717 margaritam
1322 2640 1390 2695 nec
1407 2622 1554 2696 inventa
1580 2627 1634 2697 est
1660 2623 1836 2698 haetenus

671 2741 821 2817 maioris
834 2740 1164 2838 ponderisdimidia
1184 2740 1303 2816 uncia.
1317 2742 1523 2839 Margarita
1536 2748 1716 2817 vocantur
1730 2742 1836 2817 unio-

671 2882 747 2956 nes,
773 2861 860 2956 quia
886 2861 1155 2956 utplurimum
1181 2860 1367 2935 invenitur
1392 2882 1477 2955 una,
1496 2867 1533 2935 et
1558 2861 1604 2936 ad
1630 2862 1710 2956 plus
1736 2862 1838 2955 duae3

670 2982 882 3078 margarite
906 2980 1162 3056 deformantur
1194 2980 1347 3057 fulmine
1377 2982 1434 3057 vel
1463 2981 1661 3078 grandine,
1688 3002 1838 3079 marga·

671 3105 741 3180 rita
754 3098 791 3196 (¹)
820 3101 937 3177 mollis
962 3108 1018 3175 est
1042 3102 1079 3175 in
1104 3122 1213 3196 aqua,
1231 3102 1361 3178 deinde
1384 3102 1546 3177 durescit
1562 3102 1599 3176 in
1621 3102 1776 3198 lapidem
1787 3094 1837 3195 (²).

670 3226 799 3300 Ostrea
823 3241 890 3318 per
916 3227 1058 3295 turmas
1083 3221 1325 3318 egrediuntur
1349 3220 1396 3297 ad
1422 3241 1546 3297 rorem
1573 3221 1836 3313 hauriendum3

669 3345 707 3419 iu
731 3348 837 3417 aceto
862 3342 1098 3417 resolvuntur
1123 3349 1160 3416 et
1191 3342 1418 3417 mollescunt.
1451 3342 1504 3417 lle
1537 3342 1745 3439 margaritis
1772 3342 1838 3417 ad-

670 3464 744 3538 buc
772 3461 915 3537 dicetur
939 3462 977 3535 in
1002 3462 1178 3557 principio
1207 3462 1392 3556 sequentis
1421 3462 1578 3557 capituli.
1592 3502 1642 3517 ·-
1658 3466 1745 3538 S'to.
1774 3462 1839 3538 Hie

671 3588 781 3658 autor
806 3586 973 3657 removet
1000 3602 1112 3656 unam
1139 3581 1404 3657 dubitationem
1431 3583 1590 3677 tacitam,
1608 3583 1696 3678 quia
1721 3590 1839 3679 posset

672 3701 755 3796 quis
767 3707 908 3796 petere:
922 3701 1108 3795 quomodo
1126 3706 1165 3775 tu
1185 3700 1324 3775 intrasti
1343 3722 1477 3798 corpus
1493 3702 1602 3796 lunae,
1617 3723 1703 3777 curn
1722 3723 1839 3777 unum

672 3842 806 3918 eorpus
830 3821 986 3896 solidum
1012 3841 1086 3897 non
1112 3821 1222 3916 possit
1252 3822 1391 3897 intrare
1420 3842 1554 3917 corpus
1581 3821 1737 3896 solidum
1763 3820 1840 3896 sine

672 3941 933 4036 eorruptionei
957 3941 1153 4037 respondet
1176 3949 1287 4017 autor
1303 3941 1402 4036 quod
1422 3941 1517 4016 istud
1544 3962 1617 4017 non
1643 3948 1759 4037 potest
1783 3941 1840 4015 in-

672 4061 785 4159 telligi
809 4062 847 4136 iu
878 4062 953 4135 istis
979 4062 1224 4156 naturalibus3
1252 4062 1351 4137 unde
1375 4061 1479 4136 dicit:
1511 4064 1594 4137 6Ἴό
1624 4083 1688 4135 ero
1717 4082 1838 4155 corpo,

672 4184 776 4279 quasi
800 4183 914 4257 dicat:
941 4183 1065 4257 nescio
1090 4182 1120 4257 si
1144 4203 1248 4258 eram
1262 4173 1300 4274 (³)
1319 4182 1368 4257 ibi
1386 4182 1423 4257 in
1442 4183 1536 4257 ooelo
1561 4203 1647 4257 cum
1673 4203 1839 4277 oorpore,

539 4387 544 4395 ,
672 4302 771 4401 quod
790 4303 870 4399 jam
895 4302 970 4377 diri
995 4323 1058 4377 me
1081 4302 1255 4398 ignorare
1280 4302 1316 4375 in
1343 4303 1757 4399 praeoedentieapitu103
1777 4302 1840 4378 sed

672 4425 702 4501 si
726 4446 843 4518 eram,
859 4445 879 4496 e
894 4427 955 4516 put
968 4444 1042 4495 oon
1056 4426 1089 4497 si
1104 4444 1262 4515 corwepe,
1278 4422 1382 4516 idest,
1400 4423 1459 4499 lrio
1476 4423 1627 4499 interius
1644 4424 1681 4498 in
1703 4423 1841 4498 mundo

672 4553 797 4620 nostro
822 4564 896 4620 non
913 4543 1056 4639 capitur
1072 4545 1153 4638 hoc,
1172 4544 1319 4637 scilieet,
1336 4563 1432 4617 come
1448 4565 1521 4618 uno
1538 4546 1731 4618 dimeoston
1744 4535 1840 4636 pado

670 4669 779 4757 altro,
808 4663 912 4758 idest,
932 4662 1119 4757 quomodo
1143 4683 1260 4737 unum
1279 4682 1413 4758 eorpus
1430 4663 1601 4737 sustinuit
1620 4669 1658 4737 et
1677 4662 1841 4758 permisit

671 4783 771 4879 quod
794 4783 891 4859 aliud
917 4803 1052 4877 corpus
1076 4783 1231 4857 intraret
1248 4782 1369 4878 ipsum
1393 4782 1472 4859 sine
1495 4782 1652 4858 laesione.
1670 4781 1723 4857 Ad
1741 4782 1839 4875 quod

735 5037 763 5103 (¹)
780 5038 812 5089 E.
826 5038 966 5103 margarita
980 5040 1060 5091 etlam
1075 5038 1171 5091 mollis.
1272 5037 1299 5099 (¹)
1315 5037 1346 5089 Ε.
1362 5040 1389 5091 tu
1405 5038 1498 5103 lrplde.
1595 5038 1622 5101 ι’)
1638 5038 1669 5090 E.
1685 5051 1757 5089 eram
1773 5040 1807 5091 in.
