4342 6692
698 911 837 968 caurus
862 912 1089 967 rmousmns
1403 904 1473 971 205

305 1057 368 1130 stis
402 1057 626 1133 constellatio
662 1058 868 1155 dirigebant
901 1078 1031 1134 omnes
1064 1066 1194 1134 euntes
1223 1060 1331 1156 juxta
1370 1062 1477 1137 istam

303 1198 454 1273 aquam,
479 1184 517 1253 et
542 1198 672 1253 omues
697 1180 948 1273 sequebantur
977 1199 1110 1254 eorum
1141 1185 1286 1253 motum
1319 1182 1376 1255 vel
1402 1188 1477 1256 sta-

304 1305 395 1371 tum.
421 1298 526 1373 llodo
551 1300 598 1375 ad
624 1299 851 1395 propositum
879 1298 964 1375 dicit
988 1306 1108 1396 poeta,
1127 1300 1225 1394 quod
1252 1306 1327 1375 tota
1350 1300 1477 1375 militia

204 1447 207 1451 ³
304 1418 363 1493 illa
387 1417 549 1492 firmavit
574 1439 626 1512 se,
652 1419 804 1493 firmatis
828 1419 897 1493 illis
921 1419 1148 1495 candelabris
1174 1440 1258 1514 quae
1284 1427 1474 1515 tamquam

304 1539 408 1636 signa
433 1539 699 1634 praecedebant
718 1540 824 1614 Nunc
839 1560 984 1635 expone
1000 1548 1039 1615 et
1054 1546 1229 1615 construe
1246 1540 1297 1616 sic
1317 1542 1473 1635 literam,

304 1678 389 1754 que
413 1665 470 1733 est
493 1658 671 1754 intricata,
698 1665 735 1733 et
759 1659 878 1755 incipe
908 1660 978 1734 ibi:
1011 1666 1064 1733 Lo
1093 1668 1193 1752 pente
1223 1683 1359 1753 verace,
1392 1682 1476 1757 quae

305 1780 425 1854 levata
456 1800 568 1874 supra
603 1778 761 1854 fallacias
795 1779 922 1854 mundi
954 1780 1061 1855 docet
1091 1800 1241 1857 omnem
1268 1782 1473 1875 veritatem,

303 1900 398 1977 sicut
421 1906 521 1996 patet
545 1900 583 1973 in
607 1898 708 1974 libris
732 1899 867 1994 Biblire,
898 1908 1023 1973 veneto
1043 1904 1164 1995 prima
1190 1909 1249 1975 tre
1273 1906 1300 1977 il
1321 1905 1474 1995 prisone,

304 2020 406 2114 idest,
425 2040 509 2114 que
525 2027 764 2115 precesserat
780 2041 936 2096 currum
955 2028 1115 2097 tractum
1129 2044 1149 2097 a
1164 2024 1365 2119 gryphone,
1382 2026 1476 2117 dos-

300 2143 382 2233 μεθ
402 2144 533 2235 sermo,
563 2140 665 2232 idest,
690 2140 886 2215 arrestavit
917 2161 959 2216 se
991 2140 1158 2235 tirmiter,
1185 2148 1227 2215 ut
1258 2143 1472 2237 praedictum

303 2268 359 2335 cst
383 2261 420 2334 in
445 2258 518 2334 fine
542 2260 778 2355 precedentis
802 2260 973 2356 capituli;
999 2270 1034 2335 et
1055 2283 1145 2353 esso,
1168 2262 1314 2357 scilicet,
1330 2264 1474 2360 grypho

216 2370 219 2375 ’
301 2379 366 2474 qui
392 2385 448 2454 est
472 2379 647 2472 Christus,
674 2382 768 2453 oolse
791 2376 830 2453 se*
851 2383 891 2453 ol
913 2402 1036 2473 curro,
1062 2382 1213 2455 firmans
1239 2403 1279 2457 se
1302 2382 1362 2478 ibi,
1380 2404 1476 2455 come

302 2519 326 2571 α
349 2519 415 2572 sun
428 2520 530 2592 poce,
547 2498 755 2575 custodiens
775 2500 967 2575 ecclesiam
986 2508 1115 2576 contra
1132 2503 1256 2577 omnia
1273 2503 1386 2597 bella3
1404 2503 1474 2577 boc

173 2702 178 2708 ,
301 2624 429 2693 autem
454 2618 539 2693 lecit
562 2639 654 2714 gens
674 2618 741 2693 ista
757 2626 866 2714 tunc;
884 2621 963 2695 redi
983 2642 1107 2717 supra,
1134 2626 1276 2715 quondo
1300 2626 1327 2696 tl
1349 2630 1475 2697 setten-

303 2741 407 2830 tn‘oo,
426 2738 490 2832 qui
515 2743 719 2831 constater
736 2747 875 2834 septem
894 2742 1121 2816 candelabris
1137 2742 1361 2837 ardentibus,
1380 2744 1474 2818 sicut

302 2858 526 2934 constellatio
557 2879 655 2933 ursae
684 2865 826 2934 constat
857 2881 904 2935 er
937 2867 1075 2957 septem
1114 2863 1224 2937 stellis
1255 2864 1471 2957 lucentibus,

301 2982 359 3053 del
378 2982 497 3071 primo
521 2982 618 3070 ciclo,
644 2979 789 3074 scilicet,
815 3001 1003 3077 empyreo,
1029 2982 1116 3076 quia
1143 2983 1242 3057 venit
1263 2983 1472 3059 immediate

228 3101 231 3108 ⁴
300 3120 324 3173 a
348 3099 437 3193 Deo,
464 3097 527 3171 nbi
553 3104 677 3173 noster
701 3101 913 3193 septemtrio
930 3107 985 3176 est
1005 3101 1042 3174 io
1058 3106 1190 3176 octavo
1212 3104 1318 3195 coelo,
1336 3103 1472 3179 scilicet

301 3220 558 3313 firmamento3
584 3225 621 3293 et
645 3218 705 3293 bic
728 3220 858 3315 supple
885 3240 1004 3294 unum
1036 3221 1206 3317 verbum,
1233 3226 1261 3295 ε’
1275 3226 1395 3315 effinse.
1428 3224 1470 3296 nt

299 3339 395 3434 dicit,
420 3341 492 3431 cle,
518 3339 620 3434 idest,
653 3340 716 3441 qui
749 3342 961 3434 septemtrio
994 3341 1149 3437 Spiritus
1174 3344 1299 3437 saneti,
1330 3340 1376 3418 od
1398 3344 1471 3417 moi

297 3460 400 3554 cappe
424 3444 549 3533 occaso
572 3455 621 3534 od
642 3466 735 3551 mlo,
769 3460 854 3554 quia
881 3481 1071 3555 nunquam
1100 3463 1227 3537 babuit
1250 3463 1468 3559 principium

298 3581 420 3677 neque
446 3582 569 3675 linem,
588 3587 627 3655 et
651 3601 842 3674 nunquam
868 3581 1075 3657 occultator
1095 3583 1220 3658 videre
1241 3584 1387 3678 volenti,
1405 3584 1468 3658 sed

297 3709 353 3777 est
368 3708 556 3797 perpetuae
572 3701 818 3797 apparitionis,
836 3702 930 3776 sicut
950 3709 988 3777 et
1013 3723 1147 3777 currus
1167 3705 1280 3780 nostri
1298 3705 1390 3800 poli3
1412 3701 1468 3797 ue,

298 3823 436 3917 supple,
461 3822 576 3916 scivit,
602 3825 678 3895 octo
702 3825 737 3895 d'
750 3825 846 3895 olco
874 3822 1010 3917 nebbio,
1038 3825 1098 3895 elle
1126 3826 1164 3897 dt
1187 3827 1299 3917 colpe
1331 3823 1468 3899 Sensus

297 3944 476 4038 estquod
507 3944 605 4016 nulla
636 3942 753 4017 nubas
786 3944 844 4016 vel
875 3943 1008 4017 nebula
1040 3949 1158 4039 potest
1192 3944 1335 4039 eripere
1364 3945 1469 4018 nobis

298 4068 533 4159 conspectum
548 4062 648 4137 istius
665 4061 932 4157 septemtrionis
947 4063 994 4138 ad
1012 4063 1164 4138 modum
1184 4084 1259 4158 quo
1277 4063 1383 4158 eripit
1400 4085 1468 4137 uo-

297 4185 352 4259 bis
377 4184 496 4257 risum
522 4183 703 4257 coelorum
720 4188 758 4257 et
774 4184 976 4276 stellarum,
998 4184 1065 4257 nisi
1085 4184 1162 4259 sola
1183 4185 1289 4279 eulpa
1315 4184 1465 4279 peccati,

297 4304 384 4399 quia
409 4302 614 4399 ignorantia
639 4303 776 4398 peccati
798 4309 854 4379 est
874 4304 1057 4398 quoddam
1076 4306 1200 4379 velum
1227 4305 1322 4381 inter
1347 4306 1465 4379 Deum

296 4431 333 4499 ot
358 4423 556 4499 bominem.
583 4424 627 4496 Et
652 4423 767 4520 tangit
791 4424 965 4497 virtutem
1000 4429 1038 4499 et
1069 4422 1232 4499 officium
1264 4424 1374 4499 buius
1407 4443 1468 4500 sc·

295 4544 533 4640 ptemtrioniS,
558 4545 701 4640 diceus,
727 4566 746 4616 e
770 4546 830 4617 cte
855 4548 959 4638 [aceo
990 4538 1028 4635 li,
1062 4543 1164 4638 idest,
1195 4545 1232 4618 in
1262 4545 1321 4619 illa
1352 4546 1466 4641 sylva,

293 4667 457 4739 cloccum
483 4672 624 4737 accorto
649 4667 774 4738 diruo
798 4666 940 4758 dooere,
970 4663 1071 4759 idest,
1098 4664 1220 4760 debiti,
1247 4665 1345 4759 quia,
1371 4665 1468 4739 seili-

292 4790 352 4859 cet
367 4784 473 4859 docet
490 4804 799 4878 unumquemque
817 4783 903 4877 quid
921 4783 1044 4861 lacere
1060 4784 1204 4879 debeat,
1224 4791 1261 4860 et
1285 4785 1408 4881 dirigit
1428 4784 1465 4859 in

295 4904 406 4979 linem
424 4925 534 4977 suum
554 4924 659 4977 more
676 4902 790 4977 nostri
807 4904 1074 4998 septemtrionis
1083 4930 1094 5000 3
1109 4896 1206 4981 unde
1221 4906 1317 5001 dicit,
1335 4926 1430 4979 cuore
1442 4908 1468 4979 'l

292 5020 354 5121 pul
377 5024 494 5120 bosso,
521 5024 668 5119 scilicet,
685 5025 896 5119 septemtrio
921 5032 1046 5100 noster
1063 5025 1125 5100 ubi
1145 5033 1200 5101 est
1218 5031 1463 5122 tramontana,
