4342 6692
676 911 748 977 116
1038 913 1243 980 muniuit
1268 921 1486 978 nunuauunrr

673 1067 802 1143 borari
828 1067 969 1164 poetice
993 1068 1115 1162 iidem,
1140 1074 1355 1162 repromoom
1372 1073 1409 1144 tu
1429 1076 1548 1164 rnoto,
1566 1071 1701 1148 scitioet
1720 1073 1850 1146 dotte-

674 1209 755 1262 ram
775 1189 820 1263 ad
845 1209 959 1284 quam
976 1211 1112 1264 currus
1134 1208 1174 1265 sa
1196 1191 1320 1285 volvit,
1341 1199 1381 1265 ut
1398 1209 1509 1288 supra
1527 1191 1679 1288 dicitnrq
1698 1199 1736 1268 et
1752 1193 1849 1289 tigu-

674 1315 733 1383 rat
756 1309 855 1403 qnod
881 1306 1033 1385 ecclesia
1057 1311 1218 1386 volvitur
1242 1331 1355 1408 supra
1388 1323 1527 1388 novum
1562 1317 1846 1405 testamentum

673 1429 755 1504 ideo
789 1431 884 1504 bone
916 1431 974 1504 isti
1007 1431 1195 1506 christiani
1230 1433 1482 1527 sequebantur
1512 1433 1612 1507 iliam
1644 1440 1775 1508 rotam.
1802 1433 1846 1506 lit

673 1551 854 1646 specificat
879 1551 993 1646 ipsam
1021 1559 1140 1626 rotam
1167 1566 1232 1648 per
1256 1553 1414 1650 signum,
1433 1553 1579 1630 dicens:
1605 1555 1845 1649 1311911101*-

673 1673 743 1745 otu
766 1691 846 1763 rou,
871 1672 974 1767 idest,
1001 1673 1196 1770 vestigium
1223 1674 1321 1768 quod
1347 1673 1431 1748 iacit
1453 1679 1533 1749 rota
1551 1673 1588 1748 in
1606 1675 1676 1769 tia,
1695 1695 1762 1748 con
1778 1677 1845 1747 mi-

671 1812 741 1866 nor
765 1813 864 1886 orm,
891 1793 984 1868 tumr
999 1793 1151 1889 circuio,
1169 1806 1282 1890 quam
1300 1793 1426 1869 iecerit
1443 1795 1586 1869 sinistra
1605 1801 1702 1869 rota:
1721 1795 1844 1869 othon

671 1913 839 1989 ridemus
867 1913 915 1989 de
945 1914 1041 1988 iauto
1069 1915 1170 2009 qnod
1200 1915 1512 2008 quandocumque
1545 1915 1675 2009 aliquis
1710 1926 1844 1989 currus

672 2033 884 2128 revolvitur,
913 2041 993 2107 rota
1017 2034 1170 2109 interior
1195 2035 1281 2112 iacit
1314 2020 1493 2110 minorem
1521 2036 1701 2110 circutum
1729 2051 1839 2128 quam

671 2152 844 2247 exterior,
870 2173 970 2226 nunc
995 2160 1122 2228 autom
1149 2161 1230 2228 rota
1255 2155 1409 2230 interior
1438 2159 1519 2230 arat
1550 2155 1680 2230 dextra
1713 2154 1841 2228 iniria

670 2272 923 2348 revolutione:
954 2275 1023 2348 iton
1053 2275 1165 2349 etiam
1201 2281 1301 2370 patet
1336 2276 1542 2372 allegoriae,
1577 2277 1664 2370 quia
1701 2289 1839 2350 novum

670 2398 932 2468 testamentum
957 2394 1043 2468 iacit
1069 2394 1186 2471 multo
1218 2395 1339 2470 minus
1371 2395 1546 2471 volumen
1576 2403 1689 2490 quam
1723 2403 1840 2490 vetus,

670 2512 729 2588 vei
755 2513 842 2606 qnia
859 2535 926 2609 per
943 2533 1082 2588 novum
1101 2521 1363 2590 testamentum
1381 2516 1521 2591 facilius
1539 2523 1576 2592 et
1591 2519 1698 2592 citius
1715 2529 1842 2592 ascon-

668 2631 769 2706 ditur
793 2634 941 2707 coeium.
969 2633 1013 2707 iit
1038 2635 1159 2708 subdit
1184 2636 1283 2729 quori
1309 2636 1511 2710 secundum
1539 2645 1681 2712 motum
1708 2639 1842 2713 ambu-

670 2752 822 2828 iantium
849 2755 1044 2830 resonabat
1069 2757 1226 2831 melodia
1247 2758 1466 2852 angolorum
1492 2757 1767 2854 *cantantium
1785 2761 1840 2834 di-

667 2887 778 2947 oens:
811 2877 1044 2966 on'onpelioo
1073 2883 1175 2970 noto,
1212 2875 1320 2970 idest,
1355 2885 1485 2951 cantus
1518 2881 1735 2976 angelorum
1756 2874 1840 2974 *(¹),
1925 2921 1932 2951 t

663 3001 850 3087 temprouo
872 2997 888 3067 i
908 2997 1017 3089 possi,
1046 2992 1310 3071 conformando
1334 2997 1473 3093 pariter
1496 3004 1536 3072 ot
1560 2999 1841 3093 proportionati-

665 3121 725 3189 ter
737 3105 789 3208 (²),
809 3107 1130 3209 opasseppanao,
1154 3115 1257 3209 idest,
1279 3117 1382 3191 nobis
1404 3119 1715 3214 perourrentibns,
1734 3122 1841 3192 ratu

665 3237 774 3328 etna,
803 3255 876 3329 qua
902 3237 1003 3312 nuiia
1028 3242 1083 3310 est
1107 3237 1227 3331 altior,
1254 3238 1340 3331 quia
1372 3238 1576 3334 propinqua
1608 3241 1715 3334 coeio,
1742 3247 1836 3332 uoto,

667 3354 768 3448 idest,
794 3361 950 3431 vacuata
975 3364 1013 3431 et
1036 3357 1178 3452 privata
1212 3358 1489 3454 habitatoribuS,
1514 3363 1616 3454 cotpo
1647 3363 1685 3434 ut
1709 3363 1836 3452 multo,

662 3474 811 3568 scilicet,
844 3474 940 3571 Evae,
970 3480 1257 3570 erumpente
1290 3499 1397 3573 mese,
1431 3480 1535 3574 idest,
1570 3501 1654 3575 quae
1689 3480 1841 3555 credidit

665 3593 821 3689 diabolo,
847 3601 884 3671 at
902 3587 940 3688 (⁹)
968 3597 1034 3670 sibi
1060 3598 1211 3673 eredidit
1236 3599 1313 3693 vir,
1344 3600 1443 3675 unde
1476 3603 1585 3696 pauiu
1615 3601 1708 3676 inira
1740 3601 1840 3696 ponit

664 3715 857 3809 quereiam
883 3706 929 3790 de
954 3716 1089 3792 Adam:
1116 3719 1179 3793 sod
1205 3726 1306 3796 certe
1331 3720 1376 3794 ad
1398 3721 1544 3816 culpam
1574 3722 1748 3796 continuo
1778 3736 1838 3796 se-

664 3841 751 3910 cuta
776 3843 831 3910 ort
856 3858 980 3933 poena,
1008 3859 1092 3912 narn
1121 3845 1280 3934 uterque
1297 3840 1414 3914 iactus
1434 3843 1534 3935 exui,
1556 3842 1667 3917 miser
1684 3849 1721 3916 et
1745 3858 1838 3937 pau-

660 3973 741 4050 per,
767 3956 932 4030 omnium
960 3978 1111 4054 egenus,
1132 3957 1317 4034 subiectus
1344 3961 1452 4034 moru‘
1479 3962 1567 4036 vidit
1591 3962 1715 4036 omnia
1740 3951 1836 4036 dura
1889 4021 1892 4028 ,

663 4076 791 4150 auditu
813 4077 949 4152 nodum
977 4080 1156 4172 toleratu3
1177 4085 1216 4154 et
1241 4079 1336 4154 inter
1360 4080 1563 4156 anxietates
1589 4088 1626 4157 at
1650 4081 1746 4157 intur
1770 4099 1838 4156 an·

658 4195 800 4292 gnatius
833 4198 982 4294 tongam
1018 4205 1054 4273 et
1088 4199 1220 4274 iussam
1256 4182 1360 4273 maiis
1392 4201 1603 4276 terminarit
1635 4202 1762 4276 vitam.
1799 4201 1836 4276 Si

655 4329 753 4412 ‘orgo
786 4317 980 4411 prohibitio
1012 4317 1117 4391 auxit
1148 4318 1478 4414 concupiscentiam
1520 4321 1630 4394 huius
1669 4316 1834 4395 mulionis

655 4438 827 4531 excelsae,
853 4437 939 4531 qnid
968 4438 1104 4512 mirum
1130 4439 1160 4511 ti
1188 4439 1311 4512 nuilus
1337 4447 1458 4513 metus
1479 4441 1608 4514 mortis
1626 4447 1743 4536 potent
1763 4461 1835 4515 οω-

660 4562 760 4631 teras
777 4559 992 4634 contineret
1008 4568 1169 4653 quarum
1188 4577 1322 4654 corpus
1342 4560 1461 4653 molle,
1479 4561 1625 4633 animun
1642 4561 1722 4634 vitis
1739 4575 1835 4655 prae-

658 4677 782 4771 cipitat
808 4678 844 4751 in
869 4699 1020 4753 omnem
1046 4677 1323 4774 turpitudinem,
1348 4691 1417 4753 nec
1442 4678 1557 4754 iraeno
1579 4679 1745 4755 coerceri
1767 4695 1833 4776 po-

653 4803 731 4871 test
747 4797 964 4872 indomitum
981 4797 1129 4892 animal,
1142 4799 1249 4873 ouius
1265 4798 1323 4872 vir
1341 4798 1568 4892 frequentius
1584 4803 1639 4873 est
1655 4799 1692 4873 in
1710 4802 1830 4895 culpa.

881 4921 885 4927 ι
892 4921 1066 4930 ...ηρ-πῄ.-

723 4985 751 5045 (¹)
766 4987 802 5036 Le
818 4988 907 5050 parole
923 4987 963 5038 ira
979 4990 987 5038 i
1004 4989 1055 5038 duo
1070 4989 1202 5040 asteriochi
1218 5001 1265 5039 son
1281 4987 1392 5050 supplito
1408 4988 1450 5038 dai
1464 4987 1551 5039 Codioi
1569 4993 1615 5039 117
1630 4999 1646 5038 a
1662 4987 1777 5039 Ertense.

722 5060 751 5125 (⁸)
768 5067 821 5123 117,
838 5065 1103 5128 proportionabiiitor.
1322 5061 1351 5128 (¹)
1366 5065 1397 5116 Ε.
1411 5069 1438 5116 et
1454 5067 1531 5116 utiam
1549 5065 1604 5118 siiri.
