4342 6692
769 925 908 980 caurus
933 926 1077 980 saurus.
1435 913 1505 981 tal

333 1070 433 1145 Decii
460 1071 523 1166 qui
549 1091 589 1146 se
614 1077 743 1166 sponte
768 1076 1022 1165 exposuerunt
1048 1069 1156 1143 morti
1182 1089 1249 1164 pro
1274 1069 1425 1144 victoria
1451 1069 1509 1144 sui

334 1191 530 1285 exercitus,
558 1191 694 1266 scilicet
713 1190 846 1265 Decius
862 1198 968 1285 pater
985 1189 1125 1285 collega
1151 1189 1326 1281 Torquati
1352 1189 1388 1263 in
1414 1189 1510 1264 bello

333 1311 445 1387 latino
471 1313 517 1387 de
541 1333 616 1408 quo
637 1312 716 1408 iam
749 1310 888 1386 dictum
922 1316 996 1405 est:
1027 1316 1065 1384 et
1096 1309 1229 1384 Decius
1255 1308 1350 1382 lilius
1380 1309 1510 1403 quiin

334 1431 430 1507 bello
456 1441 561 1507 tusco
577 1431 886 1528 periculosissimo
904 1431 1066 1505 inclusus
1084 1430 1121 1504 iu
1138 1430 1233 1505 valle
1255 1431 1425 1526 exemplo
1444 1453 1509 1526 pa-

335 1552 401 1626 tris
426 1573 466 1628 se
490 1553 647 1628 devovit.
673 1551 728 1626 Ad
753 1551 998 1647 cognitionem
1025 1549 1223 1625 Fabiorum
1242 1557 1298 1625 est
1318 1548 1506 1625 sciendum

335 1673 433 1766 quod
459 1673 553 1748 sicut
577 1678 677 1768 patet
702 1691 768 1766 per
799 1670 941 1744 Livium
969 1669 1062 1744 libro
1080 1670 1122 1764 ll,
1149 1669 1284 1745 tamilla
1309 1669 1506 1745 Fabiorum

334 1791 402 1866 luit
432 1793 665 1868 numerosior
690 1790 831 1868 caeteris
862 1790 900 1862 in
932 1790 1049 1884 urbe:
1082 1810 1167 1864 nam
1199 1790 1355 1864 tercenti
1380 1796 1417 1865 et
1442 1810 1508 1865 sex

334 1911 433 1987 Fabii
461 1913 529 1988 viri
554 1912 696 2009 patricii
723 1912 885 2008 probata:
902 1910 1047 1985 virtutis
1067 1931 1198 1986 omnes
1215 1910 1509 2005 impetraverunt

333 2053 356 2107 a
381 2039 511 2107 senatu
538 2053 670 2129 gerere
697 2032 834 2106 bellum
860 2037 988 2106 contra
1018 2029 1188 2106 Veientes
1216 2031 1371 2126 propriis
1404 2031 1509 2106 labo-

299 2243 303 2250 ⁴
334 2151 435 2226 ribus
461 2159 497 2228 et
522 2153 713 2249 expensis:
740 2158 777 2228 et
801 2153 894 2226 lacta
920 2151 1049 2226 bastita
1076 2157 1203 2225 contra
1221 2150 1425 2227 Veientiam
1442 2173 1508 2227 va-

333 2273 477 2347 stabant
502 2271 627 2346 omnia
652 2272 825 2347 iacientes
852 2293 984 2368 magna
1007 2271 1152 2345 damna.
1171 2271 1333 2347 Tandem
1361 2272 1509 2348 incaute

331 2400 537 2489 pugnantes
563 2393 671 2466 nimis
697 2393 851 2468 animosi
877 2412 1049 2468 successu
1076 2391 1326 2488 victoriarum,
1345 2394 1508 2469 circum·

332 2514 429 2588 venti
457 2513 593 2588 insidiis
618 2533 748 2588 omnes
772 2512 942 2588 trucidati
968 2522 1054 2586 sunt
1080 2513 1270 2606 usquead
1296 2535 1428 2587 unum.
1446 2514 1508 2588 llis

332 2633 538 2728 praemissis,
563 2634 609 2709 ad
635 2635 778 2709 literam
804 2634 1017 2727 veniamus;
1037 2633 1122 2708 dicit
1142 2635 1386 2709 lastinianus:
1410 2638 1510 2709 Orode

338 2758 527 2846 Torquato,
563 2754 706 2828 videtur
741 2775 806 2850 per
838 2754 1092 2829 excellentiam
1129 2755 1330 2852 intelligere
1366 2756 1413 2830 de
1446 2755 1508 2830 illo

332 2873 518 2968 Torquato
544 2874 608 2969 qui
634 2875 730 2948 dedit
746 2895 890 2972 ‚nomen
908 2874 1054 2968 domui3
1073 2875 1132 2949 vel
1149 2875 1207 2949 dic
1224 2876 1323 2969 quod
1344 2875 1508 2971 loquitur

333 2993 435 3091 large
459 2994 506 3070 de
531 2994 665 3069 tamilla
693 2995 979 3089 Torquatorum,
996 2995 1042 3069 dc
1062 3017 1138 3089 qua
1161 2996 1265 3069 multi
1285 2998 1435 3071 luerunt
1456 2997 1508 3070 ri-

331 3113 403 3210 gidi
422 3121 562 3210 patres;
588 3137 606 3187 e
635 3118 796 3205 Ouinzr'o,
821 3114 889 3188 iste
915 3114 982 3188 luit
1007 3116 1287 3210 cognominatus
1312 3116 1506 3192 Cincinna-

331 3240 391 3307 tus
415 3255 438 3308 a
461 3234 686 3329 capillatura,
706 3234 792 3329 quia
811 3234 978 3329 portabat
994 3235 1142 3329 capillos
1159 3236 1404 3331 dependentes
1421 3246 1508 3312 ante

213 3401 217 3406 -
330 3355 469 3448 oculos,
497 3375 582 3428 nam
610 3354 767 3429 curabat
791 3354 837 3428 de
862 3354 999 3429 virtute
1027 3356 1207 3449 multum:
1228 3355 1276 3430 de
1300 3358 1400 3431 cultu
1423 3377 1507 3432 oor·

330 3475 429 3568 poris
455 3474 561 3547 nibil:
589 3473 671 3548 ideo
696 3474 802 3548 dicit:
829 3476 889 3546 cltc
910 3479 952 3568 su
976 3481 1120 3548 noncoto
1145 3477 1209 3549 dot
1231 3479 1328 3549 cirre
1345 3482 1504 3571 maletto,

329 3593 434 3687 idest,
455 3616 477 3668 a
504 3593 634 3688 capillo
660 3615 773 3688 quem
801 3593 1033 3690 negligebat:
1060 3616 1147 3669 nam
1169 3597 1289 3670 cirrus
1314 3605 1370 3672 est
1395 3599 1507 3695 capil-

331 3715 388 3788 lus
414 3714 614 3808 aliltratus3
645 3736 664 3787 c
696 3717 710 3787 c·
740 3717 850 3809 Decii,
879 3715 1015 3790 scilicet
1044 3714 1120 3791 duo
1146 3718 1307 3812 praedicti
1339 3726 1445 3814 pater
1470 3727 1508 3794 et

332 3833 438 3909 filius.
472 3835 611 3909 Tullius
649 3841 773 3909 tamen
811 3834 909 3909 addit
943 3835 1107 3931 tertium,
1134 3845 1171 3911 el
1200 3837 1285 3911 dicit
1311 3838 1410 3932 quod
1435 3839 1508 3914 lle-

331 3955 409 4028 cius
428 3975 541 4049 nepos
558 3975 599 4029 se
615 3953 763 4031 devovit
788 3953 825 4026 in
849 3954 945 4028 bello
967 3962 1096 4031 contra
1116 3958 1314 4054 Pyrrhum,
1331 3981 1350 4031 c
1369 3961 1384 4032 r·
1405 3959 1506 4051 Fabi,

331 4073 377 4148 de
401 4074 470 4148 ista
495 4073 695 4149 clarissima
717 4073 853 4149 lamilia
883 4074 950 4148 luit
981 4074 1115 4150 Fabius
1148 4078 1332 4153 maximus
1362 4079 1419 4153 vir
1447 4101 1507 4154 sa-

332 4193 587 4289 pientissimus,
615 4195 678 4289 qui
705 4201 873 4290 tempore
898 4196 1106 4290 Hannibalis
1138 4198 1294 4273 Romam
1328 4198 1506 4274 tardando

331 4315 548 4410 substinuit:
575 4317 674 4392 unde
699 4323 853 4391 vocatus
878 4322 934 4391 est
959 4324 1163 4412 cunctator,
1189 4318 1291 4413 idest,
1320 4319 1504 4394 tardatur:

332 4457 461 4511 omnes
487 4438 535 4532 bi,
556 4438 658 4512 eliber
683 4441 720 4511 la
742 4442 844 4533 samo
869 4440 929 4510 clio
954 4441 1124 4511 volonticr
1149 4441 1276 4534 uarro,
1295 4439 1399 4534 idest,
1416 4460 1506 4514 oon·

332 4556 414 4631 flcio
431 4563 469 4631 et
486 4578 666 4633 conservo
686 4579 774 4633 cum
792 4557 869 4632 istis
889 4557 1066 4632 versibus.
1085 4559 1232 4655 Myrrha
1250 4559 1348 4633 enim
1368 4566 1423 4634 est
1439 4580 1506 4656 ge·
1623 4561 1625 4565 ”

332 4698 402 4750 nus
436 4678 648 4753 aromatica:
685 4699 862 4774 gummae,
894 4699 967 4772 qua
997 4677 1199 4772 antiquitus
1230 4678 1507 4776 inungebantur

331 4816 487 4892 corpora
514 4819 646 4895 regum
673 4805 910 4872 mortuorum
933 4804 974 4871 ut
993 4805 1310 4893 praeservarentur
1329 4821 1352 4875 a
1377 4808 1507 4896 putre·

332 4919 509 5013 lactione3
533 4925 572 4994 et
596 4919 646 4996 ita
671 4920 751 4993 vult
774 4918 898 4994 dicere
923 4919 1070 4994 celebro
1087 4919 1242 4995 libenter
1262 4920 1399 4996 lamam
1417 4922 1507 4997 isto-

332 5059 417 5113 rum
444 5039 744 5136 perpetuandam,
771 5039 858 5135 quia
883 5045 920 5114 et
945 5059 1015 5136 ego
1041 5039 1209 5136 princeps
1229 5061 1406 5116 romanus
1425 5061 1506 5117 ma·
1543 5037 1547 5046 '

1022 6297 1478 6656 Γ
