4342 6692
670 799 716 863 56
1029 810 1233 866 cumcunl
1257 811 1477 866 absentetur

665 957 773 1048 puelle
798 957 865 1029 due
889 959 1018 1047 omme,
1044 963 1234 1052 separatae,
1259 959 1319 1029 clte
1352 946 1389 1030 ld
1419 958 1445 1030 a·
1469 959 1584 1051 sonno
1608 967 1741 1045 scorta,
1768 960 1839 1035 du-

666 1082 789 1152 centes
815 1083 852 1153 te
877 1097 943 1174 per
961 1077 1150 1173 regionem
1170 1081 1431 1152 mortuorum?
1450 1083 1488 1152 et
1505 1099 1596 1175 rogo
1616 1089 1663 1174 te,
1690 1103 1763 1155 oon
1785 1086 1839 1156 ri-

667 1220 792 1274 mabor
816 1202 877 1272 cde
901 1207 936 1273 ta
960 1219 1033 1273 noo
1058 1202 1107 1271 mi
1128 1202 1274 1295 suoelle,·
1292 1199 1355 1293 qui
1381 1203 1456 1274 tarn
1478 1199 1660 1275 socialiter
1676 1221 1760 1276 eras
1778 1223 1840 1278 so·

668 1319 752 1393 litus
765 1312 800 1412 (¹)
828 1319 996 1394 conferre
1029 1339 1177 1394 mecum
1203 1319 1240 1392 in
1265 1319 1349 1393 rita.
1364 1323 1488 1392 -ια,
1515 1305 1580 1396 llic
1605 1329 1713 1416 poeta
1738 1322 1838 1417 ponit

669 1441 940 1536 responsionem
968 1461 1074 1514 suam
1100 1439 1147 1514 ad
1172 1439 1374 1514 floresium.
1396 1440 1439 1512 llt
1459 1439 1579 1534 primo
1603 1441 1650 1515 ad
1676 1440 1837 1535 primum

669 1561 767 1654 quod
793 1561 852 1635 ille
877 1559 1065 1656 tetigerat3
1096 1566 1132 1634 et
1161 1559 1383 1652 dicitquod
1413 1580 1486 1634 non
1516 1581 1563 1635 ex
1592 1560 1838 1658 indignatione

668 1681 731 1756 sed
749 1700 795 1755 ex
813 1679 1065 1774 compassione
1082 1679 1297 1774 respiciebat
1313 1700 1412 1754 eum.
1426 1679 1518 1754 Dicit
1535 1701 1644 1776 ergo:
1663 1684 1838 1775 liispos'io

667 1804 728 1892 lui,
754 1799 900 1892 scilicet,
926 1797 974 1872 illi
999 1798 1168 1873 Foresio:
1196 1802 1248 1871 ια
1268 1803 1385 1893 secde
1402 1807 1462 1872 tuo
1478 1803 1577 1873 ci'io
1594 1804 1762 1891 lupi-imni
1776 1792 1838 1893 girl

667 1928 795 2012 morto,
822 1918 908 2014 quia
939 1925 1107 2014 tempore
1132 1918 1261 1993 mortis
1290 1920 1497 2013 ploraverat
1531 1941 1643 2014 super
1671 1921 1836 1996 amicum

667 2047 846 2134 amatum,
865 2045 901 2114 et
927 2045 1184 2134 postmortem
1210 2059 1307 2134 saepe
1332 2041 1581 2134 suspiraverat
1606 2063 1715 2136 eum,
1741 2043 1837 2117 sicut

667 2162 752 2237 dicit
776 2161 1000 2258 Augustinus
1025 2159 1071 2234 de
1103 2159 1223 2234 amico
1248 2179 1317 2234 suo
1342 2160 1436 2235 libro
1466 2159 1763 2256 confessionum,
1789 2165 1841 2234 mi

667 2273 716 2356 dd
741 2284 778 2356 di
798 2285 950 2374 pionpa-
974 2270 1035 2372 pici
1061 2301 1132 2352 non
1162 2283 1279 2352 minor
1307 2283 1440 2372 deplic,
1475 2281 1580 2374 quasi
1611 2269 1727 2356 dicat:
1761 2282 1837 2355 imo

670 2400 860 2495 maiorem,
886 2400 973 2494 quia
1000 2420 1071 2474 non
1101 2399 1201 2474 dolui
1232 2407 1374 2472 tantum
1407 2399 1532 2475 ridere
1564 2408 1601 2474 te
1633 2407 1836 2494 mortuum,

669 2521 761 2596 sicut
795 2520 902 2596 modo
934 2520 1089 2595 videndo
1121 2526 1158 2594 te
1187 2519 1235 2594 ita
1267 2520 1588 2614 transformatum3
1617 2520 1699 2595 ideo
1730 2520 1836 2595 dicit:

669 2643 883 2732 mggmdota
907 2632 936 2712 si
962 2647 1068 2728 tortu,
1090 2639 1192 2733 idest,
1212 2646 1354 2715 tantum
1383 2647 1662 2714 transmutatam
1688 2640 1736 2715 ab
1762 2640 1835 2714 illa.

668 2762 711 2837 llt
735 2761 794 2836 bic
819 2767 905 2835 nota
930 2759 1029 2854 quod
1055 2759 1148 2833 istud
1171 2760 1405 2834 maledictum
1432 2761 1561 2835 vitium
1588 2762 1686 2857 gula
1706 2761 1752 2836 de
1777 2759 1834 2834 sui

667 2889 800 2957 natura
826 2881 933 2954 nimis
958 2881 1160 2956 enormiter
1176 2882 1307 2956 alterat
1324 2902 1436 2956 omne
1452 2901 1606 2976 corpus3
1634 2903 1720 2955 nam
1746 2881 1834 2976 gula

667 3001 803 3077 inducit
837 3002 1067 3076 macilentam
1108 3001 1216 3094 tisim,
1246 3000 1418 3097 pinguem
1452 3001 1646 3094 bulsitiem,
1673 3008 1838 3075 tremen-

666 3130 741 3199 tem
772 3121 980 3219 paralysim,
1011 3121 1193 3196 sitientem
1229 3121 1464 3217 hydropisim,
1489 3121 1622 3196 siccam
1661 3119 1834 3213 scabiem,

587 3295 589 3300 -
666 3243 868 3318 ferventem
896 3241 1049 3334 febrem,
1068 3241 1203 3316 foedam
1230 3261 1418 3335 nauseam,
1441 3241 1619 3317 torsiones
1637 3242 1835 3334 viscerum,

666 3362 913 3438 deformitates
948 3362 1057 3436 totius
1091 3363 1271 3457 corporis,
1305 3368 1343 3437 et
1376 3363 1611 3436 immaturam
1647 3363 1836 3437 infeliciter

669 3489 837 3557 mortem.
852 3483 917 3556 llic
932 3489 1058 3556 autem
1078 3483 1194 3556 fames
1211 3502 1285 3576 qua
1303 3488 1485 3576 purgatur
1498 3481 1585 3577 gula
1603 3482 1739 3556 inducit
1754 3489 1838 3557 tan·

668 3610 745 3676 tum
765 3603 879 3675 solam
898 3601 1145 3675 macredinem
1159 3593 1196 3692 (²)
1218 3605 1369 3675 tantam
1388 3602 1431 3675 llt
1448 3603 1621 3676 continuo
1639 3603 1727 3697 petit
1744 3623 1836 3677 cau-

666 3741 744 3796 sam
772 3727 881 3795 tantae
907 3719 1175 3795 extenuationis
1201 3720 1236 3793 in
1262 3741 1308 3795 eo
1332 3728 1531 3815 antequam
1555 3722 1773 3817 respondeat
1789 3723 1835 3797 ad

666 3841 788 3937 petita,
814 3841 955 3915 dicens:
979 3834 1067 3932 perd
1093 3843 1142 3913 mi
1164 3844 1211 3914 df
1221 3861 1287 3933 per
1304 3845 1386 3931 Dio,
1405 3861 1496 3938 rogo
1521 3849 1568 3935 te,
1586 3845 1646 3915 cie
1660 3836 1692 3914 si
1711 3847 1747 3917 oi
1761 3846 1837 3937 sso-

666 3965 752 4052 plia,
766 3960 867 4054 idest,
882 3959 969 4054 quid
995 3965 1050 4034 est
1075 3959 1163 4033 illud
1188 3959 1287 4055 quod
1314 3961 1363 4034 ita
1389 3961 1518 4055 spoliat
1535 3982 1600 4037 vos
1620 3982 1743 4057 carne,
1764 3983 1837 4036 nori

665 4085 714 4154 mi
735 4084 798 4175 sur
821 4084 910 4172 dcc,
937 4079 972 4155 id
997 4081 1095 4175 quod
1121 4081 1213 4175 petis
1237 4081 1285 4155 de
1310 4101 1371 4154 me
1396 4087 1434 4155 et
1457 4081 1574 4177 sociis,
1592 4086 1716 4156 mentm
1728 4087 1764 4157 io
1788 4087 1838 4158 mi

666 4204 884 4292 mercomlrb,
910 4199 955 4275 de
981 4219 1023 4274 re
1049 4200 1244 4296 incognita,
1271 4191 1339 4275 nec
1365 4201 1499 4276 babeas
1532 4224 1599 4297 pro
1631 4204 1751 4298 malo;
1777 4201 1839 4279 cite*

665 4326 740 4396 mal
756 4313 831 4415 pud
856 4324 915 4395 dir
933 4323 988 4394 cli
1011 4315 1031 4394 e*
1051 4325 1132 4412 pico
1150 4322 1186 4394 d'
1200 4324 1296 4394 oltra
1313 4325 1442 4416 ceptio,
1466 4322 1612 4416 scilicet,
1631 4323 1772 4417 maiori,
1790 4323 1836 4398 de

665 4464 740 4536 qua
762 4441 878 4538 magis
895 4447 1012 4515 curat.
1026 4480 1076 4494 -
1089 4445 1134 4514 ct
1149 4443 1214 4515 eur.
1228 4432 1298 4514 ‘llic
1320 4445 1425 4535 poeta
1445 4441 1546 4535 ponit
1563 4441 1835 4537 responsionem

664 4561 801 4637 Foresii
827 4560 1110 4656 adpetitionem
1137 4581 1257 4655 suam,
1283 4581 1368 4654 quae
1382 4551 1420 4653 (³¹)
1444 4563 1630 4658 responsio
1656 4571 1711 4638 est
1736 4564 1836 4638 clara

727 4777 754 4839 (Ι)
771 4777 802 4828 E.
819 4778 952 4829 sollicitus.
1073 4805 1074 4810 κ
1172 4776 1201 4840 (¹)
1217 4778 1249 4830 ll.
1265 4779 1464 4830 macrifudinem
1480 4781 1593 4830 tacitam.
1611 4779 1654 4831 Et

665 4933 685 4984 a
725 4855 753 4918 (⁸)
769 4854 800 4904 Ε·
816 4868 875 4982 (ἔω
891 4855 981 4920 famil
996 4861 1035 4907 ⁰⁶²
1051 4869 1112 4907 Μ
1128 4857 1295 4920 rumulone
1310 4855 1381 4907 ebra
1398 4871 1445 4920 per
1459 4858 1836 4923 eaqundictnuntctetpo-

688 4937 713 4983 tu
729 4944 807 4996 supra
839 4944 862 4982 e.
