4342 6692
1017 891 1222 947 COMENTUH
1245 892 1464 948 runotmnu

651 1312 817 1383 CANTUS
839 1313 1071 1382 uouemus
1095 1313 1328 1393 SECUNDUS,
1350 1316 1388 1380 io
1409 1334 1469 1397 quo
1491 1316 1640 1381 uodonit
1669 1313 1825 1400 Virgilius

729 1424 1824 1508 commonacummottmttetomttusaptouoosmt·

727 1540 815 1624 quis;
843 1543 873 1604 ct
898 1537 1021 1605 &otius
1047 1538 1131 1603 dicit
1157 1537 1292 1621 Virqslc'o
1313 1537 1440 1603 modum
1460 1557 1529 1604 Μ
1549 1539 1769 1618 conversionis,
1793 1543 1824 1604 ct

729 1649 809 1716 siml
830 1647 953 1716 Slutitts
973 1653 1140 1714 umerum
1161 1653 1208 1714 cti
1235 1647 1414 1732 Virptlt'um.

726 1907 836 2075 Gn·
867 2019 931 2074 cro
960 2001 1098 2087 longe!
1119 2001 1232 2072 diotre
1256 2017 1282 2070 o
1305 2002 1367 2072 noi
1389 2001 1533 2072 muoso.
1561 1999 1758 2091 Postquam
1785 1999 1822 2075 in

649 2120 866 2218 precedenti
883 2119 1042 2214 capitulo
1060 2124 1168 2214 poeta
1185 2125 1310 2195 nostor
1327 2120 1495 2194 tractavit
1507 2111 1546 2212 ζ’)
1565 2120 1612 2196 de
1631 2119 1718 2194 vitio
1735 2139 1822 2216 pru-

648 2240 839 2338 digalitatis
868 2239 904 2313 iu
935 2259 1092 2334 persona
1122 2237 1236 2333 Statii,
1263 2260 1362 2314 nuuc
1395 2246 1663 2334 consequenter
1688 2240 1725 2314 in
1752 2241 1821 2319 isto

649 2361 807 2456 capitulo
825 2360 923 2434 Xllll
949 2357 1123 2434 terminat
1140 2360 1334 2434 materiam
1352 2359 1614 2456 prodigalitatis
1633 2361 1670 2436 in
1687 2361 1818 2437 eodem
1907 2358 1909 2361 ’

648 2481 789 2577 spiritu,
815 2488 853 2556 et
876 2480 987 2556 intrat
1012 2479 1207 2554 materiam
1232 2481 1343 2576 gulsa,
1367 2501 1452 2574 quae
1477 2480 1629 2576 punitur
1653 2481 1691 2554 in
1716 2487 1821 2556 sexto

649 2727 811 2816 quatuor
836 2726 959 2814 partes
974 2719 1177 2816 generales.
1195 2719 1236 2792 ln
1254 2719 1371 2814 prima
1388 2740 1549 2814 quarum
1567 2725 1675 2814 poeta
1695 2724 1819 2794 osten·

648 2839 700 2920 dit
725 2840 881 2934 qualiter
905 2839 1077 2936 Virgilius
1102 2839 1253 2933 inquirit
1277 2860 1300 2915 a
1324 2838 1439 2914 Statio
1462 2839 1509 2915 de
1525 2839 1621 2915 illius
1638 2839 1713 2914 vitii
1731 2859 1819 2934 pur·

647 2961 805 3058 gatioue.
820 2963 860 3034 ln
873 2961 1034 3036 secunda
1053 2959 1130 3056 ipse
1142 2959 1312 3057 Virgilius
1322 2941 1479 3055 inquirit
1495 2961 1543 3037 ab
1559 2960 1689 3036 eodem
1703 2961 1817 3044 Statio

646 3080 693 3157 de
709 3081 949 3158 conversione
966 3081 1110 3157 eiusad
1127 3081 1236 3157 tidem
1253 3079 1500 3172 christianam,
1514 3079 1583 3154 ibi:
1605 3085 1658 3156 Or
1673 3085 1817 3172 quoodo

646 3209 682 3278 tu
705 3207 863 3277 cantasti.
890 3203 930 3275 ln
956 3202 1063 3277 tertia
1096 3201 1232 3276 Statius
1265 3200 1416 3295 inquirit
1439 3222 1463 3276 a
1488 3200 1637 3297 Virgilio
1661 3201 1709 3277 de
1733 3202 1819 3296 quis

646 3322 800 3396 busdam
827 3322 942 3417 poetis
968 3321 1179 3415 illustribus,
1205 3320 1273 3394 ibi:
1307 3327 1356 3394 lu
1381 3323 1529 3414 domuc.
1555 3322 1595 3394 ln
1620 3327 1753 3414 quarta
1777 3328 1815 3396 et

647 3441 774 3519 ultima
800 3442 874 3538 agit
900 3447 937 3516 et
963 3448 1096 3516 tractat
1118 3440 1165 3514 de
1190 3441 1409 3537 purgatione
1433 3439 1508 3514 vitii
1525 3440 1634 3536 gulae,
1655 3439 1722 3513 ibi:
1747 3446 1815 3513 To·

645 3564 785 3634 ccoousi
800 3551 870 3652 oid.
890 3560 943 3634 lld
960 3560 1122 3656 primum
1148 3559 1299 3634 veniens
1323 3559 1416 3654 dioc,
1433 3559 1533 3654 quod
1553 3565 1659 3655 poeta
1677 3558 1814 3635 inducit

645 3679 835 3778 Virgilium
863 3680 1110 3773 inquirentem
1134 3679 1182 3754 de
1210 3679 1427 3779 purgatione
1456 3678 1578 3774 Statii3
1604 3677 1668 3753 sed
1693 3677 1812 3774 primo

644 3800 861 3875 continuans
887 3819 926 3873 se
951 3799 997 3873 ad
1018 3799 1211 3874 materiam
1230 3799 1497 3895 precedentem
1515 3797 1702 3894 praemittit
1722 3818 1812 3892 pur·

643 3919 830 4016 gationem
855 3940 962 3993 suam
983 3919 1116 3993 iactam
1134 3920 1182 3993 ab
1198 3919 1330 4015 angelo
1346 3939 1369 3993 a
1387 3916 1475 3992 vitio
1492 3917 1656 3992 avariliae
1672 3923 1710 3991 et
1725 3937 1813 4011 pro-

642 4038 846 4136 digalitatis.
873 4039 917 4113 ut
941 4039 987 4114 ad
1009 4039 1269 4115 declarandum
1297 4060 1434 4114 novum
1461 4037 1612 4112 modum
1632 4038 1813 4114 scribendi

643 4179 717 4253 quo
744 4158 860 4233 utitur
887 4159 943 4234 llic
969 4166 1088 4256 poeta,
1106 4166 1161 4234 est
1181 4158 1498 4253 considerandum,
1519 4157 1617 4253 quod
1640 4158 1813 4234 demere

642 4279 722 4353 eius
735 4285 791 4353 est
808 4278 845 4352 iu
861 4278 1032 4353 omnibus
1048 4279 1194 4354 circulis
1206 4279 1304 4353 circa
1319 4277 1429 4352 duem
1443 4277 1677 4352 introducere
1693 4299 1811 4350 unum

641 4399 827 4496 angelum,
853 4400 915 4492 qui
941 4405 1075 4497 purgat
1100 4420 1186 4474 eum
1213 4421 1237 4473 a
1268 4399 1356 4474 vitio
1388 4397 1516 4493 punito
1540 4397 1601 4491 ibi,
1627 4405 1664 4472 et
1688 4397 1811 4494 dirigit

641 4519 801 4593 eumad
831 4519 946 4594 alium
979 4518 1172 4594 circulum.
1205 4519 1272 4594 llic
1301 4526 1427 4593 autem
1462 4516 1708 4613 praesupponit
1742 4517 1812 4592 troc

641 4637 777 4712 lactum
797 4658 893 4733 esse3
911 4641 980 4715 hoc
995 4630 1032 4733 (¹)
1052 4644 1177 4713 autem
1198 4638 1281 4713 lacit
1295 4645 1336 4713 ut
1350 4637 1458 4712 tacite
1473 4637 1536 4711 det
1554 4636 1703 4733 intelligi
1721 4658 1811 4731 pur-

574 4825 578 4834 .
639 4757 823 4855 gationem
849 4779 956 4832 suam
983 4757 1039 4832 liic
1065 4758 1177 4833 luisse
1208 4758 1364 4851 facilem,
1394 4757 1443 4832 ita
1477 4755 1576 4850 quod
1601 4755 1705 4850 quasi
1737 4777 1809 4830 non

702 5018 729 5081 (¹)
746 5023 799 5080 ur,
816 5020 936 5070 tractavit
950 5025 977 5070 ct
993 5017 1174 5070 determlnavlt
1188 5017 1221 5067 do
1237 5017 1307 5068 vitio.
1431 5017 1460 5078 θ)
1474 5015 1506 5066 B.
1521 5020 1549 5066 et
1564 5015 1614 5066 lioc
1630 5014 1699 5066 lacit.
