4342 6692
689 907 760 974 292
1080 915 1286 971 uouuuruu
1310 915 1477 969 nananrsr

687 1083 773 1136 mus
799 1061 836 1136 in
860 1060 1154 1136 adolescentibus
1179 1059 1289 1134 clarae
1305 1057 1445 1152 indolis,
1463 1077 1557 1152 quos
1576 1064 1663 1132 ante
1684 1055 1861 1131 virtutem

689 1182 887 1279 perfectam
915 1201 997 1277 spes
1022 1179 1213 1255 bominum
1231 1173 1268 1272 (¹)
1301 1183 1554 1275 praeconcepta
1578 1177 1625 1252 de
1650 1176 1718 1251 illis
1743 1176 1863 1250 claros

688 1301 784 1378 lacit.
811 1302 946 1376 Veram
977 1300 1090 1397 igitur
1124 1299 1188 1394 qui
1223 1300 1303 1374 vult
1332 1297 1500 1396 gloriam,
1527 1317 1655 1372 veram
1686 1295 1861 1369 virtutem

689 1429 809 1519 petat;
837 1442 949 1516 quam
975 1421 1038 1515 qui
1064 1420 1186 1515 babet,
1205 1419 1291 1494 velit
1317 1419 1416 1514 nolit,
1442 1417 1588 1493 claritas
1612 1417 1715 1491 illum
1738 1414 1862 1510 sequi-

690 1549 763 1616 tur.
790 1542 888 1616 lntra
914 1541 1100 1615 bominem
1127 1539 1226 1615 enim
1253 1540 1304 1614 sic
1329 1545 1474 1636 oportet
1499 1537 1597 1633 quod
1623 1537 1726 1610 illum
1753 1535 1862 1611 meiat

690 1661 911 1758 gloriosum;
938 1680 1023 1734 nam
1048 1659 1163 1734 duces
1187 1668 1225 1735 et
1250 1659 1441 1756 principes,
1466 1657 1666 1754 philosophi
1691 1663 1728 1732 et
1745 1662 1861 1752 poete

690 1788 744 1858 tot
769 1780 955 1856 laboribus
981 1779 1163 1855 bellorum
1189 1786 1228 1854 et
1252 1779 1457 1854 studiorum
1483 1777 1685 1875 gloriosum
1708 1776 1775 1850 sibi
1796 1795 1862 1850 no-

690 1921 777 1976 men
802 1900 923 1976 iacere
948 1909 1186 1976 curaverunt
1204 1899 1308 1974 Unde
1332 1899 1529 1974 illustrium
1547 1918 1788 1973 romanorum
1807 1895 1863 1970 in·

689 2021 774 2097 clita
790 2027 894 2118 gesta
912 2020 1078 2095 miranda
1096 2026 1134 2094 et
1154 2041 1220 2116 per
1238 2019 1372 2095 saecula
1398 2019 1648 2112 memoranda,
1666 2017 1863 2113 cupiditate

689 2139 817 2234 laudis,
843 2139 993 2214 honoris
1018 2146 1055 2215 et
1079 2140 1209 2238 gloriae
1229 2140 1322 2215 lacta
1340 2145 1435 2215 sunt.
1455 2141 1555 2214 Hanc
1572 2139 1671 2215 enim
1691 2139 1861 2235 gloriam,

690 2268 732 2336 ut
747 2260 833 2335 dicit
853 2258 1092 2367 Augustinus,
1118 2259 1372 2335 ardentissime
1394 2260 1613 2354 dilexerunt,
1630 2279 1698 2355 pro
1720 2260 1789 2334 bac
1806 2257 1863 2334 vi·

690 2387 780 2457 rede
814 2381 1024 2474 voluerunt,
1048 2401 1117 2476 pro
1151 2383 1220 2456 bac
1252 2380 1347 2455 mori
1378 2401 1452 2455 non
1485 2380 1759 2474 dubitaverunt,
1794 2400 1861 2475 pro

690 2501 801 2575 buius
825 2499 937 2574 unius
961 2500 1084 2596 magui
1111 2499 1187 2574 vitii
1213 2500 1421 2596 cupiditate,
1439 2505 1572 2575 caera
1593 2499 1681 2576 vitia
1701 2499 1861 2595 compri-

691 2625 845 2694 mentes.
861 2618 996 2693 Laudis
1012 2619 1109 2694 enim
1128 2619 1224 2695 avidi
1247 2626 1354 2695 erant
1376 2619 1541 2716 pecuuiae
1561 2619 1746 2714 liberales,
1765 2619 1863 2696 unde

691 2740 768 2837 ipse
791 2739 1019 2837 Augustinus
1044 2738 1081 2812 in
1101 2740 1148 2815 de
1164 2739 1318 2816 Ciuitate
1334 2740 1399 2815 llei
1420 2741 1530 2837 longo
1550 2739 1716 2816 discursu
1739 2748 1863 2818 oslen-

689 2861 742 2936 dit
763 2860 881 2935 ardua
908 2860 1025 2934 multa
1045 2879 1131 2954 quae
1148 2861 1290 2935 romani
1309 2861 1592 2956 magnanimiter
1611 2861 1779 2938 lecerunt
1796 2883 1863 2958 pro

690 2982 768 3056 sola
793 2987 943 3055 terrena
966 2979 1084 3076 gloria
1104 3001 1211 3074 vana,
1231 2986 1273 3054 ut
1296 2980 1348 3058 sic
1373 2980 1478 3056 nobis
1494 2980 1684 3078 ingeneret
1696 2973 1734 3074 dl
1751 3003 1863 3078 appe-

691 3101 798 3174 titum
825 3097 983 3174 coelestis
998 3099 1127 3195 gloriae
1145 3119 1254 3174 verae.
1273 3099 1310 3174 Si
1327 3099 1440 3196 igitur
1456 3101 1574 3197 gloria
1590 3101 1807 3178 brevissimo
1823 3093 1860 3195 (³)

689 3226 800 3297 terrae
817 3220 956 3317 pugillo
974 3226 1117 3295 arctata
1139 3226 1329 3316 tantopere
1344 3208 1381 3312 (⁴)
1399 3220 1446 3294 ab
1464 3219 1635 3294 omnibns
1656 3220 1863 3316 affectatur,

690 3340 778 3435 quid
794 3339 912 3437 gloria
929 3339 1152 3435 amplissimo
1163 3331 1200 3432 (⁵)
1218 3339 1302 3415 coeli
1319 3338 1436 3435 spatio
1452 3339 1612 3433 dilatata,
1634 3360 1747 3435 quam
1766 3362 1863 3416 nunc

688 3459 902 3556 dignissime
927 3465 1035 3554 poeta
1059 3460 1127 3534 sibi
1152 3461 1307 3536 assumit
1332 3482 1400 3557 pro
1426 3461 1579 3536 materia
1601 3461 1863 3538 describenda?

689 3579 768 3676 Ego
788 3599 878 3654 vero
896 3586 1121 3655 exoneratus
1137 3589 1298 3675 utroque
1318 3582 1477 3656 humero
1494 3581 1645 3656 tertium
1662 3602 1756 3678 opus
1772 3603 1864 3659 one-

690 3721 818 3776 rosum
845 3699 1063 3776 incumbens
1089 3701 1208 3797 capiti,
1234 3701 1407 3799 dignante
1437 3703 1524 3797 Deo,
1559 3703 1666 3777 cuius
1697 3724 1757 3778 res
1786 3703 1863 3802 agi·

690 3827 763 3914 tur,
789 3821 905 3896 libens
930 3827 968 3896 et
994 3821 1100 3894 laetus
1125 3821 1324 3916 explanare
1349 3821 1521 3896 conabor.
1542 3821 1613 3896 lste
1646 3842 1737 3918 ergo
1771 3821 1863 3898 liber

689 3940 871 4040 gloriosus
895 3940 1084 4016 distinctus
1110 3941 1146 4014 in
1172 3941 1318 4016 lllllllll
1336 3941 1494 4038 capitula
1509 3933 1559 4037 (⁶),
1577 3949 1619 4016 ut
1635 3943 1682 4018 de
1706 3964 1747 4018 se
1763 3949 1862 4038 patet

689 4085 757 4138 sua
783 4062 959 4158 primaria
982 4061 1171 4156 divisione,
1190 4069 1307 4158 potest
1327 4061 1437 4137 dividi
1462 4063 1499 4137 in
1524 4063 1617 4138 duas
1641 4071 1765 4160 partes
1782 4085 1863 4139 ma-

688 4206 798 4282 gnas,
825 4183 862 4257 in
892 4203 1053 4277 quarum
1084 4182 1203 4278 prima
1233 4189 1341 4278 poeta
1366 4185 1501 4258 llantes
1525 4184 1696 4260 describit
1720 4192 1861 4280 septem

688 4304 827 4401 species
858 4301 1104 4398 gloriosorum
1138 4301 1333 4398 spirituum
1366 4303 1620 4399 apparentium
1651 4304 1689 4378 in
1720 4312 1859 4399 septem

688 4425 803 4522 speris
828 4424 898 4497 sub
923 4423 1062 4498 virtute
1092 4428 1232 4518 septem
1266 4424 1510 4518 planetarum,
1535 4431 1573 4499 et
1601 4424 1711 4499 durat
1744 4445 1863 4520 usque

686 4547 735 4623 ad
760 4546 873 4620 lllllll
898 4543 1099 4640 capitulum
1127 4543 1238 4618 buius
1259 4543 1430 4619 Paradisi.
1457 4544 1498 4618 ln
1514 4544 1675 4620 secunda
1692 4545 1863 4620 describit

688 4673 764 4742 tres
789 4666 899 4741 orbes
924 4663 1151 4739 universales
1176 4664 1371 4759 coelorum,
1402 4665 1549 4760 scilicet,
1580 4672 1747 4741 octavam
1780 4685 1862 4760 spe-

688 4807 782 4881 ram,
809 4807 893 4880 quae
918 4783 1052 4859 dicitur
1077 4784 1376 4878 firmamentum3
1402 4791 1440 4860 et
1465 4805 1613 4879 nouam,
1631 4805 1715 4880 quae
1737 4785 1862 4880 appel-

752 4970 780 5034 l't
796 4975 820 5031 ⁴,
837 4983 895 5034 ⁵90⁸
910 4970 1037 5020 omnium·
1184 4967 1213 5033 (²)
1228 4969 1259 5020 ll.
1276 4971 1414 5033 ingereret.
1564 4969 1593 5032 (⁸)
1609 4970 1640 5020 ll.
1657 4971 1814 5022 brerissima.

752 5047 779 5108 l'l
795 5047 826 5097 E·
843 5051 914 5098 tanto
931 5052 1057 5110 tempore.
1184 5047 1210 5110 ι’)
1227 5047 1258 5098 E.
1274 5047 1440 5111 amplissima.
1565 5047 1594 5112 (⁸)
1610 5047 1640 5098 B.
1656 5047 1782 5112 capitulis.
