4342 6692
745 945 905 1002 caurus
928 947 1073 1003 rannus.
1100 975 1102 978 -
1127 1009 1129 1012 ,
1437 936 1508 1004 309

334 1111 401 1186 per
425 1110 492 1164 ora
518 1086 719 1187 virginum,
742 1097 783 1164 ut
802 1091 881 1186 jam
903 1091 1041 1166 dictum
1068 1099 1124 1168 est
1141 1112 1265 1186 supra,
1284 1112 1351 1166 con
1369 1095 1510 1184 miptior

332 1214 423 1304 voci,-
450 1209 553 1305 idest,
580 1211 781 1286 facundiori
807 1232 990 1307 sermone,
1011 1213 1116 1308 quasi
1142 1212 1258 1287 dicat:
1276 1212 1371 1286 lorte
1388 1212 1511 1288 reniet

332 1330 428 1406 alius
453 1315 562 1427 poeta
587 1331 818 1426 eloquentior
842 1353 915 1427 me,
942 1331 1006 1428 qui
1041 1332 1158 1428 magis
1188 1323 1351 1408 movebit
1374 1331 1512 1428 Apolli-

333 1471 419 1527 nem
433 1445 493 1545 l');
511 1459 550 1527 et
565 1450 661 1545 dicit,
676 1455 789 1546 surse,
806 1451 1018 1528 dubitative.
1035 1454 1081 1527 at
1098 1451 1156 1528 hic
1179 1459 1265 1528 nota
1283 1452 1380 1547 quod
1400 1457 1509 1547 poeta

335 1565 402 1667 pro
427 1578 532 1668 parte
557 1571 704 1646 videtur
728 1572 851 1648 dicere
876 1572 1028 1667 'rerum3
1047 1575 1133 1646 nam
1159 1579 1328 1668 tempore
1348 1592 1424 1666 quo
1441 1571 1509 1646 llo·

337 1693 441 1768 rebat
465 1692 599 1767 Dentes
624 1691 842 1767 norissimus
859 1697 967 1786 poeta
986 1692 1184 1767 petrarcha
1210 1691 1423 1787 pullulabat,
1443 1689 1509 1784 qui

337 1833 427 1887 rere
440 1812 699 1908 luitcopiosior
713 1811 914 1887 indicendo
931 1834 1043 1908 quam
1058 1812 1144 1907 ipse.
1159 1811 1229 1887 Sed
1251 1817 1352 1887 certe
1369 1816 1508 1905 quanto

337 1932 535 2007 Petrarcha
568 1931 636 2006 luit
667 1933 785 2006 maior
818 1939 944 2007 orator
977 1933 1110 2025 Dante,
1140 1939 1241 2006 tanto
1273 1932 1407 2006 Dantes
1441 1930 1508 2004 luit

338 2047 456 2126 maior
481 2057 588 2148 poeta
613 2053 690 2148 ipso
716 2053 924 2146 petrarcha,
946 2057 988 2125 ut
1005 2051 1109 2126 lacile
1132 2057 1232 2147 patet
1248 2071 1295 2126 ex
1312 2051 1381 2126 isto
1401 2071 1507 2126 sacro

336 2171 517 2268 poemate.

408 2295 521 2382 Sorpe
545 2294 584 2365 ui
606 2292 847 2365 marmaissa
869 2296 926 2366 est
949 2289 1058 2364 tertia
1077 2310 1163 2384 pars
1179 2290 1361 2387 generalis
1379 2289 1416 2363 in
1434 2309 1509 2385 qua

334 2415 442 2507 poeta
462 2411 597 2486 Dantcs
613 2411 769 2486 ostendit
786 2410 945 2505 qualiter
961 2430 1073 2505 opera
1091 2410 1265 2484 Beatricis
1284 2409 1361 2506 ipse
1379 2429 1509 2484 ascen-

336 2530 430 2606 derit
455 2531 612 2625 ooelum3
630 2538 668 2606 et
687 2531 807 2627 primo
832 2530 1017 2626 praemittit
1042 2529 1218 2626 optimam
1236 2529 1507 2626 dispositionem

336 2653 524 2747 temporis,
549 2673 624 2747 qua
648 2650 798 2727 intrarit
821 2652 970 2746 coelum,
996 2650 1074 2726 sive
1098 2650 1263 2746 implerit
1288 2651 1383 2725 istud
1414 2651 1508 2746 opti·

337 2767 451 2848 muru
468 2794 571 2869 opus.
598 2773 642 2846 at
665 2773 746 2847 rult
769 2770 1030 2847 sententialiter
1054 2770 1178 2845 dicere
1203 2770 1302 2865 quod
1332 2771 1386 2845 sol
1411 2770 1509 2846 orie·

336 2893 447 2968 hatur
472 2892 539 2968 sihi
564 2893 601 2968 in
626 2893 758 2967 ariete:
785 2900 823 2967 et
847 2891 961 2988 tangit
990 2891 1110 2985 primo
1134 2891 1355 2988 generaliter
1380 2887 1508 2965 multi-

337 3013 467 3110 plicem
493 3020 618 3088 ortum
643 3011 740 3106 solis,
764 3011 908 3086 dicens:
928 3016 980 3084 Lo
1005 3014 1148 3085 lucana
1165 3013 1222 3085 dcl
1237 3013 1378 3104 mondo,
1402 3010 1505 3105 idest,

337 3125 391 3209 sol
415 3133 467 3208 sic
491 3131 609 3207 dictus
633 3132 733 3206 solus
754 3131 1007 3226 superomnia
1025 3132 1168 3227 lucens,
1187 3139 1243 3206 est
1259 3131 1357 3206 enim
1376 3131 1506 3206 oculus

337 3247 478 3347 mundi,
501 3273 608 3344 corpe
631 3249 669 3324 oi
687 3253 849 3342 mortali,
866 3250 968 3345 idest,
985 3249 1105 3325 oritur
1122 3270 1234 3346 super
1251 3251 1428 3345 homines,
1444 3271 1511 3343 per

337 3375 474 3447 dioerm
487 3375 572 3467 soei,
589 3371 692 3466 idest,
709 3370 875 3466 partibus
900 3372 958 3446 rel
982 3370 1105 3468 signis.
1123 3371 1176 3446 hd
1194 3370 1293 3466 quod
1309 3371 1510 3446 notandum

336 3491 437 3587 quod
460 3491 516 3566 'sol
542 3512 616 3567 uon
642 3511 788 3587 semper
813 3489 932 3565 oritur
957 3511 1027 3565 nec
1047 3489 1178 3566 occidit
1202 3491 1239 3564 in
1265 3490 1395 3566 eodem
1417 3491 1510 3587 loco,

336 3611 401 3687 sed
425 3611 520 3686 alius
544 3617 600 3686 est
624 3617 730 3686 ortus
755 3611 835 3686 eius
855 3618 893 3686 et
917 3611 1071 3686 occasus
1089 3611 1126 3684 in
1143 3610 1397 3707 aequinoctiali,
1424 3613 1512 3707 quia

336 3731 433 3807 aries
453 3738 491 3806 et
504 3727 627 3806 libra:
644 3730 739 3806 alius
755 3737 811 3806 est
827 3736 932 3806 onus
948 3737 985 3806 et
1001 3752 1155 3806 occasus
1180 3731 1217 3806 in
1244 3732 1393 3806 solstitio
1420 3734 1511 3830 hye-

337 3849 541 3946 mali,·quia
561 3851 643 3927 linis
667 3849 853 3948 ¹sugiptarii
867 3857 916 3925 et
940 3850 1398 3947 principium'capricorni:
1416 3852 1511 3928 alius

337 3973 453 4049 estin
486 3971 637 4047 solstitio
665 3971 828 4065 aestirali,
853 3969 941 4065 quia
971 3970 1052 4045 linis
1080 3971 1317 4067 geminorum
1344 3979 1382 4048 et
1409 3973 1510 4067 prin·

337 4093 472 4189 cipium
499 4092 633 4168 cancri.
659 4091 721 4166 Sol
745 4099 872 4166 autem
903 4091 1136 4187 principalius
1168 4091 1287 4166 oritur
1311 4091 1348 4166 in
1373 4092 1509 4187 ariete3

337 4214 437 4290 unde
460 4213 563 4288 dicit:
590 4233 649 4286 mu
664 4215 714 4287 du
730 4214 859 4306 puella,
876 4211 1022 4305 seilicet,
1041 4211 1148 4286 lance
1168 4211 1287 4286 oritur
1312 4212 1509 4308 potissime,

337 4337 398 4409 che
420 4337 549 4425 pinnae
572 4339 713 4425 quatro
736 4334 836 4423 sepul
859 4352 927 4405 oon
951 4338 1004 4405 tre
1028 4333 1135 4423 croco,
1159 4331 1306 4426 scilicet,
1327 4333 1364 4407 in
1381 4331 1509 4428 ariete,

337 4454 402 4529 uhi
426 4449 588 4549 quatuor
612 4453 741 4529 circuli
761 4452 1037 4548 coniunguntur
1053 4452 1091 4527 in
1109 4455 1227 4526 unum
1246 4453 1418 4530 iacientes
1437 4461 1510 4531 tres
1660 4449 1664 4454 ’

337 4591 479 4669 cruces,
505 4573 569 4668 qui
593 4580 680 4648 sunt
704 4572 977 4668 aequinoctialis,
1001 4572 1185 4668 zodiacus,
1207 4575 1357 4649 horizon
1383 4580 1421 4650 et
1446 4595 1510 4651 co·

305 4781 309 4789 ,
337 4688 981 4789 lucus,sicutdemonstraturaperte
994 4692 1030 4766 in
1044 4713 1152 4788 spera
1166 4693 1405 4770 materialiad
1418 4715 1509 4770 oeu-

338 4815 434 4889 lnm:
462 4808 580 4910 potest
605 4817 730 4887 tamen
755 4811 910 4909 intelligi
928 4811 1139 4908 allegorice,
1160 4813 1259 4908 quod
1284 4815 1338 4888 sol
1359 4814 1510 4911 justitiae

402 5073 431 5137 (¹)
447 5075 478 5124 E.
494 5071 646 5138 Apollinem
662 5085 717 5133 mna
732 5077 761 5124 ct
775 5071 853 5123 dicet.
