4342 6692
626 914 766 972 caurus
790 915 986 972 pransurus
1008 915 1203 972 succubus.
1452 905 1500 973 lt

327 1061 496 1158 castigari
514 1061 646 1157 inopia,
663 1069 792 1138 contra
808 1063 1086 1139 delectationem
1106 1064 1276 1160 primam.
1294 1065 1396 1142 Unde
1412 1074 1500 1142 uota

327 1182 427 1276 quod
451 1183 539 1278 gula
564 1203 711 1277 semper
731 1183 869 1257 solicita
890 1191 946 1258 est
965 1183 1012 1258 ad
1038 1183 1284 1259 suscitandam
1311 1194 1500 1262 mortuam

327 1301 462 1378 bmem
488 1310 526 1378 et
552 1303 749 1378 extinctam
776 1303 885 1398 sitim,
908 1312 948 1378 ut
973 1304 1137 1399 palatum
1163 1307 1313 1401 molliat,
1330 1315 1499 1383 ventrem

326 1423 462 1518 dilatet,
486 1431 524 1498 et
549 1425 657 1498 iaciat
687 1444 822 1518 corpus
851 1425 1048 1521 hospitium
1077 1426 1306 1520 morborum,
1333 1435 1501 1523 recepta·

326 1545 453 1618 culum
479 1543 655 1618 sordium.
681 1544 725 1618 lit
750 1545 801 1620 sic
826 1545 914 1640 gula
932 1545 1016 1619 iacit
1041 1565 1086 1620 ea
1112 1552 1297 1621 tormenta
1322 1568 1408 1642 quae
1432 1569 1500 1623 ua-

327 1669 412 1739 tura
437 1664 575 1740 lecerat
599 1665 887 1758 oblectamenta3
913 1685 1120 1759 numquam
1138 1667 1259 1740 sobria
1283 1669 1407 1742 omnia
1431 1669 1500 1742 ab·

327 1785 461 1878 sorbet,
487 1793 524 1859 et
544 1785 672 1880 jeiuna
697 1791 733 1858 et
759 1785 865 1880 plena
891 1805 1037 1879 semper
1058 1784 1258 1879 cruciatur,
1276 1807 1360 1880 quae
1383 1788 1500 1863 multa

327 1911 365 1980 ct
401 1925 535 2001 magua
573 1905 610 1978 in
647 1925 766 1978 unum
796 1913 833 1980 et
869 1926 1026 2000 parvum
1057 1913 1225 1980 ventrem
1264 1907 1426 2002 inlulcit;
1461 1914 1499 1982 et

326 2023 424 2100 dolet
448 2026 548 2118 quod
574 2046 647 2099 nou
678 2030 797 2119 potest
829 2025 952 2100 omnia
987 2045 1061 2099 uno
1089 2025 1262 2101 claudere
1288 2034 1433 2123 ventre3
1459 2037 1499 2103 et

328 2147 438 2224 vellet
474 2147 611 2221 babere
650 2145 834 2240 reliquum
868 2167 1003 2242 corpus
1041 2167 1263 2243 pygmaeum,
1295 2148 1499 2223 dummodo

327 2268 557 2342 stomachum
583 2267 735 2342 baberet
755 2267 982 2364 giganteum.
1004 2267 1103 2342 Bene
1127 2288 1218 2364 ergo
1243 2276 1385 2343 constat
1408 2289 1496 2344 cara

328 2388 417 2482 gula
443 2386 508 2482 ipsi
533 2387 664 2482 guloso
689 2387 753 2480 qui
779 2387 869 2460 emit
898 2407 981 2460 eam
1013 2387 1129 2481 pretio
1160 2389 1405 2462 vitae.-Pot.
1433 2388 1499 2463 llic

328 2513 436 2600 poeta
461 2505 631 2582 describit
646 2506 755 2581 aliam
776 2527 904 2582 vocem
923 2508 1242 2582 commendantem
1261 2509 1497 2584 sobrietatem

328 2627 365 2701 in
390 2626 667 2702 detestationem
685 2626 905 2724 gulositatis3
924 2632 961 2700 et
979 2627 1100 2722 primo
1117 2627 1254 2723 optimo
1275 2629 1445 2723 exemplo
1461 2621 1499 2720 (¹)

326 2747 461 2840 Maria,
488 2767 572 2842 quae
610 2747 647 2820 iu
685 2746 818 2842 nuptiis
844 2747 1001 2821 Galilaeae
1037 2747 1146 2821 dixit:
1188 2752 1308 2821 Vinum
1332 2769 1406 2822 non
1429 2753 1497 2822 lto-

329 2867 419 2959 tent,
437 2889 511 2942 non
529 2868 670 2943 ratione
695 2869 879 2944 ebrietatis
897 2867 959 2944 sed
976 2869 1094 2964 gratia
1114 2869 1263 2944 bononis
1280 2871 1412 2965 sponsi.
1431 2871 1494 2944 lii-

326 2987 374 3060 cit
399 3007 508 3084 ergo:
531 2992 593 3081 poi
617 2992 729 3062 dissc-
754 2989 899 3082 scilicet‚
924 2989 985 3062 illa
1011 3008 1104 3061 vox:
1119 2985 1181 3080 piri
1193 3011 1354 3081 pcncooo
1373 2993 1496 3064 uana

326 3111 429 3201 cade,
456 3109 557 3203 idest,
575 3129 622 3184 cx
648 3131 721 3204 qua
748 3130 799 3202 re,
814 3115 931 3202 [osser
952 3113 983 3182 te
999 3131 1111 3182 nozze
1127 3114 1293 3201 orreoott',
1311 3111 1414 3202 idest,
1431 3132 1493 3185 so-

325 3231 476 3325 lemnes,
500 3239 534 3304 et
555 3234 685 3324 interm
711 3231 788 3304 sine
813 3231 937 3324 aliquo
954 3229 1109 3325 deiectu,
1127 3237 1170 3303 ut
1191 3231 1364 3305 scribitur
1382 3233 1492 3306 loan-

325 3350 380 3424 nis
399 3351 429 3424 ll
449 3352 620 3446 capitulo,
645 3353 696 3424 clt'
710 3372 735 3424 o
759 3353 795 3424 to
819 3371 886 3424 ruo
911 3351 1030 3441 bocco,
1052 3361 1095 3426 ut
1119 3351 1262 3426 biberet
1281 3351 1360 3446 sibi,
1376 3355 1429 3425 ct'
1439 3373 1497 3443 or,

324 3473 426 3568 idest,
451 3493 537 3566 quae
561 3471 676 3546 bucca
702 3491 800 3544 nuuc
825 3476 907 3545 orat
931 3471 978 3546 ad
1004 3471 1123 3544 Deum
1154 3492 1222 3566 pro
1252 3470 1366 3545 nobis
1395 3471 1497 3546 Scie-

324 3591 509 3668 batonim
536 3591 648 3665 llaria
673 3589 818 3665 inimica
842 3591 941 3687 gulae
966 3590 1076 3684 quod,
1100 3591 1199 3684 quod
1225 3590 1336 3666 intrat
1360 3612 1426 3686 per
1455 3611 1499 3664 os

325 3735 398 3790 non
423 3712 588 3807 inquinat
603 3704 638 3804 (¹)
666 3711 839 3804 animam,
865 3719 903 3786 et
929 3711 1027 3804 quod
1054 3713 1166 3785 bomo
1192 3719 1311 3805 potest
1330 3712 1428 3786 vesci
1444 3711 1497 3785 ci·

324 3835 381 3910 bis
413 3831 605 3930 splendidis
633 3839 671 3906 et
702 3831 793 3906 vinis
822 3831 955 3925 sobrie,
982 3837 1020 3906 et
1054 3832 1269 3927 vulgaribus
1300 3832 1431 3927 gulose
1459 3839 1500 3905 et

325 3953 437 4029 ebrie.
454 3953 498 4025 Et
514 3951 572 4026 bic
600 3957 696 4044 nota,
715 3948 815 4043 quod
831 3949 925 4024 sicut
941 3949 1065 4023 scribit
1081 3950 1288 4024 Macrobius
1304 3951 1352 4023 dc
1374 3955 1499 4025 mente

325 4073 474 4148 Gallieni
483 4063 534 4165 (ἢ,
548 4079 720 4147 vacantes
736 4071 834 4167 gula
849 4090 920 4145 non
938 4074 1089 4164 possunt
1104 4069 1166 4144 diu
1189 4069 1315 4144 virere
1332 4089 1401 4144 nec
1417 4089 1499 4144 csse

326 4195 414 4288 sani,
430 4215 496 4270 uec
513 4192 712 4288 quicquam
730 4191 880 4266 coeleste
898 4190 1062 4287 cogitare
1075 4190 1212 4264 nedum
1225 4191 1439 4266 honorabile
1446 4178 1498 4283 (⁴),

326 4312 553 4388 sicutmodo
579 4312 701 4386 Maria.
715 4317 810 4383 -Ε
832 4313 863 4383 te
886 4331 1044 4384 romane.
1071 4309 1136 4383 llic
1162 4317 1280 4404 poeta,
1306 4318 1403 4386 tacta
1434 4331 1497 4385 so-

324 4434 478 4510 bmtate
503 4432 637 4527 uaria,
664 4453 749 4526 quae
774 4431 841 4505 luit
867 4429 1128 4526 perfectissima
1155 4429 1369 4523 mulierum,
1394 4451 1495 4504 nuuc

323 4555 471 4631 adducit
497 4554 708 4648 exemplum
737 4552 847 4627 unius
876 4551 1023 4647 generis
1052 4550 1252 4624 mulierum
1278 4550 1434 4643 clarum,
1459 4557 1499 4623 et

386 4742 413 4805 (¹)
430 4741 461 4792 E.
478 4741 598 4804 exemplo
614 4739 805 4804 gloriosisdmc
821 4738 935 4801 Virginis
952 4738 1050 4788 ldariae.

386 4815 414 4881 (⁸)
431 4819 461 4867 li.
477 4818 633 4881 coinquinat.
821 4815 847 4877 (Ἴ
865 4815 896 4864 E.
912 4815 1018 4864 Galloni.

386 4893 413 4956 (ι)
429 4893 461 4942 E.
478 4892 637 4950 honorabile,
654 4893 731 4958 cuius
744 4891 903 4942 mnrium
922 4890 1029 4940 iaciebat
1047 4895 1110 4940 tunc
1125 4889 1290 4940 §anausim
1305 4888 1386 4952 Virgo
1405 4887 1499 4948 Barla,

323 4971 427 5036 maudo
442 4970 506 5020 dixit
522 4971 549 5020 tn
565 4971 681 5021 convivio
699 4971 776 5022 rerba
792 4969 885 5020 ille.—
896 4969 921 5018 li
937 4967 958 5016 lc
974 4981 1085 5018 macana
1101 4967 1153 5018 llic
1172 4973 1256 5031 pocta,
1273 4971 1341 5016 tacta
1361 4965 1499 5017 sobricutc

323 5048 515 5114 gloriosissimo
531 5046 643 5111 Virginis
660 5047 758 5108 uuis,
775 5060 833 5111 quc
849 5045 908 5095 luit.
