4342 6692
696 901 768 970 aaa
1086 915 1293 972 conanum
1315 916 1481 970 rantum

689 1077 760 1151 per
778 1061 922 1150 prosto,
935 1057 1000 1153 qui
1020 1058 1158 1134 fecerat
1175 1079 1238 1134 me
1253 1058 1507 1153 christianum,
1523 1079 1590 1155 per
1610 1059 1768 1157 gratiam
1784 1061 1870 1136 iecit

697 1197 759 1254 me
775 1177 914 1253 bonum
932 1188 1179 1274 operatorem,
1205 1199 1271 1274 per
1291 1179 1463 1276 gratiam,
1475 1182 1625 1272 pinoque
1641 1182 1680 1254 rt·
1699 1183 1869 1274 ιρίιιινιιιι·

696 1301 803 1372 rato
829 1303 968 1393 lavoro,
996 1299 1089 1374 idest
1111 1299 1274 1374 arduum
1300 1305 1338 1375 et
1364 1299 1588 1374 immensum
1613 1320 1707 1396 opus
1732 1301 1869 1398 legum,

695 1427 814 1494 etutto
831 1423 868 1494 tn
888 1423 938 1494 tui
954 1423 1002 1494 mi
1016 1421 1123 1510 dtedt,
1150 1426 1192 1495 ut
1221 1420 1373 1496 liberius
1398 1441 1582 1516 vacarem,
1609 1425 1871 1498 conmmendat

695 1544 834 1632 immi,
860 1539 964 1634 idest,
990 1546 1028 1616 et
1052 1539 1221 1616 commisi
1245 1561 1376 1616 curam
1402 1540 1584 1616 beliorum
1605 1543 1869 1639 gerendorum,

695 1666 735 1737 ut
757 1665 827 1736 mro
851 1663 1059 1755 Betiisan'o,
1078 1662 1174 1736 bone
1195 1661 1461 1756 competitsibi
1487 1682 1643 1757 nomeu,
1661 1663 1870 1738 Bellisarius

696 1783 795 1858 enim
815 1781 958 1857 ridetur
982 1801 1116 1856 sonare
1135 1781 1240 1876 quasi
1266 1781 1370 1856 bellis
1393 1787 1432 1858 et
1455 1782 1570 1856 armis
1593 1781 1803 1859 instructus.
1823 1786 1868 1858 Et

696 1903 800 1979 dicit:
826 1905 882 1976 oui
906 1904 942 1975 tu
966 1901 1085 1976 deutra
1109 1906 1168 1976 del
1189 1906 1315 1998 oietsu
1340 1897 1370 1977 si
1393 1907 1598 1999 οοιιρίιιιιιιις
1623 1905 1729 1999 quasi
1751 1905 1864 1980 dicat:

695 2025 756 2100 oui
784 2045 916 2097 manus
940 2022 1083 2096 Domini
1109 2022 1175 2098 Dei
1199 2023 1434 2099 exercituum
1452 2023 1503 2099 ita
1519 2023 1622 2119 iavit3
1641 2045 1725 2099 nam
1744 2025 1868 2100 audivi

695 2144 795 2240 quod
820 2143 1030 2218 Betiisarius
1055 2142 1182 2218 habuit
1210 2143 1335 2240 viginti
1360 2149 1501 2240 septem
1524 2142 1695 2219 victorias
1717 2163 1868 2238 campa-

695 2268 774 2342 ies:
792 2266 891 2340 unde
912 2265 949 2337 in
971 2263 1043 2340 fine
1060 2265 1211 2340 veniens
1236 2266 1392 2341 Romam
1418 2283 1571 2340 crucem
1600 2283 1754 2338 auream
1779 2283 1868 2338 ceu·

695 2394 776 2461 tum
802 2384 982 2460 librarum
1009 2383 1046 2458 in
1072 2405 1148 2480 qua
1173 2386 1377 2481 sculpserat
1401 2405 1488 2459 suas
1517 2384 1688 2460 victorias
1711 2383 1867 2480 gemmis

695 2504 963 2602 pretiosissimis
978 2498 1015 2597 (¹)
1043 2510 1261 2580 exornatam
1274 2505 1419 2588 ¹obtulit
1435 2504 1546 2580 beato
1563 2506 1672 2580 Petro
1697 2525 1763 2600 per
1787 2525 1869 2579 ma-

696 2648 766 2700 nus
799 2647 902 2722 papae
933 2624 1070 2721 Vigilii3
1105 2628 1166 2698 ote
1195 2645 1303 2717 ragno
1328 2630 1370 2720 [ιι
1397 2627 1498 2700 ot'to
1527 2627 1665 2700 dovoti
1691 2627 1865 2719 posormi,

695 2747 797 2842 idest,
829 2753 872 2821 ut
905 2766 994 2842 pace
1027 2753 1127 2821 terra
1161 2747 1330 2843 marique
1354 2753 1459 2842 parta
1485 2767 1629 2841 possem
1656 2767 1790 2822 vacare
1814 2749 1870 2822 te·

693 2868 802 2967 gibus
815 2859 865 2961 (²).

772 2993 825 3063 Or
850 2991 909 3080 qut
933 2990 1007 3061 otto
1032 2990 1195 3080 question
1219 2989 1291 3062 ista
1311 2994 1367 3062 est
1386 2987 1547 3078 secunda
1565 3009 1651 3084 pars
1674 2989 1867 3084 generatis,

694 3109 730 3183 in
756 3129 831 3204 qua
857 3108 1080 3182 iustinianus
1110 3128 1176 3202 per
1210 3107 1362 3183 modum
1392 3107 1626 3205 digressionis
1659 3109 1870 3206 perstringit

693 3230 857 3306 breviter
882 3229 1123 3305 memoranda
1146 3237 1250 3326 gesta
1269 3230 1363 3304 tacta
1382 3230 1452 3304 sub
1470 3231 1575 3325 siguo
1593 3230 1728 3324 aquilae
1748 3231 1870 3307 direr-

693 3352 742 3426 sis
767 3351 1005 3445 temporibus.
1033 3349 1076 3422 Et
1102 3349 1222 3444 primo
1239 3349 1457 3424 continuans
1482 3351 1578 3426 dicta
1598 3350 1760 3426 dioeudis
1779 3352 1869 3426 assi-

694 3478 782 3570 gnat
807 3489 957 3546 causam
984 3480 1196 3546 moventem
1225 3470 1346 3565 ipsum
1376 3469 1423 3544 ad
1455 3471 1561 3546 istam
1591 3470 1864 3569 digressionem,

693 3592 836 3669 dicens:
877 3595 929 3664 Or
953 3591 1013 3681 qui
1045 3592 1081 3663 to
1115 3592 1186 3662 mio
1215 3593 1369 3682 η’φοιια
1401 3593 1614 3687 s'oppuuto,
1646 3593 1748 3687 idest,
1782 3592 1868 3667 tacit

693 3711 804 3786 tinem
831 3717 869 3786 et
893 3716 1083 3806 punctum,
1101 3713 1176 3784 otto
1197 3715 1351 3802 werdon
1370 3715 1505 3805 primo,
1526 3713 1630 3810 idest,
1651 3715 1778 3810 primae
1801 3734 1867 3810 pe·

693 3832 807 3908 titioni
833 3852 947 3927 quam
975 3831 1106 3925 iecisti3
1132 3831 1237 3926 quasi
1262 3831 1371 3927 dicat,
1392 3834 1480 3908 satis
1504 3834 1579 3909 dini
1605 3836 1669 3910 tibi
1690 3835 1771 3930 quis
1788 3836 1869 3910 iue-

692 3953 776 4048 rim,
803 3975 862 4026 ma
885 3973 949 4026 aaa
972 3955 1189 4046 condizione,
1219 3951 1332 4046 ipsius
1356 3954 1502 4049 aquiiae,
1524 3959 1573 4029 net
1595 3961 1743 4051 suippe,
1764 3956 1866 4051 idest,

692 4073 915 4170 constringit,
931 4095 956 4145 o
971 4075 1126 4164 sequor
1143 4075 1271 4146 otnero
1291 4076 1426 4168 manto,
1450 4075 1552 4169 idest,
1572 4076 1619 4151 ad
1640 4098 1868 4172 prosequen-

691 4195 780 4270 dum
812 4195 858 4269 de
887 4193 966 4269 aliis
991 4193 1151 4268 victoriis
1176 4192 1309 4287 aquiiae
1333 4200 1421 4268 ante
1447 4215 1508 4270 me
1537 4203 1575 4271 et
1604 4204 1685 4292 post
1718 4218 1791 4291 me,
1818 4198 1867 4271 ita

691 4315 791 4411 quod
808 4314 937 4390 faciam
952 4335 1125 4410 magnam
1146 4313 1368 4389 additionem
1385 4314 1432 4389 ad
1449 4337 1495 4392 ea
1514 4339 1599 4412 qum
1615 4319 1706 4414 dixi3
1725 4326 1763 4394 et
1779 4339 1868 4394 ecoe

690 4454 855 4527 oausam,
873 4429 1001 4527 perotd
1014 4442 1051 4507 tu
1068 4436 1170 4524 oeppi
1184 4454 1251 4506 oon
1269 4441 1406 4526 quanto
1429 4440 1592 4529 ruptone,
1618 4439 1705 4533 quia
1730 4439 1868 4515 scilieet

689 4574 777 4629 oum
805 4555 916 4650 nulia,
941 4557 974 4628 st
997 4575 1120 4628 manoe
1148 4561 1276 4628 canoa
1295 4559 1321 4628 ’t
1342 4565 1552 4632 sacrosante
1581 4581 1702 4655 eoquo,
1729 4561 1866 4655 aquitae

689 4674 900 4771 imperialis,
920 4678 1045 4750 ectt’i
1066 4678 1315 4771 s‘oppropn'u,
1336 4676 1438 4773 idest,
1458 4678 1518 4754 itte
1535 4680 1599 4773 qui
1618 4681 1728 4755 trahit
1744 4681 1865 4776 ipsum

688 4795 726 4869 in
751 4804 906 4890 partem,
925 4796 1019 4871 sicut
1044 4795 1184 4870 iaciunt
1207 4796 1405 4893 ghibellini,
1432 4819 1450 4871 a
1474 4802 1529 4872 oti
1553 4819 1579 4871 a
1603 4802 1653 4876 tui
1674 4803 1863 4894 s'oppone,

1587 4967 1860 4978 -..κη-ψ

752 5053 781 5116 i')
797 5053 828 5106 E·
843 5055 969 5119 prooem
1282 5055 1311 5120 (¹)
1326 5057 1358 5109 B.
1374 5059 1473 5124 ΙοςΙΙιιιι
1488 5061 1636 5112 ωιιιίωάἰι.
