4342 6692
671 848 740 921 1lt
976 922 979 929 ,
1029 856 1232 912 counnruu
1257 853 1479 910 ruaurroau

666 1004 798 1085 dicitur
825 1022 966 1097 morus,
989 994 1129 1075 dionrtd
1156 1003 1346 1091 mepte.
1374 998 1418 1073 Et
1443 997 1501 1074 bic
1524 1004 1611 1073 nota
1636 997 1736 1092 quod
1760 997 1841 1075 boe
1875 1010 1879 1015 ·

669 1124 737 1199 luit
762 1123 913 1199 historia
938 1142 1026 1217 vera
1059 1143 1133 1199 non
1165 1121 1301 1215 sabula,
1324 1120 1386 1199 cui
1414 1124 1539 1195 lamen
1569 1118 1718 1193 Ovidius
1741 1118 1842 1197 addit

668 1244 810 1343 poetice
835 1245 935 1339 quod
960 1242 1109 1341 sanguis
1126 1243 1283 1320 istorum
1304 1241 1506 1317 decurrens
1522 1239 1570 1315 ad
1588 1238 1731 1319 radices
1746 1238 1841 1317 tucri

669 1365 798 1442 vicinae
818 1364 901 1439 lecit
921 1384 1031 1459 poma
1049 1363 1144 1439 illius
1162 1363 1290 1455 rubea,
1308 1381 1393 1456 qum
1410 1360 1513 1455 prius
1530 1366 1638 1436 erant
1653 1360 1756 1452 alba3
1774 1380 1840 1454 per

670 1486 740 1561 boc
764 1483 855 1559 dane
878 1483 1080 1581 figuraliter
1105 1481 1254 1579 intelligi
1280 1488 1452 1557 naturam
1470 1480 1622 1573 amoris,
1638 1480 1702 1573 qui
1720 1479 1839 1575 primo

671 1612 822 1700 apparet
846 1604 963 1696 albus,
989 1602 1081 1679 idest
1105 1623 1236 1697 purus,
1259 1600 1391 1677 deinde
1415 1599 1575 1677 efficitur
1604 1599 1744 1678 rubeus
1773 1619 1840 1694 per

671 1724 832 1801 calorem
858 1730 895 1797 et
921 1722 1109 1815 ruborem,
1136 1729 1174 1796 et
1198 1720 1371 1817 expandit
1395 1721 1582 1795 dammam
1614 1739 1700 1813 quoe
1728 1719 1841 1797 celari

672 1864 745 1920 non
770 1850 906 1939 potesl3
934 1843 1062 1917 ultimo
1088 1843 1247 1918 efficitur
1272 1842 1388 1938 niger,
1415 1840 1517 1940 idest,
1534 1860 1690 1915 amarus
1711 1847 1748 1915 et
1771 1840 1843 1917 obn

672 1984 816 2058 scurus,
840 1964 889 2038 ita
915 1963 1011 2058 quod
1038 1962 1108 2039 sub
1133 1962 1326 2038 dulcedine
1355 1961 1458 2036 istius
1488 1959 1588 2055 pomi
1618 1961 1707 2035 latet
1736 1980 1841 2037 ama·

673 2084 792 2157 ritudo
819 2104 1001 2159 venenosa
1028 2103 1112 2177 quae
1137 2089 1290 2177 apparet
1307 2082 1344 2155 iu
1363 2081 1444 2157 line
1463 2082 1507 2157 m
1522 2080 1706 2157 concludit
1722 2085 1842 2175 poeta

672 2204 772 2299 quod
789 2203 959 2300 Virgilius
979 2202 1179 2297 prudenter
1199 2201 1359 2296 subrisit,
1376 2202 1517 2277 dicens:
1536 2203 1618 2275 oml'
1631 2202 1675 2288 ot,
1696 2199 1842 2292 scilicet

674 2323 855 2423 Virgilius,
882 2316 992 2397 orolld
1017 2326 1053 2395 lo
1076 2326 1208 2416 fronte,
1224 2322 1272 2397 ad
1293 2323 1444 2401 modum
1464 2321 1730 2418 indignantise
1752 2322 1844 2397 duae

675 2451 791 2517 rome!
809 2444 912 2537 idest,
929 2442 1115 2537 quomodo
1128 2450 1184 2517 est
1204 2443 1326 2517 istoor
1345 2446 1486 2517 omem
1501 2450 1579 2517 rtur
1598 2445 1636 2516 di
1651 2461 1734 2533 pun,
1752 2440 1844 2515 citra

540 2628 543 2635 ⁴
676 2563 798 2659 ignem
810 2588 820 2657 3
834 2563 939 2657 quasi
955 2564 1050 2639 dicat
1069 2563 1378 2657 reprehensorie:
1395 2563 1636 2641 debemusne
1647 2568 1844 2637 starocou·

679 2684 767 2759 tenti
793 2684 829 2755 in
855 2684 956 2778 puris
983 2683 1214 2758 naturalibus
1230 2685 1419 2759 moraliter
1435 2683 1686 2781 investigando
1706 2682 1845 2758 vitia-et

676 2803 843 2895 virtutes,
877 2810 914 2877 et
947 2824 1019 2877 non
1052 2803 1209 2881 transire
1241 2805 1287 2878 ad
1317 2805 1610 2900 supernaturalia
1640 2824 1726 2897 qum
1760 2809 1845 2878 sont

678 2923 772 2998 ultra
800 2922 921 3019 ignem
949 2923 1122 2999 latentia?
1146 2924 1229 2999 ideo
1253 2924 1357 3000 dicit:
1383 2924 1846 3015 maismacensem

676 3049 747 3139 tus,
774 3065 869 3117 cnoro
892 3046 925 3117 si
945 3049 987 3139 [a
1013 3048 1051 3117 ol
1071 3048 1207 3137 sonant
1229 3041 1309 3119 elr'e'
1332 3048 1425 3120 orno
1441 3049 1481 3120 ol
1500 3067 1621 3139 pomo,
1641 3045 1705 3140 qui
1731 3044 1845 3121 flecti·

678 3172 749 3259 tur,
776 3165 839 3239 ubl
865 3166 983 3260 primo
1010 3166 1225 3241 ostendebat
1249 3188 1291 3241 se
1315 3166 1464 3260 durum,
1490 3173 1527 3242 et
1558 3166 1726 3261 sequitur
1754 3165 1847 3241 ude·

678 3291 834 3379 rentem,
860 3306 972 3379 quem
999 3286 1119 3379 primo
1145 3286 1318 3381 rugiebat.

754 3408 821 3479 Por·
836 3408 959 3479 denno
977 3408 1016 3477 ol
1027 3408 1144 3496 snooo.
1162 3407 1232 3481 lsta
1255 3414 1311 3481 est
1336 3405 1497 3484 secunda
1514 3427 1599 3501 pars
1615 3406 1725 3481 buius
1749 3405 1849 3501 capi·-

680 3523 746 3599 tull
765 3524 958 3619 generalis,
976 3524 1013 3598 in
1031 3546 1105 3618 qua
1122 3532 1229 3619 poeta
1248 3534 1373 3601 noster
1388 3526 1560 3603 describit
1575 3548 1686 3601 suum
1706 3526 1851 3601 lelieem

680 3643 872 3719 transitum
899 3664 966 3738 per
991 3644 1114 3741 ignem
1140 3652 1283 3719 motum
1302 3646 1550 3721 formidatum.
1570 3645 1615 3718 lit
1632 3646 1752 3741 primo
1770 3652 1851 3719 tan.-

679 3764 732 3861 git
756 3763 934 3859 ordinem,
960 3765 1105 3840 dicens:
1124 3769 1202 3857 Pol,
1229 3766 1289 3839 illo
1305 3765 1476 3862 Virgilius
1500 3765 1626 3841 videno
1651 3786 1712 3841 me
1736 3765 1850 3841 redu-

680 3887 1083 3977 conmemorando
1107 3889 1147 3957 ol
1166 3890 1271 3980 [noro
1291 3888 1579 3977 macerrimam
1598 3886 1766 3961 redderet
1786 3906 1850 3961 me

680 4023 867 4096 securum,
890 4008 1076 4097 propende
1101 4009 1221 4079 Stozio
1245 4008 1305 4079 olto
1330 4008 1461 4079 neruoso
1485 4008 1611 4095 metro,
1639 4012 1682 4079 ut
1713 4006 1855 4081 Ileates

681 4130 775 4201 esset
802 4124 955 4219 medius,
979 4127 1039 4199 cle
1061 4130 1159 4218 prio,
1185 4126 1287 4217 idest
1315 4125 1377 4220 qui
1403 4124 1544 4201 Statius
1568 4125 1705 4202 vadens
1729 4125 1853 4221 primo

680 4264 767 4319 cum
794 4243 953 4340 Virgilio,
980 4248 1011 4317 oi
1034 4248 1156 4335 dtrbe,
1181 4244 1317 4320 seilicet
1340 4266 1420 4339 nos,
1448 4246 1585 4322 scilicet
1602 4245 1794 4341 Virgilio!
1826 4266 1850 4319 a

684 4384 753 4455 me,
780 4364 843 4458 qui
869 4364 1051 4457 sequebar
1077 4364 1197 4458 primo
1224 4373 1437 4459 utrumque.
1459 4366 1503 4437 Et
1523 4364 1644 4441 subdit
1664 4364 1852 4459 quomodo

682 4484 801 4565 statim
829 4485 939 4559 sensit
972 4484 1071 4578 quod
1104 4484 1295 4578 timuerat,
1323 4484 1467 4559 dicens:
1493 4487 1625 4559 eom'r'o
1651 4488 1705 4587 lut
1727 4486 1852 4563 dem

682 4607 729 4679 mi
752 4607 848 4677 soret
876 4606 997 4695 pinon
1027 4607 1065 4677 r'rr
1096 4626 1144 4677 un
1174 4606 1342 4696 magleolo
1373 4612 1470 4679 oetro
1495 4626 1562 4697 per
1592 4606 1850 4698 reponerent,

682 4726 786 4820 quasi
812 4725 907 4800 dicat
937 4725 1057 4819 tacite,
1083 4724 1183 4820 quod
1209 4724 1344 4799 vitrum
1371 4726 1527 4801 bulliens
1552 4725 1589 4799 in
1613 4724 1763 4799 fornace
1786 4745 1852 4801 an·
1897 4748 1900 4750 “

682 4845 792 4937 denti,
812 4847 910 4940 quod
934 4852 989 4921 est
1014 4866 1162 4921 summe
1186 4844 1358 4940 calidum,
1383 4845 1571 4921 rideretur
1588 4843 1772 4941 trigidum,
1791 4864 1850 4918 re-

684 4985 771 5039 cens
796 4972 833 5041 et
859 4966 1080 5062 refrigerans
1097 4987 1233 5060 aquam
1253 4965 1472 5059 respective3
1490 4972 1587 5038 tento
1603 4984 1669 5037 era
1684 4965 1734 5036 toi
1749 4966 1784 5036 lo
1796 4966 1851 5035 'rr-
