4342 6692
686 874 755 941 176
1046 884 1250 939 conandum
1275 884 1493 939 nunonronn

680 1034 717 1104 la
740 1032 847 1103 sclua·
858 1026 1010 1122 perct'd
1029 1031 1132 1123 solta,
1157 1028 1261 1124 idest,
1286 1028 1482 1103 arboribus
1506 1028 1633 1125 plena:
1660 1036 1698 1105 et
1723 1030 1774 1104 sic
1799 1030 1853 1103 vi·

679 1151 791 1226 detur
815 1148 938 1229 dicere
962 1149 1136 1244 breviter,
1163 1149 1262 1245 quod
1287 1157 1420 1226 ventus
1446 1151 1509 1245 qui
1536 1157 1590 1225 est
1615 1152 1673 1226 hic
1699 1173 1773 1227 non
1799 1158 1853 1226 est

680 1269 779 1345 aliud
805 1290 918 1365 quam
946 1277 1068 1345 motus
1093 1270 1201 1364 aeris,
1219 1270 1318 1364 quod
1344 1270 1451 1343 multi
1477 1272 1589 1345 etiam
1613 1270 1786 1347 dixerunt
1806 1273 1853 1347 de

682 1396 807 1465 nostro
832 1397 942 1465 vento
967 1390 1139 1465 interiori.
1167 1390 1237 1465 Sed
1262 1388 1321 1463 hic
1346 1396 1443 1483 nota,
1471 1390 1597 1485 lector,
1619 1390 1718 1486 quod
1742 1398 1849 1486 poeta

682 1518 806 1586 noster
824 1532 896 1586 uon
913 1511 1058 1585 videtur
1075 1530 1215 1606 ponere
1231 1509 1379 1605 aliquod
1396 1511 1620 1585 elementum
1639 1510 1743 1607 ignis,
1757 1513 1852 1587 sicut

681 1631 793 1727 aliqui
810 1631 1008 1727 philosophi
1025 1630 1178 1726 antiqui,
1197 1631 1260 1726 qui
1281 1630 1453 1705 dixerunt
1472 1630 1594 1727 ignem
1611 1633 1782 1729 generari
1802 1654 1848 1709 ex

681 1751 939 1826 confricatione
962 1750 1061 1825 aeris
1085 1749 1131 1824 ad
1157 1752 1316 1843 coelum3
1336 1750 1434 1826 unde
1458 1750 1559 1847 ponit
1574 1751 1633 1826 hic
1650 1772 1778 1828 aerem
1796 1753 1852 1827 vi-

681 1892 771 1945 rum
802 1871 1008 1945 continuari
1040 1872 1145 1946 ooelo.
1172 1870 1292 1965 Aliqui
1326 1892 1416 1947 vero
1451 1872 1616 1947 moderni
1649 1880 1850 1967 posuerunt

680 2011 808 2066 aerem
833 1991 960 2065 rivum
986 2012 1098 2085 super
1123 1992 1258 2088 ignem,
1277 1991 1371 2067 sicut
1387 1992 1587 2067 Brunettus
1608 1994 1767 2088 Latinus,
1787 1994 1848 2088 qui

680 2110 833 2186 nescivit
856 2110 1138 2206 philosophiam3
1166 2118 1202 2187 et
1227 2110 1321 2187 sicut
1349 2111 1499 2187 Michael
1525 2112 1669 2187 Scottus
1694 2113 1758 2208 qui
1783 2113 1850 2187 luit

679 2230 812 2305 melior
823 2252 956 2326 magus
969 2252 1082 2326 quam
1097 2231 1284 2326 naturalis,
1300 2239 1342 2306 ut
1354 2231 1439 2307 dicit
1451 2231 1639 2307 libertus:
1656 2232 1721 2307 sed
1737 2232 1848 2308 credo

681 2352 780 2448 quod
805 2359 913 2447 poeta
938 2352 1102 2447 loquitur
1118 2354 1317 2447 moraliter,
1337 2360 1378 2427 ut
1396 2352 1561 2428 ostendat
1586 2353 1844 2429 habitationem

680 2471 838 2546 hominis
863 2471 1013 2566 perlecti
1038 2491 1119 2547 esse
1144 2472 1355 2569 contiguam
1373 2474 1477 2567 coelo,
1496 2472 1590 2547 sicut
1606 2472 1774 2548 doctores
1793 2472 1849 2547 di·

680 2598 771 2667 cunt
794 2591 1005 2687 paradisum
1025 2590 1238 2667 deliciarum
1257 2594 1467 2690 pertingere
1487 2612 1605 2686 usque
1625 2592 1672 2667 ad
1697 2592 1847 2689 globum

680 2713 778 2786 lunae
802 2710 1035 2808 hyperbolice
1051 2714 1253 2807 loquentes.
1267 2718 1358 2787 -Ε
1372 2717 1418 2787 la.
1438 2714 1502 2788 Hic
1522 2713 1697 2788 llathildis
1723 2719 1846 2787 osteu-

679 2831 732 2906 dit
757 2832 914 2926 qualiter
938 2838 1165 2928 generantur
1190 2833 1331 2909 fructus
1351 2834 1399 2907 ibi
1417 2834 1553 2908 virtute
1573 2833 1683 2927 venti,
1705 2832 1845 2908 dicens:

679 2956 713 3025 E
727 2955 764 3025 la
783 2954 923 3043 pidum,
940 2950 1042 3045 idest,
1060 2952 1174 3048 sylva,
1189 2974 1368 3046 percussa,
1384 2954 1432 3027 ab
1450 2953 1510 3028 illo
1528 2974 1616 3029 aere
1632 2953 1709 3028 sive
1725 2959 1848 3047 vento,

679 3077 776 3146 uno
797 3078 913 3163 puoto,
938 3071 1041 3166 idest,
1066 3079 1122 3147 est
1149 3078 1258 3147 tantae
1283 3074 1464 3169 potentiae,
1482 3076 1542 3146 cte
1566 3076 1657 3147 della
1681 3093 1748 3147 sua
1773 3075 1848 3146 oir-

678 3198 745 3265 tate
760 3195 946 3283 impropria
961 3194 1099 3283 l'aura,
1113 3192 1215 3287 idest,
1233 3193 1359 3289 implet
1378 3213 1516 3287 aerem,
1534 3215 1552 3265 e
1569 3196 1695 3287 quella,
1712 3192 1847 3267 scilicet

676 3332 770 3385 aura
788 3312 847 3387 vel
864 3333 930 3387 aer
950 3311 1002 3386 sic
1026 3312 1300 3409 impraegnatus,
1322 3320 1448 3404 oenoe,
1466 3312 1568 3408 idest,
1586 3319 1795 3389 commovet
1812 3319 1849 3387 et

676 3432 852 3526 concutit,
861 3434 925 3528 poi
935 3435 1092 3523 pirando
1108 3437 1272 3527 intem,-
1288 3440 1325 3509 et
1342 3433 1410 3508 isto
1424 3433 1532 3508 modo
1545 3434 1585 3507 lit
1599 3434 1847 3529 multiplicatio

676 3550 855 3625 arborum
891 3550 964 3625 ibi:
999 3552 1098 3627 unde
1130 3551 1226 3646 dicit,
1254 3574 1273 3625 e
1297 3554 1430 3626 l'altra
1459 3560 1571 3643 temo,
1597 3552 1691 3627 illius
1724 3552 1846 3650 sylvae,

677 3690 824 3763 coneepe
847 3691 866 3743 c
882 3674 996 3764 figlia,
1014 3671 1116 3767 idest,
1134 3671 1249 3769 gignit
1274 3679 1312 3747 et
1336 3672 1441 3769 parit,
1459 3674 1594 3747 dicmse
1610 3677 1727 3767 lcpnu,
1744 3674 1846 3767 idest,

677 3790 780 3864 varia
796 3784 833 3883 (¹)
860 3811 999 3888 genera
1029 3791 1220 3885 arborum,
1245 3795 1284 3866 di
1307 3795 1443 3867 diverse
1466 3788 1571 3885 virid,
1595 3796 1745 3869 secondo
1769 3792 1850 3869 ct'e'

677 3912 806 4002 Mona,
832 3909 933 4005 idest,
959 3910 1130 4006 disposita
1155 3912 1308 4008 passive,
1323 3934 1389 4005 per
1405 3933 1455 4004 se,
1472 3912 1551 3987 sine
1576 3913 1727 4009 semine,
1746 3934 1847 4006 oper

675 4052 740 4105 sao
764 4034 862 4119 delo,
888 4030 990 4126 idest,
1016 4030 1221 4106 secundum
1247 4032 1444 4127 puritatem
1470 4033 1528 4107 sui
1552 4033 1649 4107 aeris
1667 4039 1703 4108 et
1723 4032 1846 4129 proxi·

678 4151 841 4226 mitatem
868 4152 962 4225 coeli.
981 4152 1025 4225 Et
1048 4152 1212 4227 declarat
1229 4152 1328 4246 quod
1346 4152 1436 4227 dixit
1456 4153 1514 4228 hic
1539 4153 1585 4229 de
1609 4154 1845 4250 generatione

674 4272 854 4347 arborum
880 4292 947 4369 per
972 4272 1007 4346 id
1031 4272 1132 4368 quod
1157 4272 1287 4349 accidit
1311 4272 1506 4367 aliquando
1524 4274 1560 4349 in
1578 4275 1711 4349 nostris
1735 4274 1846 4349 arbo-

677 4391 780 4466 ribus
804 4392 1033 4487 naturaliter,
1059 4394 1124 4469 sed
1149 4394 1316 4487 occulte3
1343 4414 1428 4467 nam
1459 4394 1582 4489 aliqua
1608 4394 1720 4469 arbor
1744 4394 1848 4491 vigo·

678 4533 763 4588 rosa
780 4511 998 4610 impregnat
1018 4534 1146 4589 aerem
1173 4514 1471 4589 circumstantem
1496 4514 1610 4589 odore
1629 4534 1709 4608 suo,
1728 4520 1764 4589 et
1780 4513 1848 4589 ali·

677 4632 761 4727 quis
786 4639 918 4709 ventus
940 4640 1104 4728 asportat
1130 4634 1231 4709 illum
1258 4654 1385 4708 aerem
1411 4633 1457 4707 ad
1483 4640 1620 4708 terram
1651 4640 1775 4730 aptam
1801 4634 1847 4709 ad

675 4751 955 4847 concipiendum
968 4745 1020 4847 (²),
1038 4759 1075 4827 et
1095 4753 1143 4828 ibi
1161 4760 1333 4829 nascetur
1358 4753 1483 4827 similis
1508 4754 1639 4849 arbor3
1657 4760 1694 4828 ot
1714 4753 1764 4829 ita
1780 4752 1847 4828 ali-

738 4938 767 5001 l'l
783 4941 814 4991 E.
829 4943 900 4993 mu
915 4942 1047 5007 lignorum
1063 4944 1117 4994 slve
1133 4942 1257 4993 arborum
1274 4954 1376 5005 genera,
1393 4945 1428 4993 dt.

739 5018 766 5080 ι’)
782 5016 813 5067 R
828 5019 1026 5082 condpiaudnm
1040 5020 1087 5071 ubl
1102 5025 1232 5071 nascetur.
