4342 6692
672 901 744 970 478
1063 912 1271 972 munuum
1295 915 1461 970 rnnnnru

670 1055 816 1152 rideret,
834 1057 1050 1155 possidendo
1075 1058 1287 1152 frueretur3
1304 1063 1342 1134 et
1361 1074 1446 1134 cam
1467 1057 1538 1135 iroo
1557 1055 1668 1134 modo
1687 1055 1849 1141 distinxit

671 1185 712 1257 ut
736 1201 821 1276 pars
847 1180 883 1254 in
909 1179 965 1254 sui
989 1179 1151 1276 puritate
1176 1185 1424 1274 permaneret,
1441 1177 1579 1254 scilicet
1598 1178 1742 1275 angeli3
1760 1199 1847 1274 nara

670 1299 814 1396 corpori
847 1301 1083 1398 jungeretur,
1115 1299 1253 1376 scilicet
1284 1297 1420 1374 anima.
1457 1299 1543 1376 Ideo
1575 1298 1711 1374 animae
1746 1319 1848 1376 arso-

671 1421 775 1498 ciatae
793 1427 880 1496 sunt
900 1421 1129 1516 corporibus,
1147 1420 1242 1496 utin
1267 1419 1320 1498 ais
1345 1420 1617 1496 famularentur
1641 1419 1719 1497 neo
1733 1411 1783 1512 (¹).
1798 1459 1848 1476 -

672 1546 705 1614 n
727 1544 851 1635 quac.
877 1542 943 1616 Hic
970 1542 1100 1616 ultimo
1125 1541 1272 1617 Beatrir
1295 1561 1343 1616 er
1362 1539 1466 1616 dictis
1482 1539 1591 1614 docet
1606 1559 1769 1636 arguere
1786 1561 1848 1618 re-

672 1663 938 1739 surrectionem
965 1664 1218 1738 humanorum
1234 1681 1445 1757 corporum.
1462 1660 1518 1736 ad
1537 1660 1636 1755 quod
1653 1667 1709 1736 est
1726 1661 1848 1758 primo

673 1784 875 1860 mundum
908 1785 1007 1880 quod
1039 1784 1217 1860 naturalis
1250 1782 1432 1880 appetitus
1468 1802 1544 1856 non
1575 1780 1713 1876 patitur
1746 1781 1847 1877 qnod

672 1904 859 1982 animarit
878 1906 985 2001 plene
1002 1905 1122 2000 beata,
1141 1904 1207 1979 nisi
1228 1903 1444 1979 restituatur
1461 1901 1495 1979 ei
1512 1921 1664 1997 eorpus:
1682 1902 1728 1976 ad
1745 1901 1846 1997 quod

673 2027 939 2102 resumendum
974 2026 1084 2101 habet
1111 2024 1328 2100 naturaliter
1357 2023 1627 2098 inclinationem
1659 2022 1847 2116 insertam,

674 2145 761 2239 quia
786 2146 905 2224 omnis
930 2167 991 2224 res
1025 2147 1084 2222 vel
1116 2147 1213 2222 bene
1243 2145 1303 2222 ret
1336 2143 1434 2222 maie
1464 2143 1642 2220 merendo
1676 2143 1849 2222 laborm

672 2263 783 2340 debet
798 2265 951 2361 praemio
968 2266 1145 2364 gaudere,
1165 2266 1223 2341 vei
1241 2286 1351 2361 poena
1366 2262 1553 2339 damnari:
1570 2269 1609 2339 et
1624 2264 1655 2337 si
1671 2264 1742 2340 aiia
1759 2283 1848 2343 caro

673 2383 733 2459 vel
757 2385 852 2460 atius
876 2385 1024 2483 spiritus
1049 2392 1316 2480 assumeretur,
1336 2384 1429 2458 alius
1449 2389 1544 2460 esset
1560 2384 1674 2458 homo
1689 2383 1752 2480 qui
1772 2404 1846 2465 noo

673 2502 775 2598 prius
802 2513 1003 2584 meruerat.
1020 2507 1114 2582 Dicit
1135 2527 1246 2603 ergo:
1264 2511 1297 2580 Ε
1312 2507 1440 2598 quon,
1459 2502 1562 2596 idest,
1580 2523 1626 2578 er
1644 2523 1848 2600 argumen-

674 2625 719 2700 tis
743 2626 914 2723 superius
939 2627 1052 2722 iactis,
1068 2629 1156 2721 poor·
1180 2633 1411 2718 orcomentor
1434 2645 1584 2719 ancora,
1604 2630 1644 2698 tu
1666 2625 1849 2720 theologe,

674 2752 797 2820 vocuo
828 2749 1067 2839 resurrezion,
1099 2745 1323 2824 resurrectio
1356 2751 1412 2822 eut
1444 2743 1578 2820 animae
1611 2750 1650 2819 et
1682 2742 1849 2840 corporis

675 2872 796 2942 morte
820 2873 1075 2962 separatorum
1101 2866 1232 2942 iterata
1256 2865 1474 2942 coniunctio.
1494 2866 1539 2939 Et
1563 2865 1668 2940 docet
1692 2864 1846 2939 modum

674 2987 865 3084 arguendi,
892 2987 1032 3062 dicens:
1063 3010 1101 3063 se
1134 2994 1171 3062 to
1203 2988 1348 3081 ήραιςὲ,
1373 2986 1476 3081 tuest,
1502 2985 1637 3060 iterum
1668 2983 1786 3060 volvis
1811 2983 1848 3059 in

673 3107 799 3184 animo
824 3108 859 3182 id
885 3107 984 3204 quod
1010 3108 1090 3204 iam
1121 3107 1210 3183 dixit
1240 3108 1287 3183 de
1316 3106 1504 3184 creatione
1532 3105 1640 3202 primi
1670 3104 1848 3199 hominis3

673 3249 770 3304 come
795 3230 817 3302 i
829 3247 962 3304 amnon
986 3249 1097 3302 carce
1117 3231 1203 3321 fessi
1226 3227 1589 3322 ottoro,idest,1acta
1606 3231 1663 3302 est
1688 3226 1848 3322 perfecta

674 3371 698 3426 a
725 3349 803 3424 Deo
835 3349 913 3426 sine
947 3349 1068 3425 medio
1102 3348 1198 3443 coeli,
1231 3351 1291 3423 cite
1324 3351 1350 3423 ii
1374 3351 1484 3441 primi
1510 3350 1655 3442 parenti
1684 3346 1852 3420 incumbi

671 3473 772 3564 foui.
800 3469 887 3544 Vult
911 3469 1052 3546 dicere:
1080 3469 1303 3546 rerurrectio
1319 3470 1491 3567 arguitur
1507 3489 1589 3544 esse
1604 3467 1779 3564 pomibitis
1800 3486 1848 3543 er

675 3591 758 3686 hoc,
783 3591 870 3685 quia
895 3611 1050 3686 corpora
1076 3590 1250 3694 suscitata
1279 3590 1464 3666 bonorum
1497 3589 1585 3667 fient
1615 3587 1736 3684 qualia
1765 3587 1848 3664 inc·

676 3719 764 3787 runt
788 3711 824 3786 in
850 3711 977 3808 primis
1002 3711 1227 3807 parentibus,
1248 3711 1447 3806 quaefacta
1468 3710 1619 3786 suerunt
1637 3705 1849 3784 immediate

674 3853 698 3908 a
722 3831 800 3908 Deo
825 3831 904 3908 sine
928 3833 1142 3929 operatione
1157 3833 1255 3927 ooeti,
1276 3838 1314 3911 et
1330 3853 1405 3907 non
1421 3851 1488 3928 per
1504 3830 1603 3909 viam
1620 3835 1765 3904 nature
1783 3847 1851 3924 ge-

675 3959 825 4030 neratae.
851 3951 1063 4028 Consonum
1089 3973 1180 4050 ergo
1206 3953 1350 4028 videtur
1375 3951 1474 4047 qnod
1499 3949 1624 4026 anima
1646 3953 1728 4045 post
1747 3968 1850 4026 mot-

676 4077 752 4150 tem
777 4079 905 4148 utatur
930 4092 1071 4170 organo
1097 4080 1135 4149 et
1159 4072 1405 4148 instrumento
1439 4071 1477 4146 in
1507 4069 1624 4168 gloria
1656 4074 1693 4146 et
1726 4088 1848 4166 poena,

676 4214 752 4288 quo
776 4193 814 4269 iu
839 4193 913 4269 vita
939 4215 1006 4270 usa
1032 4193 1150 4269 estin
1175 4193 1273 4270 bono
1298 4200 1336 4270 et
1361 4193 1478 4268 maio·

738 4455 766 4520 (¹)
781 4455 812 4508 E.
829 4467 845 4506 c
861 4459 885 4518 t,
902 4455 966 4518 Duo,
982 4460 1010 4508 ct
1025 4467 1118 4508 rernm
1133 4460 1309 4508 ettenorum
1324 4454 1424 4506 borum
1439 4453 1737 4518 ornamur-1
1754 4451 1850 4520 phot.

1132 4769 1396 4780 ——-—.-—
