4342 6692
678 897 749 966 lto
1069 907 1275 964 counuruur
1300 905 1467 960 runnursr

676 1055 777 1150 pium
811 1075 955 1148 verum,
989 1053 1090 1147 quod
1122 1052 1244 1127 nullus
1273 1071 1373 1127 sanae
1403 1049 1537 1124 mentis
1566 1049 1736 1147 negabit3
1768 1051 1852 1126 ideo

675 1177 782 1252 dicit:
808 1196 833 1248 a
857 1177 937 1269 quel
959 1176 1018 1247 clla
1042 1181 1078 1248 tu
1104 1176 1273 1268 dimondi,
1305 1193 1392 1247 cum
1424 1177 1528 1245 tanto
1559 1171 1694 1246 ardore
1726 1171 1850 1266 animi,

676 1299 788 1372 terrui
811 1300 838 1370 it
862 1299 949 1387 uisu,
978 1293 1115 1368 scilicet
1141 1300 1296 1387 rectum,
1322 1313 1419 1367 rome
1443 1293 1525 1365 tani
1548 1294 1577 1365 tt
1598 1294 1714 1372 dorso.
1737 1291 1779 1364 Et
1796 1290 1854 1366 llic

676 1425 762 1493 nota
797 1417 896 1511 quod
930 1422 1039 1490 autor
1072 1415 1221 1490 tenebat
1251 1414 1381 1489 taciem
1417 1411 1626 1488 inclinatam
1661 1419 1854 1507 premente

676 1534 838 1633 pondere
863 1536 984 1610 nimiae
1009 1534 1270 1609 admirationis.
1297 1534 1341 1606 Et
1365 1553 1456 1608 vere
1487 1553 1585 1626 saepe
1613 1532 1757 1626 sapiens
1783 1531 1854 1606 mi·
1967 1607 1971 1612 .

677 1663 792 1751 ratur,
819 1656 916 1732 unde
942 1656 1134 1750 proveniat
1151 1655 1249 1750 quod
1267 1675 1314 1730 ex
1332 1654 1412 1728 viro
1441 1653 1658 1750 probissimo
1680 1662 1853 1729 nascatur

676 1775 772 1852 illius
790 1777 994 1871 vilissimus,
1012 1777 1107 1850 sicut
1123 1776 1241 1872 patuit
1257 1775 1479 1871 inScipione
1495 1782 1533 1849 et
1549 1775 1737 1869 Cicerone,
1757 1796 1852 1870 quo-

676 1919 760 1972 rum
779 1897 873 1972 alter
892 1897 1019 1972 habuit
1035 1897 1151 1970 filium
1170 1896 1278 1972 rilem
1298 1902 1336 1970 et
1353 1895 1512 1988 tristem3
1529 1894 1624 1970 alter
1642 1916 1715 1969 non
1730 1896 1850 1970 solum

675 2018 814 2092 tristem
845 2017 908 2092 sod
942 2015 1140 2092 ebriosum.
1176 2015 1248 2092 Sed
1284 2035 1357 2090 nou
1388 2015 1582 2112 oportebat
1611 2015 1711 2108 quod
1740 2022 1851 2090 autor

674 2142 815 2232 peteret
845 2137 993 2212 aliunde
1024 2135 1205 2231 exempla,
1232 2135 1320 2230 quia
1351 2135 1428 2230 ipse
1453 2134 1567 2209 hostis
1590 2134 1754 2210 avaritiae
1784 2136 1851 2210 lra-

673 2258 756 2332 buit
789 2257 904 2331 lilium
938 2256 1018 2330 eius
1048 2255 1230 2351 amicum3
1257 2255 1340 2330 ideo
1366 2256 1461 2330 bene
1486 2255 1633 2330 tenebat
1665 2255 1795 2330 taciem
1812 2250 1852 2347 (¹)

677 2377 906 2452 incurvatam
934 2398 1021 2451 cum
1049 2397 1147 2451 nunc
1172 2377 1310 2452 faceret
1328 2376 1439 2452 talem
1458 2375 1718 2470 questionem
1743 2377 1847 2451 etita

677 2517 699 2572 c
723 2502 851 2571 contra
876 2495 1006 2571 accidit
1030 2496 1227 2590 aliquando
1252 2491 1352 2589 quod
1370 2516 1416 2570 er
1433 2497 1592 2591 pessimo
1607 2502 1713 2591 patre
1729 2497 1850 2572 oritur

675 2617 834 2712 optimus
860 2617 965 2690 tilius.
979 2621 1092 2688 -Lo
1109 2622 1193 2690 Bon.
1220 2617 1286 2690 llic
1310 2617 1464 2691 Carolus
1488 2616 1611 2711 incipit
1629 2617 1851 2713 respondere

675 2737 721 2812 ad
747 2736 900 2810 dubium
917 2727 968 2830 (²),
994 2742 1031 2812 et
1055 2757 1123 2832 por
1141 2736 1294 2832 longum
1311 2735 1518 2812 discursum
1535 2727 1572 2828 (³)
1591 2737 1671 2810 vult
1687 2737 1851 2812 breviter

674 2857 808 2952 dicere,
834 2857 933 2951 quod
958 2857 1005 2931 ad
1031 2855 1126 2932 bene
1158 2876 1238 2932 esso
1270 2857 1399 2930 mundi
1427 2857 1629 2951 requiritur
1656 2857 1850 2934 diversitas

674 2997 916 3072 personarum
943 2997 1027 3071 quae
1053 2977 1215 3071 procedit
1240 2975 1359 3071 primo
1384 2997 1407 3051 a
1432 2995 1544 3052 causa
1561 2977 1694 3072 prima,
1714 2979 1851 3054 scilicet

673 3097 899 3196 providentia
925 3098 1015 3191 Ilei;
1041 3098 1203 3172 secundo
1227 3119 1250 3173 a
1275 3119 1388 3172 causa
1420 3099 1593 3192 secunda,
1623 3099 1759 3174 scilicet
1793 3099 1850 3172 in·

674 3219 822 3294 lluentia
854 3219 957 3312 ooeli3
992 3226 1030 3294 et
1065 3218 1195 3293 ultimo
1226 3218 1274 3292 ab
1305 3217 1482 3292 industria
1514 3219 1732 3292 hominum:
1766 3219 1869 3294 ideo·

674 3339 793 3435 primo
818 3338 986 3434 incipito
1012 3338 1202 3433 praemisso
1226 3338 1413 3434 principio,
1444 3349 1482 3416 et
1511 3338 1598 3414 dicit
1627 3339 1727 3432 quod
1752 3340 1850 3414 Deus

673 3457 854 3534 ordinavit
880 3459 1055 3536 virtutem
1081 3458 1119 3532 in
1144 3459 1244 3533 coelis
1269 3479 1336 3555 per
1360 3480 1473 3553 quam
1497 3460 1706 3554 producunt
1721 3468 1759 3535 et
1773 3459 1848 3534 dis·

673 3585 815 3673 ponunt
831 3579 868 3652 in
885 3586 1010 3654 actum
1032 3579 1120 3653 illud
1138 3579 1238 3672 quod
1255 3579 1401 3674 expedit
1418 3581 1602 3655 universo.
1621 3581 1712 3656 Dicit
1731 3601 1845 3676 ergo:

674 3705 723 3774 Lo
740 3705 826 3791 Bon,
845 3699 980 3774 scilicet
997 3700 1095 3776 Deus
1120 3700 1184 3792 qui
1210 3706 1266 3774 est
1290 3698 1486 3774 immobilis
1511 3699 1598 3794 ipse,
1624 3702 1684 3773 olto
1707 3703 1806 3791 uotae
1830 3723 1849 3774 e

673 3827 831 3896 contemn
856 3823 884 3894 it
905 3841 1030 3912 rayno,
1056 3820 1160 3914 idest,
1185 3820 1335 3915 coelum,
1361 3823 1422 3893 olle
1438 3827 1474 3893 tu
1491 3823 1629 3913 scandi,
1655 3820 1756 3914 idest,
1783 3841 1849 3915 per

674 3940 773 4036 quod
798 3946 837 4012 tu
866 3939 1031 4014 ascendis
1056 3939 1103 4013 de
1128 3960 1235 4034 spera
1261 3940 1298 4012 in
1327 3959 1485 4034 speram,
1513 3943 1556 4034 sa
1584 3942 1719 4032 mrmte,
1745 3940 1849 4033 idest,

673 4060 913 4154 induentium,
939 4082 1052 4134 msere
1071 4064 1109 4136 in
1134 4064 1243 4152 questi
1263 4062 1524 4153 cunimundi,
1541 4061 1677 4137 scilicet
1692 4062 1795 4137 ooelis
1811 4071 1850 4136 ct

674 4181 837 4277 planetis,
862 4203 929 4256 suo
947 4185 1206 4276 proomdmzo,
1223 4182 1327 4276 idest,
1345 4202 1410 4276 per
1436 4203 1542 4257 suam
1568 4183 1846 4278 providentiam.

674 4303 717 4376 lut
741 4302 903 4377 declarat
929 4304 997 4376 lroc
1022 4302 1168 4377 dicens:
1195 4323 1310 4376 enon
1330 4323 1402 4394 pur
1427 4305 1459 4375 te
1482 4310 1696 4376 cumrerum
1715 4325 1848 4398 proue-

672 4423 752 4496 dttte
776 4424 868 4495 netto
894 4429 1016 4514 mmte,
1041 4421 1187 4516 scilicet,
1213 4421 1347 4514 divina,
1365 4418 1447 4496 clt'e‘
1469 4424 1518 4497 du
1536 4417 1577 4496 re*
1590 4427 1753 4518 perfetta,
1774 4445 1848 4500 non

673 4542 721 4618 ab
747 4543 819 4618 alio
844 4542 937 4618 sicut
969 4549 1114 4618 caeterae
1138 4543 1185 4616 ab
1215 4543 1306 4638 ipso,
1339 4563 1398 4616 mo
1421 4564 1507 4634 erse,
1538 4543 1674 4618 scilicet
1704 4550 1848 4619 uaturae

672 4663 798 4758 etiam,
815 4666 968 4754 imtenre,
986 4669 1071 4738 sunt
1095 4664 1262 4760 provisa,
1280 4684 1347 4738 oon
1364 4666 1401 4736 to
1420 4667 1477 4737 tor
1493 4667 1615 4758 sumu,
1635 4665 1738 4759 idest,
1756 4687 1844 4741 cum

673 4785 773 4859 omni
800 4805 846 4858 eo
871 4784 970 4878 quod
995 4784 1142 4879 expedit
1166 4783 1213 4858 ad
1238 4803 1369 4859 earum
1395 4785 1565 4858 salutem.
1591 4786 1635 4859 Et
1660 4787 1844 4861 concludit

735 4969 763 5033 (¹)
780 4971 812 5021 E.
828 4971 921 5022 loclem
937 4974 993 5023 alus
1009 4974 1180 5024 incurvatam.

735 5044 763 5110 (¹)
780 5045 810 5098 lt.
827 5047 935 5100 dublum
951 5063 998 5114 per
1015 5050 1123 5114 longum
1139 5047 1287 5100 decursum
1302 5061 1356 5111 qno
1372 5046 1437 5098 rnlt.
1562 5047 1590 5111 (⁸)
1606 5051 1630 5108 ι,
1645 5047 1798 5114 dignum,
