4342 6692
679 889 750 956 492
1069 901 1275 958 conamen
1300 903 1465 958 amanus

571 1051 574 1060 '
675 1046 721 1122 de
738 1046 886 1141 Ursinis,
900 1067 1013 1140 quern
1034 1045 1212 1122 sentiebat
1229 1047 1367 1122 babere
1382 1045 1550 1120 animum
1569 1045 1740 1120 inlestum
1758 1067 1848 1122 con·

676 1173 732 1241 tra
750 1165 941 1260 Carolum;
968 1172 1005 1242 et
1032 1165 1151 1261 ipsum
1177 1187 1336 1261 pronum
1362 1167 1399 1240 in
1425 1186 1531 1240 suam
1554 1165 1772 1240 sententiam
1792 1165 1847 1240 ia·

676 1285 790 1361 ciliter
812 1286 922 1362 traxit
943 1307 1076 1384 magna
1094 1285 1252 1381 potentia
1270 1285 1416 1382 lingua,
1430 1283 1494 1360 sed
1511 1285 1653 1360 maiore
1670 1286 1845 1381 pecunia.

676 1407 719 1481 tlt
743 1408 916 1482 continuo
942 1409 1047 1482 laetus
1073 1415 1110 1482 et
1135 1406 1301 1504 impiger,
1328 1427 1500 1483 reversus
1517 1406 1555 1480 iu
1574 1406 1733 1480 Siciliam
1760 1427 1850 1481 con-

676 1527 793 1603 socios
818 1527 1058 1622 confirmavit,
1085 1534 1124 1602 et
1147 1526 1387 1602 animosiores
1420 1526 1582 1620 reddidit,
1615 1527 1795 1622 recipiens
1825 1549 1847 1602 a

676 1648 825 1744 singulis
861 1650 1103 1724 instrumenta
1129 1669 1215 1723 cum
1247 1649 1377 1723 anulis.
1412 1649 1596 1724 Reversus
1628 1648 1675 1722 ad
1710 1649 1845 1744 Papam

675 1769 901 1865 dinit„quod
927 1771 995 1844 tria
1025 1776 1132 1845 erant
1164 1769 1367 1845 necessaria
1399 1769 1447 1844 ad
1481 1776 1556 1844 tam
1588 1769 1694 1844 ardui
1726 1767 1848 1865 operis

676 1891 1000 1986 complementum,
1026 1891 1161 1966 scilicet
1193 1912 1394 1966 consensus
1422 1891 1503 1967 eius
1528 1891 1563 1965 in
1599 1889 1749 1985 scriptis,
1782 1909 1847 1984 pe-

677 2011 798 2104 cunia,
815 2017 851 2086 et
868 2032 958 2106 gens
985 2011 1160 2086 militaris.
1187 2013 1231 2086 llt
1255 2033 1343 2087 cum
1368 2011 1505 2087 auxilia
1525 2011 1735 2108 excogitata
1754 2009 1848 2084 iudi-

676 2138 804 2224 casset,
836 2131 992 2206 obtentis
1024 2130 1137 2206 literis
1166 2153 1188 2206 a
1220 2133 1328 2228 Papa,
1355 2133 1592 2207 transvolavit
1617 2131 1665 2206 ad
1695 2132 1846 2206 Petrum

679 2271 803 2346 regem
831 2250 1057 2347 aragonum,
1076 2251 1262 2345 quondam
1285 2252 1460 2326 Maniredi
1484 2273 1680 2350 generum,
1697 2250 1846 2326 aridum

677 2371 834 2465 ultionis,
860 2371 998 2446 virtute
1018 2372 1130 2446 animi
1155 2380 1193 2446 et
1213 2372 1353 2447 viribus
1375 2374 1540 2468 corporis
1557 2372 1646 2446 nulli
1668 2391 1737 2446 suo
1753 2378 1848 2446 tem·

677 2512 766 2587 pore
791 2491 1007 2598 secundum,
1025 2491 1086 2565 cui
1112 2492 1236 2566 omnia
1255 2493 1676 2588 exposuit‘pertractata.
1694 2493 1739 2566 Et
1762 2511 1849 2586 pro·

678 2611 786 2686 missa
813 2611 967 2706 pecunia
994 2632 1062 2706 pro
1087 2612 1235 2707 negotio
1258 2611 1490 2707 adimplendo
1514 2634 1599 2688 curn
1622 2611 1736 2687 literis
1754 2610 1850 2706 regis

677 2730 896 2806 continuatis
920 2730 1022 2805 dictis
1036 2722 1087 2824 (¹),
1103 2732 1181 2826 jam
1207 2731 1337 2828 plenus
1360 2753 1425 2828 spe
1449 2732 1632 2806 Jobannes
1658 2729 1850 2826 magnani-

678 2873 761 2925 mus
791 2851 1000 2947 properavit
1028 2851 1075 2926 ad
1105 2853 1369 2948 lmperatorem
1405 2852 1848 2947 constantinopolitanum,

677 2971 783 3046 cuius
809 2991 869 3046 res
893 2971 1085 3066 agebatur,
1112 2972 1199 3066 quia
1224 2972 1378 3048 Carolus
1397 2973 1475 3069 jam
1507 2993 1641 3068 magna
1673 2973 1789 3046 classe
1812 2978 1850 3046 et

678 3110 878 3165 numeroso
903 3090 1067 3166 exercitu
1095 3091 1292 3187 imperium
1319 3092 1400 3167 eius
1425 3093 1576 3188 parabat
1602 3091 1789 3185 invadere,
1811 3098 1850 3166 et

677 3210 848 3306 sperabat
872 3209 1045 3305 aulerre;
1080 3209 1163 3285 ideo
1196 3210 1379 3286 Jobannes
1412 3210 1459 3286 de
1492 3211 1659 3287 babenda
1693 3211 1848 3306 pecunia

676 3330 794 3404 lactus
810 3349 976 3423 securus,
993 3329 1041 3404 ad
1058 3350 1185 3426 regem
1203 3329 1416 3426 bragonum
1434 3337 1490 3405 est
1508 3351 1690 3425 reversus,
1708 3337 1847 3406 etcum

677 3449 738 3524 illo
763 3449 979 3544 composuit,
1007 3471 1053 3524 ne
1079 3451 1231 3525 Carolus
1256 3451 1392 3544 aliquid
1417 3451 1679 3547 suspicaretur,
1697 3457 1738 3524 ut
1753 3471 1794 3526 se
1810 3451 1848 3525 in

678 3568 834 3654 Africam
861 3575 988 3643 contra
1015 3570 1272 3668 Carthaginem
1299 3592 1385 3646 cum
1412 3570 1577 3646 exercitu
1598 3571 1692 3646 velle
1708 3571 1762 3646 ire
1778 3570 1848 3645 lin·

677 3696 782 3800 geret
791 3713 801 3783 ;
828 3696 866 3764 et
890 3689 941 3765 sic
965 3691 1165 3766 auxiliares
1190 3691 1439 3766 mercenarios
1463 3698 1501 3767 et
1526 3690 1687 3776 subditos
1716 3691 1848 3766 milites

679 3815 906 3906 procuraret.
922 3813 1020 3905 Papa
1035 3811 1203 3886 omnium
1221 3810 1388 3888 conscius
1408 3813 1603 3907 praestabat
1620 3811 1668 3885 illi
1686 3812 1849 3886 lavorem

679 3931 748 4006 sub
766 3930 850 4004 licto
867 3933 991 4007 colore
1013 3931 1094 4006 lidei
1112 3930 1328 4007 cbristianae.
1349 3931 1450 4027 Rege
1472 3930 1619 4006 tandem
1638 3935 1852 4014 transeunte

680 4071 809 4145 versus
826 4050 996 4146 lllrioam,
1009 4051 1193 4126 Jobannes
1210 4051 1354 4127 rediens
1370 4051 1408 4126 iu
1424 4050 1582 4126 Siciliam
1602 4049 1734 4146 eliecit,
1751 4049 1851 4145 quod

680 4193 739 4248 res
765 4178 866 4247 tanto
892 4172 1017 4246 labore
1042 4179 1080 4246 et
1105 4172 1241 4248 sudore
1260 4179 1435 4268 concepta
1453 4173 1720 4267 produceretur
1737 4171 1774 4245 in
1792 4170 1850 4245 lu·

679 4311 760 4366 cem
793 4298 831 4367 et
862 4296 1022 4387 partum.
1054 4292 1157 4366 Unde
1187 4291 1291 4368 siculi
1325 4293 1568 4388 praeordinata
1597 4291 1656 4367 die
1690 4299 1728 4366 et
1758 4293 1849 4366 bora

678 4433 807 4488 omnes
832 4412 980 4509 gallicos
1006 4411 1254 4488 indifferenter
1280 4413 1511 4489 trucidarunt
1535 4414 1613 4488 sine
1642 4412 1852 4488 misericor·

678 4533 757 4627 dia3
783 4533 897 4608 immo
922 4532 1048 4608 lurore
1070 4533 1271 4609 inhumano
1289 4535 1325 4608 in
1344 4534 1509 4609 nondum
1527 4540 1632 4610 natos
1652 4532 1851 4608 crudeliter

678 4653 869 4729 saevientes
894 4651 1011 4728 scissis
1037 4653 1320 4750 pregnantibus,
1347 4654 1458 4728 loetos
1474 4653 1520 4728 ad
1537 4674 1625 4728 saxa
1647 4653 1850 4746 alliserunt,

679 4793 726 4849 ne
745 4773 870 4848 odiosa
887 4772 939 4848 eis
956 4773 1099 4848 soboles
1117 4780 1322 4868 superesset
1343 4773 1380 4848 iu
1399 4795 1524 4871 regno.
1543 4774 1587 4847 Et
1606 4793 1695 4849 ecce
1719 4773 1850 4848 Petrus

741 5036 769 5099 (¹)
785 5037 816 5087 ll.
831 5037 986 5088 contluuatlr
1000 5037 1098 5089 edictis.
