4342 6692
730 913 870 969 murus
893 910 1088 969 secunous.
1364 844 1368 859 ⁸
1422 900 1491 968 359

319 1058 444 1135 anima
469 1065 564 1133 esset
589 1056 963 1152 motorcompositus
996 1076 1043 1131 en
1077 1055 1203 1132 multis
1235 1056 1432 1131 uirtutibus
1458 1062 1495 1132 et

319 1178 559 1275 potestatibus
575 1176 816 1270 naturalibus,
830 1196 904 1250 non
916 1182 1013 1251 esset
1028 1175 1218 1251 diversitas
1231 1176 1392 1272 partium
1411 1198 1496 1251 cor·
1528 1166 1530 1171 ’

318 1298 416 1396 poris
442 1298 481 1372 in
506 1298 626 1372 torma
650 1302 688 1371 et
713 1296 852 1393 ligura:
878 1294 961 1371 ideo
979 1295 1179 1391 unicuique
1196 1296 1365 1392 potestati
1383 1318 1494 1371 suum

320 1419 511 1516 pmprium
538 1416 731 1514 respondet
755 1436 954 1512 organum,
974 1415 1069 1491 sicut
1091 1417 1186 1493 bene
1209 1416 1347 1492 dictum
1374 1425 1429 1494 est
1450 1419 1496 1495 de

321 1539 430 1615 oculo
455 1539 493 1613 in
518 1536 676 1632 capitulo
701 1535 821 1631 primo
847 1520 1078 1631 precedenti.
1105 1536 1148 1611 Et
1177 1536 1282 1611 dicit:
1309 1560 1328 1611 e
1352 1544 1496 1633 consor-

184 1686 188 1697 ·
323 1664 427 1748 mate,
451 1656 545 1731 sicut
571 1656 739 1731 videmus
764 1656 956 1731 manifeste
984 1656 1022 1730 in
1047 1650 1175 1752 manu,
1196 1679 1280 1752 quae
1306 1664 1361 1733 est
1386 1680 1497 1757 orga-

323 1798 428 1871 num,
461 1778 522 1852 eui
555 1784 688 1853 natura
720 1776 819 1853 dedit
852 1778 988 1851 multos
1019 1784 1057 1853 et
1085 1777 1249 1853 diversos
1281 1779 1423 1876 digitos,
1454 1788 1496 1856 ut

322 1896 461 1973 laceret
480 1899 616 1972 multas
634 1897 867 1992 operationes
886 1896 1090 1972 secundum
1108 1886 1269 1974 diversas
1287 1900 1497 1994 conceptio·
1523 1874 1527 1892 ’

324 2038 389 2093 neu
413 2018 636 2112 intellectus;
662 2017 738 2091 imo
768 2023 901 2091 natura
933 2016 971 2090 in
1001 2016 1153 2092 occultis
1183 2018 1397 2094 mirabiliter
1417 2004 1496 2095 ‘hoc

323 2136 419 2231 lacit,
445 2138 532 2231 quia
559 2136 769 2211 membrum
792 2135 898 2210 virile
915 2136 952 2209 in
969 2136 1120 2211 homine
1135 2128 1273 2233 optime
1289 2139 1497 2215 conforma-

251 2251 254 2255 ⁴
323 2264 386 2331 tur
409 2263 448 2331 et
471 2255 733 2352 correspondet
753 2255 895 2330 matrici
916 2255 1081 2330 mulieris
1102 2256 1138 2329 in
1156 2258 1404 2352 generatione.
1426 2260 1498 2335 'lo-

325 2382 401 2453 tam
428 2376 635 2451 machinam
661 2375 824 2472 corporis
849 2374 1003 2449 humani
1026 2377 1156 2470 pulcre
1172 2376 1343 2453 describit
1359 2379 1498 2454 Tullius

324 2496 486 2573 secundo
511 2496 558 2571 de
583 2501 716 2570 natura
741 2496 915 2571 Deorum.
929 2534 980 2549 -
1000 2491 1106 2570 root.
1133 2496 1198 2572 Hie
1218 2497 1365 2573 Beatrix
1385 2500 1499 2595 tangit

325 2617 488 2693 breviter
513 2621 550 2691 et
578 2614 714 2712 colligit
746 2614 901 2690 virtutes
930 2614 1267 2713 intelligentiarum,
1293 2638 1498 2714 sperarum,

326 2740 571 2835 planetarum,
596 2735 736 2811 diceus:
770 2732 865 2811 Virtd
893 2739 1047 2827 diemo,
1073 2736 1219 2831 scilicet,
1251 2737 1408 2812 aliorum
1439 2758 1499 2813 se·

327 2866 427 2955 ptem
458 2834 657 2951 motorum,
681 2860 724 2951 so
748 2859 890 2930 diversa
917 2860 1011 2949 lepa,
1035 2856 1139 2951 idest,
1166 2858 1433 2954 colligationem
1461 2864 1499 2935 et

327 2978 590 3074 operationem,
622 2979 679 3050 col
701 2979 867 3069 prezioso
897 2996 1020 3068 corpo,
1052 2976 1199 3072 scilieet,
1234 2997 1320 3051 cum
1353 2980 1498 3074 planeta
1580 2998 1584 3005 ’

327 3108 407 3191 suo,
433 3099 483 3171 cl'
497 3100 566 3172 ella
589 3099 730 3189 oooioa,
755 3095 857 3191 idest,
879 3096 978 3189 quod
1002 3116 1136 3191 corpus
1162 3095 1238 3191 ipsa
1264 3096 1381 3172 virtus
1405 3098 1499 3174 vivi·

328 3216 432 3309 licat,
458 3222 495 3293 et
512 3216 657 3293 videtur
674 3216 775 3311 loqui
791 3216 994 3290 secundum
1015 3214 1224 3311 opinionem
1245 3216 1413 3312 Platonis,
1436 3219 1498 3314 qui

327 3337 443 3413 voluit
468 3337 568 3431 quod
593 3341 693 3413 astra
718 3340 839 3411 essent
862 3332 1036 3430 animata,
1054 3334 1115 3409 vel
1131 3336 1290 3430 respexit
1315 3339 1435 3412 solum
1453 3339 1500 3414 ad

326 3454 599 3530 similitudinem
626 3474 740 3550 quam
765 3454 903 3529 lecerat
926 3454 974 3527 de
997 3453 1142 3548 anima3
1173 3455 1271 3530 unde
1286 3449 1324 3549 (¹)
1353 3458 1500 3533 adducit

326 3576 437 3678 aliam
462 3575 774 3671 comparationem
799 3574 847 3649 de
871 3573 1006 3669 anima,
1030 3572 1174 3649 dicens:
1195 3580 1254 3649 net
1272 3580 1386 3668 quate,
1406 3578 1502 3653 scili-

327 3703 387 3773 cet
410 3716 577 3792 corpere,
601 3699 634 3770 si
657 3699 749 3789 lopo,
775 3695 880 3788 idest,
905 3694 1052 3791 ligatur,
1077 3687 1108 3768 si
1138 3716 1233 3769 come
1266 3700 1338 3771 otta
1367 3701 1405 3773 ia
1429 3702 1500 3793 voi,

327 3817 430 3912 idest,
454 3816 549 3892 sicut
573 3815 697 3892 anima
721 3816 760 3889 in
785 3813 887 3890 vebis
912 3814 1121 3889 hominibus
1142 3816 1278 3913 ligatur
1303 3838 1390 3893 cum
1416 3841 1501 3895 cor-

329 3958 436 4034 pore3
463 3936 561 4012 unde
586 3935 726 4011 subdit:
753 3938 790 4009 la
814 3930 908 4009 voto
931 3938 1047 4029 misto,
1075 3935 1178 4030 idest,
1205 3936 1324 4012 uirtus
1349 3940 1500 4015 motoris

324 4057 455 4154 juncta
480 4076 567 4131 cum
593 4055 737 4151 planeta
763 4075 844 4151 suo,
870 4057 944 4128 luce
964 4076 1031 4148 per
1062 4058 1097 4129 lo
1128 4078 1250 4150 corpo,
1275 4058 1370 4133 sicut
1402 4060 1500 4134 lunoe

289 4210 298 4227 ·
330 4176 390 4252 vel
414 4175 566 4250 alterius
590 4174 765 4271 planetae:
791 4180 830 4250 et
853 4177 924 4249 hoc
949 4175 1062 4250 reiert
1086 4175 1133 4252 ad
1158 4178 1316 4273 primam
1336 4198 1500 4275 causam,

329 4296 472 4371 dicens:
495 4316 562 4389 per
578 4298 616 4370 to
631 4302 764 4369 nutura
779 4298 860 4369 lietu
880 4298 971 4369 ouda
989 4298 1125 4389 dalea,
1148 4297 1249 4393 idest,
1268 4306 1416 4395 propter
1434 4321 1501 4376 na-

329 4423 455 4493 turam
481 4421 717 4492 naturantem
743 4436 827 4510 quae
859 4416 957 4491 Deus
989 4422 1055 4511 est,
1082 4418 1146 4511 qui
1172 4425 1227 4493 est
1254 4420 1393 4514 primus
1419 4441 1501 4496 mo-

329 4544 399 4613 tor.
412 4578 462 4593 -
475 4542 533 4610 Do
558 4556 647 4610 essa.
673 4536 739 4610 llic
764 4535 894 4610 ultimo
919 4536 1067 4611 Beatrin
1092 4538 1277 4613 concludit
1305 4540 1503 4636 principale

330 4656 569 4754 propositum,
594 4655 738 4731 dicens:
767 4646 827 4729 ott
851 4656 912 4730 cite
930 4675 1004 4749 por
1028 4658 1207 4751 differente
1223 4662 1272 4733 do
1287 4662 1360 4735 luce
1375 4682 1399 4733 a
1417 4664 1502 4753 luce,

331 4778 433 4872 idest,
459 4776 632 4871 quicquid
655 4774 741 4850 facit
763 4774 1005 4851 differentiam
1032 4782 1071 4850 et
1095 4776 1343 4854 diversitatem
1362 4780 1398 4853 in
1420 4780 1503 4854 uni·

396 5034 423 5099 (ί)
438 5034 471 5086 Β.
484 5034 555 5085 uude
570 5035 632 5087 dicit
646 5035 798 5089 adducendo
812 5036 890 5087 alum
906 5040 1126 5101 comparutionem
1142 5038 1175 5092 de
1190 5040 1275 5091 mima
1294 5040 1349 5092 siet
1365 5042 1407 5093 ml
1421 5043 1504 5107 quau.
