4342 6692
669 899 740 968 lto
1059 908 1264 966 cononum
1288 909 1455 967 rmrorsr

668 1054 747 1131 uuit
772 1054 840 1130 uisi
864 1052 1095 1148 dispensandi
1120 1059 1350 1148 potestatem,
1369 1058 1411 1128 ut
1428 1051 1481 1126 ait
1498 1050 1657 1127 Seuera:
1681 1050 1748 1126 luit
1763 1051 1843 1126 els-

669 1173 914 1254 meutissimus
939 1193 1050 1268 super
1075 1192 1225 1266 omnes3
1245 1172 1345 1247 uode
1361 1171 1500 1248 Tullius
1518 1171 1604 1246 dicit
1620 1191 1709 1246 eom
1726 1171 1841 1247 simil·

667 1295 795 1370 dmum
823 1293 900 1369 Deo
925 1293 962 1368 iu
988 1293 1201 1388 clementio3
1229 1292 1327 1368 uude
1342 1291 1569 1388 Augustinus
1586 1291 1779 1367 indeeimo
1794 1290 1845 1367 ie

667 1415 820 1492 divitaie
837 1412 901 1488 liei
919 1413 1020 1490 dicit:
1039 1413 1173 1489 Gaium
1190 1414 1386 1507 cesarem
1404 1412 1468 1508 qui
1483 1412 1628 1488 dullum
1651 1411 1842 1488 victoriam

553 1631 560 1644 Ι
667 1536 869 1611 clementer
895 1535 1071 1628 exercuit,
1097 1535 1249 1629 quidam
1273 1541 1462 1610 senatores
1487 1535 1557 1608 sub
1583 1534 1706 1628 specie
1730 1533 1843 1608 liber·

670 1654 752 1732 tants
777 1655 1059 1748 interieceruut5
1085 1655 1155 1732 iuri
1178 1653 1518 1750 temperatissimus,
1535 1655 1634 1730 unde
1657 1654 1748 1730 Cato
1774 1655 1841 1728 bo·

667 1775 732 1850 stis
755 1775 918 1872 capitalis
942 1776 1023 1851 eius
1048 1776 1211 1852 dicebat:
1237 1776 1337 1852 solus
1365 1776 1488 1852 Cesar
1517 1775 1663 1852 sobrius
1689 1774 1842 1850 accessit

668 1895 714 1972 ad
741 1895 1007 1992 rempublicam
1033 1896 1284 1973 evertendam.
1310 1896 1564 1993 Magnanimos
1583 1890 1841 1988 bominuml'),

670 2023 711 2092 ut
735 2015 831 2093 bene
855 2017 1012 2092 ostendit
1037 2017 1074 2092 iu
1093 2017 1244 2094 victoria
1261 2016 1455 2092 Thessalia
1478 2023 1516 2090 et
1532 2015 1673 2109 diriore,
1692 2016 1841 2111 quaudo

668 2135 752 2212 iecit
777 2138 935 2212 cremari
957 2137 1080 2216 literas
1103 2137 1275 2231 bostium,
1293 2158 1387 2232 quas
1407 2135 1524 2210 uoluit
1540 2136 1684 2232 legero3
1703 2136 1844 2231 paben-

667 2256 827 2332 tissimus
856 2257 923 2331 luit
956 2257 1124 2332 omnium
1158 2258 1349 2350 laborum;
1377 2255 1617 2352 peritissimus
1641 2253 1843 2350 equitandi,

668 2376 827 2469 natandi,
853 2376 1017 2470 saltandi,
1043 2384 1082 2452 et
1112 2377 1274 2452 breviter
1304 2382 1384 2451 erat
1416 2382 1516 2449 totus
1544 2374 1583 2450 iu
1611 2375 1772 2472 siugulis,
1799 2382 1843 2450 ut
1915 2371 1920 2379 '

670 2495 756 2570 dicit
783 2497 984 2571 Policratus
1008 2495 1195 2592 anglicus:
1214 2496 1341 2570 habuit
1359 2494 1547 2599 ingenium
1564 2501 1602 2570 et
1620 2494 1840 2569 memoriam

673 2637 858 2712 magnam,
879 2617 975 2692 unde
989 2615 1076 2691 nibil
1090 2616 1230 2692 solebat
1245 2615 1419 2709 oblivisci,
1438 2614 1505 2688 nisi
1522 2613 1754 2690 iniuriarum.
1772 2614 1846 2690 Sed

673 2743 774 2812 uerte
799 2737 933 2830 Cesar,
959 2737 1053 2812 sicut
1069 2736 1154 2812 dicit
1170 2736 1294 2810 Livius
1313 2737 1360 2812 de
1380 2735 1591 2829 llauuibale,
1608 2735 1737 2810 babuit
1756 2735 1845 2811 vitiu

671 2858 773 2954 paria
800 2858 997 2934 virtutibus
1024 2857 1176 2954 maguis,
1201 2864 1239 2932 et
1258 2857 1421 2934 maxime
1437 2857 1523 2932 lecit
1542 2857 1658 2930 molta
1676 2854 1845 2931 enormia

672 2976 869 3072 cupiditate
893 2977 1123 3072 dominandi;
1150 2997 1236 3054 uam
1261 2985 1391 3054 contra
1407 2977 1563 3072 patriam
1580 2976 1717 3051 bobum
1736 2975 1845 3050 civile

672 3097 786 3174 movit
819 3119 905 3174 cum
942 3103 1042 3174 tauto
1076 3098 1256 3195 sauguine
1280 3098 1438 3174 citium:
1472 3098 1511 3173 in
1544 3118 1613 3174 suo
1647 3096 1839 3172 consulatu

582 3257 586 3262 ·
670 3217 793 3292 omnia
810 3217 857 3292 ad
873 3216 1067 3292 arbitrium
1086 3217 1170 3292 iecit
1183 3219 1339 3312 expulso
1353 3217 1469 3294 armis
1485 3218 1626 3314 collega
1644 3217 1786 3310 Bibulo,
1806 3222 1843 3291 et

671 3337 771 3434 prius
797 3344 1001 3413 tentaverat
1028 3338 1154 3412 multis
1178 3337 1296 3414 modis
1313 3338 1436 3413 lacere
1454 3338 1615 3433 aliquam
1643 3338 1842 3412 novitatem

671 3457 708 3534 iu
734 3459 828 3532 urbe
853 3464 895 3531 ut
921 3459 1062 3534 veniret
1089 3459 1126 3532 io
1152 3465 1301 3534 statum.
1320 3459 1427 3534 Solus
1444 3459 1512 3534 luit
1527 3457 1698 3534 defensor
1713 3457 1844 3534 cooiu-

673 3584 839 3652 ratorum
853 3577 1032 3653 Catilium:
1050 3579 1219 3654 omnium
1238 3599 1390 3654 reorum
1404 3585 1483 3654 erat
1499 3578 1696 3675 retugium,
1707 3577 1842 3671 diceus,

672 3697 770 3793 quod
797 3697 886 3774 tales
911 3704 1018 3774 eraut
1041 3698 1116 3793 apti
1141 3699 1237 3774 bello
1261 3699 1368 3774 civili.
1395 3698 1455 3773 Bis
1478 3699 1644 3794 spoliavit
1667 3697 1842 3774 aerarium

672 3819 809 3912 Rome,
828 3819 946 3913 primo
967 3819 1232 3912 fraudulenter,
1248 3819 1411 3896 secundo
1428 3818 1627 3894 violenter:
1652 3839 1843 3893 summum

672 3939 917 4015 sacerdotium
939 3941 1029 4016 emit
1055 3961 1190 4037 magno
1208 3940 1348 4035 pretio:
1369 3940 1454 4014 lecit
1469 3960 1511 4014 so
1526 3939 1741 4016 dictatorem
1760 3959 1846 4035 por·

672 4065 839 4154 potuum,
866 4061 991 4154 immo,
1019 4068 1058 4135 ut
1083 4061 1135 4136 ait
1154 4062 1335 4155 Lucanus,
1352 4061 1477 4136 omnia
1493 4061 1616 4136 cesar
1632 4067 1725 4135 erat.
1742 4060 1847 4136 Uudc

671 4179 810 4256 Tullius
834 4180 919 4255 dicit
945 4182 1044 4276 quod
1075 4182 1198 4258 Caesor
1228 4200 1376 4280 semper
1405 4180 1564 4256 babebat
1596 4181 1634 4254 in
1658 4201 1727 4256 oro
1757 4181 1846 4262 lunt

671 4299 810 4374 dictum
845 4301 1023 4396 Euripidis
1057 4309 1175 4397 poetic
1198 4301 1372 4377 Graeciae:
1404 4301 1434 4376 si
1465 4299 1677 4376 violandum
1701 4307 1758 4375 ost
1784 4302 1847 4396 J'us

673 4421 847 4518 regnandi
872 4421 990 4518 gratia
1016 4422 1227 4498 violandum
1258 4428 1335 4515 ost3
1360 4421 1504 4498 ceteris
1535 4421 1648 4497 rebus
1673 4421 1847 4516 pietatem

671 4541 762 4616 cole.
788 4540 1017 4616 Luxuriosus
1043 4541 1111 4618 luit
1136 4541 1260 4636 valde;
1281 4541 1379 4618 uude
1395 4562 1482 4616 cum
1502 4542 1695 4637 Cleopatra
1715 4541 1846 4617 eadem

672 4661 756 4737 navi
773 4661 950 4738 circuibat
962 4661 1353 4758 AEgyptum3nrorom
1365 4661 1528 4757 Pompeii
1546 4661 1847 4757 stuprarituudo

673 4781 868 4877 Pompeius
885 4781 1024 4858 solebat
1037 4772 1075 4875 (²)
1094 4782 1215 4878 ipsum
1232 4803 1368 4859 vocare
1379 4783 1609 4879 AEgistbum3
1625 4790 1665 4858 et
1679 4781 1847 4858 similiter

642 5075 643 5078 ¹
735 5041 763 5108 (¹)
780 5047 803 5104 t,
820 5043 939 5098 omnium
953 5045 1099 5098 bonham
1296 5044 1324 5109 w
1341 5045 1371 5096 lt.
1386 5044 1487 5098 solobrt
1500 5057 1564 5096 oum
1577 5057 1612 5097 ox
1626 5045 1678 5096 boo
1692 5057 1795 5098 rostro.
