<?xml version="1.0" encoding="UTF-8"?>
<!DOCTYPE html PUBLIC "-//W3C//DTD XHTML 1.0 Transitional//EN"
    "http://www.w3.org/TR/xhtml1/DTD/xhtml1-transitional.dtd">
<html xmlns="http://www.w3.org/1999/xhtml" xml:lang="en" lang="en">
 <head>
  <title>
</title>
<meta http-equiv="Content-Type" content="text/html;charset=utf-8" />
  <meta name='ocr-system' content='tesseract 3.04.00' />
  <meta name='ocr-capabilities' content='ocr_page ocr_carea ocr_par ocr_line ocrx_word'/>
</head>
<body>
  <div class='ocr_page' id='page_1' title='image "benevenutideram01lacagoog_0347.png"; bbox 0 0 4342 6692; ppageno 0'>
   <div class='ocr_carea' id='block_1_1' title="bbox 637 901 1497 970">
    <p class='ocr_par' dir='ltr' id='par_1_1' title="bbox 637 901 1497 970">
     <span class='ocr_line' id='line_1_1' title="bbox 637 901 1497 970; baseline 0.001 -3"><span class='ocrx_word' id='word_1_1' title='bbox 637 937 642 944; x_wconf 94' lang='lat'>-</span> <span class='ocrx_word' id='word_1_2' title='bbox 736 912 877 969; x_wconf 83' lang='lat' dir='ltr'><strong>murus</strong></span> <span class='ocrx_word' id='word_1_3' title='bbox 900 911 1095 968; x_wconf 81' lang='lat' dir='ltr'><strong>sneunnus.</strong></span> <span class='ocrx_word' id='word_1_4' title='bbox 1427 901 1497 970; x_wconf 81' lang='lat'><strong>337</strong></span> 
     </span>
    </p>
   </div>
   <div class='ocr_carea' id='block_1_2' title="bbox 323 1050 1499 3312">
    <p class='ocr_par' dir='ltr' id='par_1_2' title="bbox 323 1050 1499 3312">
     <span class='ocr_line' id='line_1_2' title="bbox 325 1050 1498 1152; baseline -0.001 -18"><span class='ocrx_word' id='word_1_5' title='bbox 325 1058 425 1152; x_wconf 83' lang='lat' dir='ltr'><strong>luse3</strong></span> <span class='ocrx_word' id='word_1_6' title='bbox 451 1058 590 1134; x_wconf 88' lang='lat' dir='ltr'><strong>sedhic</strong></span> <span class='ocrx_word' id='word_1_7' title='bbox 607 1064 714 1152; x_wconf 88' lang='lat' dir='ltr'><strong>poeta</strong></span> <span class='ocrx_word' id='word_1_8' title='bbox 732 1078 871 1132; x_wconf 86' lang='lat' dir='ltr'><strong>novum</strong></span> <span class='ocrx_word' id='word_1_9' title='bbox 890 1057 1080 1134; x_wconf 77' lang='lat' dir='ltr'><strong>fabricavit</strong></span> <span class='ocrx_word' id='word_1_10' title='bbox 1096 1057 1281 1132; x_wconf 90' lang='lat' dir='ltr'><strong>inlernum</strong></span> <span class='ocrx_word' id='word_1_11' title='bbox 1294 1050 1331 1150; x_wconf 78' lang='lat'><strong>(⁴)</strong></span> <span class='ocrx_word' id='word_1_12' title='bbox 1350 1079 1498 1133; x_wconf 92' lang='lat' dir='ltr'><strong>summo</strong></span> 
     </span>
     <span class='ocr_line' id='line_1_3' title="bbox 323 1176 1496 1276; baseline -0.003 -23"><span class='ocrx_word' id='word_1_13' title='bbox 323 1177 478 1253; x_wconf 87' lang='lat' dir='ltr'><strong>artificio</strong></span> <span class='ocrx_word' id='word_1_14' title='bbox 504 1176 719 1253; x_wconf 86' lang='lat' dir='ltr'><strong>mirabiliter</strong></span> <span class='ocrx_word' id='word_1_15' title='bbox 743 1177 915 1276; x_wconf 83' lang='lat' dir='ltr'><strong>lingendo</strong></span> <span class='ocrx_word' id='word_1_16' title='bbox 940 1199 1036 1253; x_wconf 88' lang='lat' dir='ltr'><strong>nova</strong></span> <span class='ocrx_word' id='word_1_17' title='bbox 1062 1198 1201 1274; x_wconf 81' lang='lat' dir='ltr'><strong>genera</strong></span> <span class='ocrx_word' id='word_1_18' title='bbox 1222 1178 1496 1273; x_wconf 83' lang='lat' dir='ltr'><strong>suppliciorum.</strong></span> 
     </span>
     <span class='ocr_line' id='line_1_4' title="bbox 323 1297 1499 1394; baseline -0.001 -22"><span class='ocrx_word' id='word_1_19' title='bbox 323 1297 412 1387; x_wconf 83' lang='lat' dir='ltr'><strong>Quis</strong></span> <span class='ocrx_word' id='word_1_20' title='bbox 436 1297 535 1373; x_wconf 92' lang='lat' dir='ltr'><strong>enim</strong></span> <span class='ocrx_word' id='word_1_21' title='bbox 554 1318 720 1392; x_wconf 85' lang='lat' dir='ltr'><strong>unquam</strong></span> <span class='ocrx_word' id='word_1_22' title='bbox 738 1297 880 1393; x_wconf 83' lang='lat' dir='ltr'><strong>punivit</strong></span> <span class='ocrx_word' id='word_1_23' title='bbox 895 1297 1024 1374; x_wconf 88' lang='lat' dir='ltr'><strong>decem</strong></span> <span class='ocrx_word' id='word_1_24' title='bbox 1041 1318 1181 1394; x_wconf 84' lang='lat' dir='ltr'><strong>genera</strong></span> <span class='ocrx_word' id='word_1_25' title='bbox 1201 1298 1387 1373; x_wconf 77' lang='lat' dir='ltr'>fraudium</span> <span class='ocrx_word' id='word_1_26' title='bbox 1405 1298 1499 1373; x_wconf 88' lang='lat' dir='ltr'><strong>sicut</strong></span> 
     </span>
     <span class='ocr_line' id='line_1_5' title="bbox 324 1417 1497 1515; baseline -0.003 -21"><span class='ocrx_word' id='word_1_27' title='bbox 324 1420 426 1515; x_wconf 78' lang='lat' dir='ltr'><strong>ipse?</strong></span> <span class='ocrx_word' id='word_1_28' title='bbox 442 1418 525 1513; x_wconf 87' lang='lat' dir='ltr'><strong>quis</strong></span> <span class='ocrx_word' id='word_1_29' title='bbox 541 1417 729 1514; x_wconf 80' lang='lat' dir='ltr'><strong>descripsit</strong></span> <span class='ocrx_word' id='word_1_30' title='bbox 746 1419 857 1494; x_wconf 87' lang='lat' dir='ltr'><strong>talem</strong></span> <span class='ocrx_word' id='word_1_31' title='bbox 875 1437 1028 1493; x_wconf 82' lang='lat' dir='ltr'><strong>arenam</strong></span> <span class='ocrx_word' id='word_1_32' title='bbox 1046 1419 1294 1493; x_wconf 86' lang='lat' dir='ltr'><strong>violentorum</strong></span> <span class='ocrx_word' id='word_1_33' title='bbox 1315 1439 1401 1493; x_wconf 93' lang='lat' dir='ltr'><strong>cum</strong></span> <span class='ocrx_word' id='word_1_34' title='bbox 1420 1423 1497 1493; x_wconf 86' lang='lat' dir='ltr'><strong>tam</strong></span> 
     </span>
     <span class='ocr_line' id='line_1_6' title="bbox 323 1537 1499 1635; baseline -0.003 -21"><span class='ocrx_word' id='word_1_35' title='bbox 323 1540 476 1614; x_wconf 86' lang='lat' dir='ltr'><strong>diversis</strong></span> <span class='ocrx_word' id='word_1_36' title='bbox 500 1538 643 1634; x_wconf 83' lang='lat' dir='ltr'><strong>poenisl</strong></span> <span class='ocrx_word' id='word_1_37' title='bbox 663 1545 700 1614; x_wconf 90' lang='lat' dir='ltr'><strong>et</strong></span> <span class='ocrx_word' id='word_1_38' title='bbox 719 1539 804 1614; x_wconf 84' lang='lat' dir='ltr'><strong>talia</strong></span> <span class='ocrx_word' id='word_1_39' title='bbox 822 1540 951 1633; x_wconf 88' lang='lat' dir='ltr'><strong>multa,</strong></span> <span class='ocrx_word' id='word_1_40' title='bbox 969 1555 1054 1633; x_wconf 86' lang='lat' dir='ltr'><strong>quae</strong></span> <span class='ocrx_word' id='word_1_41' title='bbox 1071 1560 1145 1613; x_wconf 95' lang='lat' dir='ltr'><strong>non</strong></span> <span class='ocrx_word' id='word_1_42' title='bbox 1169 1537 1247 1614; x_wconf 90' lang='lat' dir='ltr'><strong>sine</strong></span> <span class='ocrx_word' id='word_1_43' title='bbox 1273 1559 1408 1635; x_wconf 84' lang='lat' dir='ltr'><strong>magna</strong></span> <span class='ocrx_word' id='word_1_44' title='bbox 1425 1537 1499 1612; x_wconf 88' lang='lat' dir='ltr'><strong>uti·</strong></span> 
     </span>
     <span class='ocr_line' id='line_1_7' title="bbox 324 1656 1498 1756; baseline -0.002 -22"><span class='ocrx_word' id='word_1_45' title='bbox 324 1660 425 1735; x_wconf 84' lang='lat' dir='ltr'><strong>litate</strong></span> <span class='ocrx_word' id='word_1_46' title='bbox 442 1666 480 1734; x_wconf 87' lang='lat' dir='ltr'><strong>ct</strong></span> <span class='ocrx_word' id='word_1_47' title='bbox 494 1659 735 1735; x_wconf 76' lang='lat' dir='ltr'><strong>delectatione</strong></span> <span class='ocrx_word' id='word_1_48' title='bbox 750 1658 979 1734; x_wconf 90' lang='lat' dir='ltr'><strong>audientium</strong></span> <span class='ocrx_word' id='word_1_49' title='bbox 997 1659 1159 1754; x_wconf 88' lang='lat' dir='ltr'><strong>quotidie</strong></span> <span class='ocrx_word' id='word_1_50' title='bbox 1180 1659 1381 1756; x_wconf 84' lang='lat' dir='ltr'><strong>leguntur:</strong></span> <span class='ocrx_word' id='word_1_51' title='bbox 1401 1656 1498 1732; x_wconf 89' lang='lat' dir='ltr'><strong>unde</strong></span> 
     </span>
     <span class='ocr_line' id='line_1_8' title="bbox 324 1777 1496 1875; baseline -0.003 -21"><span class='ocrx_word' id='word_1_52' title='bbox 324 1779 455 1854; x_wconf 82' lang='lat' dir='ltr'><strong>inferni</strong></span> <span class='ocrx_word' id='word_1_53' title='bbox 472 1778 565 1854; x_wconf 87' lang='lat' dir='ltr'><strong>lihor</strong></span> <span class='ocrx_word' id='word_1_54' title='bbox 584 1781 666 1875; x_wconf 83' lang='lat' dir='ltr'><strong>plns</strong></span> <span class='ocrx_word' id='word_1_55' title='bbox 682 1778 792 1854; x_wconf 86' lang='lat' dir='ltr'><strong>hahet</strong></span> <span class='ocrx_word' id='word_1_56' title='bbox 808 1780 909 1874; x_wconf 85' lang='lat' dir='ltr'><strong>artis,</strong></span> <span class='ocrx_word' id='word_1_57' title='bbox 928 1788 970 1854; x_wconf 88' lang='lat' dir='ltr'><strong>ut</strong></span> <span class='ocrx_word' id='word_1_58' title='bbox 987 1779 1076 1853; x_wconf 94' lang='lat' dir='ltr'><strong>mihi</strong></span> <span class='ocrx_word' id='word_1_59' title='bbox 1101 1777 1257 1854; x_wconf 86' lang='lat' dir='ltr'><strong>videtur.</strong></span> <span class='ocrx_word' id='word_1_60' title='bbox 1276 1779 1369 1853; x_wconf 88' lang='lat' dir='ltr'><strong>Nola</strong></span> <span class='ocrx_word' id='word_1_61' title='bbox 1386 1777 1496 1852; x_wconf 88' lang='lat' dir='ltr'><strong>etiam</strong></span> 
     </span>
     <span class='ocr_line' id='line_1_9' title="bbox 325 1899 1498 1995; baseline -0.003 -21"><span class='ocrx_word' id='word_1_62' title='bbox 325 1900 424 1995; x_wconf 79' lang='lat' dir='ltr'><strong>quod</strong></span> <span class='ocrx_word' id='word_1_63' title='bbox 448 1920 547 1994; x_wconf 87' lang='lat' dir='ltr'><strong>aqua</strong></span> <span class='ocrx_word' id='word_1_64' title='bbox 571 1921 685 1994; x_wconf 84' lang='lat' dir='ltr'><strong>quam</strong></span> <span class='ocrx_word' id='word_1_65' title='bbox 710 1905 822 1974; x_wconf 87' lang='lat' dir='ltr'><strong>autor</strong></span> <span class='ocrx_word' id='word_1_66' title='bbox 845 1920 944 1974; x_wconf 89' lang='lat' dir='ltr'><strong>nuno</strong></span> <span class='ocrx_word' id='word_1_67' title='bbox 964 1900 1084 1995; x_wconf 91' lang='lat' dir='ltr'><strong>primo</strong></span> <span class='ocrx_word' id='word_1_68' title='bbox 1101 1899 1255 1974; x_wconf 82' lang='lat' dir='ltr'><strong>assumit</strong></span> <span class='ocrx_word' id='word_1_69' title='bbox 1274 1917 1498 1994; x_wconf 89' lang='lat' dir='ltr'><strong>percurren-</strong></span> 
     </span>
     <span class='ocr_line' id='line_1_10' title="bbox 325 2019 1498 2115; baseline -0.003 -21"><span class='ocrx_word' id='word_1_70' title='bbox 325 2019 410 2094; x_wconf 90' lang='lat' dir='ltr'><strong>dam</strong></span> <span class='ocrx_word' id='word_1_71' title='bbox 444 2026 501 2096; x_wconf 91' lang='lat' dir='ltr'><strong>est</strong></span> <span class='ocrx_word' id='word_1_72' title='bbox 529 2020 810 2115; x_wconf 81' lang='lat' dir='ltr'><strong>profundissima</strong></span> <span class='ocrx_word' id='word_1_73' title='bbox 840 2020 1007 2094; x_wconf 94' lang='lat' dir='ltr'><strong>omnium</strong></span> <span class='ocrx_word' id='word_1_74' title='bbox 1037 2041 1236 2114; x_wconf 85' lang='lat' dir='ltr'><strong>aquarum,</strong></span> <span class='ocrx_word' id='word_1_75' title='bbox 1268 2026 1309 2094; x_wconf 88' lang='lat' dir='ltr'><strong>ut</strong></span> <span class='ocrx_word' id='word_1_76' title='bbox 1342 2025 1498 2095; x_wconf 86' lang='lat' dir='ltr'><strong>testatur</strong></span> 
     </span>
     <span class='ocr_line' id='line_1_11' title="bbox 324 2139 1497 2236; baseline 0.001 -22"><span class='ocrx_word' id='word_1_77' title='bbox 324 2141 562 2236; x_wconf 77' lang='lat' dir='ltr'><strong>Augustinus.</strong></span> <span class='ocrx_word' id='word_1_78' title='bbox 594 2141 723 2215; x_wconf 85' lang='lat' dir='ltr'><strong>lludivi</strong></span> <span class='ocrx_word' id='word_1_79' title='bbox 759 2147 883 2215; x_wconf 84' lang='lat' dir='ltr'><strong>tamen</strong></span> <span class='ocrx_word' id='word_1_80' title='bbox 918 2139 1096 2234; x_wconf 87' lang='lat' dir='ltr'><strong>quosdam</strong></span> <span class='ocrx_word' id='word_1_81' title='bbox 1133 2139 1294 2216; x_wconf 83' lang='lat' dir='ltr'><strong>ridenter</strong></span> <span class='ocrx_word' id='word_1_82' title='bbox 1324 2139 1497 2234; x_wconf 84' lang='lat' dir='ltr'><strong>dicentes,</strong></span> 
     </span>
     <span class='ocr_line' id='line_1_12' title="bbox 326 2259 1497 2356; baseline 0.001 -23"><span class='ocrx_word' id='word_1_83' title='bbox 326 2259 425 2352; x_wconf 85' lang='lat' dir='ltr'><strong>quod</strong></span> <span class='ocrx_word' id='word_1_84' title='bbox 450 2259 643 2356; x_wconf 82' lang='lat' dir='ltr'><strong>theologia,</strong></span> <span class='ocrx_word' id='word_1_85' title='bbox 669 2259 738 2333; x_wconf 90' lang='lat' dir='ltr'><strong>nisi</strong></span> <span class='ocrx_word' id='word_1_86' title='bbox 765 2259 930 2334; x_wconf 89' lang='lat' dir='ltr'><strong>moderni</strong></span> <span class='ocrx_word' id='word_1_87' title='bbox 962 2259 1122 2355; x_wconf 81' lang='lat' dir='ltr'><strong>theologi</strong></span> <span class='ocrx_word' id='word_1_88' title='bbox 1154 2259 1400 2335; x_wconf 82' lang='lat' dir='ltr'><strong>admiscerent</strong></span> <span class='ocrx_word' id='word_1_89' title='bbox 1429 2259 1497 2334; x_wconf 90' lang='lat' dir='ltr'><strong>sihi</strong></span> 
     </span>
     <span class='ocr_line' id='line_1_13' title="bbox 327 2377 1498 2474; baseline 0.001 -22"><span class='ocrx_word' id='word_1_90' title='bbox 327 2377 604 2474; x_wconf 84' lang='lat' dir='ltr'><strong>philosophiam,</strong></span> <span class='ocrx_word' id='word_1_91' title='bbox 623 2384 696 2453; x_wconf 84' lang='lat' dir='ltr'><strong>tota</strong></span> <span class='ocrx_word' id='word_1_92' title='bbox 714 2384 828 2453; x_wconf 83' lang='lat' dir='ltr'><strong>staret</strong></span> <span class='ocrx_word' id='word_1_93' title='bbox 851 2378 889 2451; x_wconf 94' lang='lat' dir='ltr'><strong>in</strong></span> <span class='ocrx_word' id='word_1_94' title='bbox 909 2399 1025 2474; x_wconf 85' lang='lat' dir='ltr'><strong>parvo</strong></span> <span class='ocrx_word' id='word_1_95' title='bbox 1044 2377 1138 2452; x_wconf 89' lang='lat' dir='ltr'><strong>libro</strong></span> <span class='ocrx_word' id='word_1_96' title='bbox 1162 2379 1266 2474; x_wconf 83' lang='lat' dir='ltr'><strong>parvi</strong></span> <span class='ocrx_word' id='word_1_97' title='bbox 1291 2377 1408 2473; x_wconf 86' lang='lat' dir='ltr'><strong>pretii.</strong></span> <span class='ocrx_word' id='word_1_98' title='bbox 1427 2377 1498 2453; x_wconf 83' lang='lat' dir='ltr'><strong>Sed</strong></span> 
     </span>
     <span class='ocr_line' id='line_1_14' title="bbox 325 2496 1499 2595; baseline -0.002 -23"><span class='ocrx_word' id='word_1_99' title='bbox 325 2497 556 2595; x_wconf 81' lang='lat' dir='ltr'><strong>indignanter</strong></span> <span class='ocrx_word' id='word_1_100' title='bbox 574 2498 776 2594; x_wconf 77' lang='lat' dir='ltr'><strong>respondeo</strong></span> <span class='ocrx_word' id='word_1_101' title='bbox 798 2497 898 2592; x_wconf 88' lang='lat' dir='ltr'><strong>quod</strong></span> <span class='ocrx_word' id='word_1_102' title='bbox 924 2496 1033 2572; x_wconf 87' lang='lat' dir='ltr'><strong>nimis</strong></span> <span class='ocrx_word' id='word_1_103' title='bbox 1054 2497 1286 2593; x_wconf 85' lang='lat' dir='ltr'><strong>impudenter</strong></span> <span class='ocrx_word' id='word_1_104' title='bbox 1311 2497 1499 2573; x_wconf 90' lang='lat' dir='ltr'><strong>mentiun-</strong></span> 
     </span>
     <span class='ocr_line' id='line_1_15' title="bbox 327 2617 1497 2713; baseline -0.002 -21"><span class='ocrx_word' id='word_1_105' title='bbox 327 2624 401 2712; x_wconf 91' lang='lat' dir='ltr'><strong>tur,</strong></span> <span class='ocrx_word' id='word_1_106' title='bbox 418 2617 593 2713; x_wconf 86' lang='lat' dir='ltr'><strong>qnoniam</strong></span> <span class='ocrx_word' id='word_1_107' title='bbox 620 2618 657 2693; x_wconf 94' lang='lat' dir='ltr'><strong>in</strong></span> <span class='ocrx_word' id='word_1_108' title='bbox 682 2618 784 2692; x_wconf 90' lang='lat' dir='ltr'><strong>nulla</strong></span> <span class='ocrx_word' id='word_1_109' title='bbox 803 2619 953 2694; x_wconf 86' lang='lat' dir='ltr'><strong>scientia</strong></span> <span class='ocrx_word' id='word_1_110' title='bbox 971 2619 1157 2694; x_wconf 85' lang='lat' dir='ltr'><strong>invenitur</strong></span> <span class='ocrx_word' id='word_1_111' title='bbox 1176 2624 1250 2692; x_wconf 87' lang='lat' dir='ltr'><strong>tam</strong></span> <span class='ocrx_word' id='word_1_112' title='bbox 1274 2618 1497 2693; x_wconf 91' lang='lat' dir='ltr'><strong>immensum</strong></span> 
     </span>
     <span class='ocr_line' id='line_1_16' title="bbox 324 2737 1497 2833; baseline -0.003 -19"><span class='ocrx_word' id='word_1_113' title='bbox 324 2739 511 2833; x_wconf 80' lang='lat' dir='ltr'><strong>volumen,</strong></span> <span class='ocrx_word' id='word_1_114' title='bbox 529 2739 624 2813; x_wconf 91' lang='lat' dir='ltr'><strong>sicut</strong></span> <span class='ocrx_word' id='word_1_115' title='bbox 648 2738 762 2813; x_wconf 89' lang='lat' dir='ltr'><strong>Bihlia</strong></span> <span class='ocrx_word' id='word_1_116' title='bbox 788 2737 825 2813; x_wconf 94' lang='lat' dir='ltr'><strong>in</strong></span> <span class='ocrx_word' id='word_1_117' title='bbox 849 2759 953 2815; x_wconf 88' lang='lat' dir='ltr'><strong>sacra</strong></span> <span class='ocrx_word' id='word_1_118' title='bbox 980 2738 1151 2830; x_wconf 83' lang='lat' dir='ltr'><strong>scientia3</strong></span> <span class='ocrx_word' id='word_1_119' title='bbox 1169 2737 1244 2811; x_wconf 92' lang='lat' dir='ltr'><strong>imo</strong></span> <span class='ocrx_word' id='word_1_120' title='bbox 1262 2737 1355 2812; x_wconf 85' lang='lat' dir='ltr'><strong>lortc</strong></span> <span class='ocrx_word' id='word_1_121' title='bbox 1372 2737 1409 2810; x_wconf 89' lang='lat' dir='ltr'><strong>in</strong></span> <span class='ocrx_word' id='word_1_122' title='bbox 1426 2755 1497 2810; x_wconf 83' lang='lat' dir='ltr'><strong>cae-</strong></span> 
     </span>
     <span class='ocr_line' id='line_1_17' title="bbox 325 2856 1495 2935; baseline -0.002 -3"><span class='ocrx_word' id='word_1_123' title='bbox 325 2858 413 2933; x_wconf 84' lang='lat' dir='ltr'><strong>teris</strong></span> <span class='ocrx_word' id='word_1_124' title='bbox 437 2858 670 2934; x_wconf 81' lang='lat' dir='ltr'><strong>facoltatibus</strong></span> <span class='ocrx_word' id='word_1_125' title='bbox 703 2880 777 2933; x_wconf 95' lang='lat' dir='ltr'><strong>non</strong></span> <span class='ocrx_word' id='word_1_126' title='bbox 806 2858 992 2934; x_wconf 89' lang='lat' dir='ltr'><strong>invenitur</strong></span> <span class='ocrx_word' id='word_1_127' title='bbox 1021 2868 1145 2935; x_wconf 87' lang='lat' dir='ltr'><strong>tantus</strong></span> <span class='ocrx_word' id='word_1_128' title='bbox 1174 2877 1353 2932; x_wconf 91' lang='lat' dir='ltr'><strong>numerus</strong></span> <span class='ocrx_word' id='word_1_129' title='bbox 1382 2856 1495 2930; x_wconf 90' lang='lat' dir='ltr'><strong>libro·</strong></span> 
     </span>
     <span class='ocr_line' id='line_1_18' title="bbox 326 2975 1497 3073; baseline -0.002 -21"><span class='ocrx_word' id='word_1_130' title='bbox 326 2997 425 3070; x_wconf 87' lang='lat' dir='ltr'><strong>rum,</strong></span> <span class='ocrx_word' id='word_1_131' title='bbox 449 2984 611 3073; x_wconf 87' lang='lat' dir='ltr'><strong>quantus</strong></span> <span class='ocrx_word' id='word_1_132' title='bbox 635 2979 672 3052; x_wconf 93' lang='lat' dir='ltr'><strong>in</strong></span> <span class='ocrx_word' id='word_1_133' title='bbox 696 2978 818 3052; x_wconf 87' lang='lat' dir='ltr'><strong>divina</strong></span> <span class='ocrx_word' id='word_1_134' title='bbox 843 2977 1036 3073; x_wconf 84' lang='lat' dir='ltr'><strong>scriptura.</strong></span> <span class='ocrx_word' id='word_1_135' title='bbox 1060 2977 1148 3067; x_wconf 87' lang='lat' dir='ltr'><strong>Quis</strong></span> <span class='ocrx_word' id='word_1_136' title='bbox 1183 2976 1280 3052; x_wconf 92' lang='lat' dir='ltr'><strong>enim</strong></span> <span class='ocrx_word' id='word_1_137' title='bbox 1311 2982 1432 3072; x_wconf 92' lang='lat' dir='ltr'><strong>posset</strong></span> <span class='ocrx_word' id='word_1_138' title='bbox 1460 2975 1497 3050; x_wconf 91' lang='lat' dir='ltr'><strong>in</strong></span> 
     </span>
     <span class='ocr_line' id='line_1_19' title="bbox 326 3095 1497 3194; baseline -0.002 -24"><span class='ocrx_word' id='word_1_139' title='bbox 326 3095 399 3172; x_wconf 80' lang='lat' dir='ltr'><strong>vita</strong></span> <span class='ocrx_word' id='word_1_140' title='bbox 424 3102 567 3172; x_wconf 84' lang='lat' dir='ltr'><strong>tantum</strong></span> <span class='ocrx_word' id='word_1_141' title='bbox 598 3099 734 3194; x_wconf 78' lang='lat' dir='ltr'><strong>legere,</strong></span> <span class='ocrx_word' id='word_1_142' title='bbox 767 3104 948 3193; x_wconf 86' lang='lat' dir='ltr'><strong>quantum</strong></span> <span class='ocrx_word' id='word_1_143' title='bbox 978 3097 1204 3194; x_wconf 77' lang='lat' dir='ltr'><strong>Augustinus</strong></span> <span class='ocrx_word' id='word_1_144' title='bbox 1233 3096 1407 3190; x_wconf 86' lang='lat' dir='ltr'><strong>scrihere,</strong></span> <span class='ocrx_word' id='word_1_145' title='bbox 1433 3095 1497 3190; x_wconf 89' lang='lat' dir='ltr'><strong>qui</strong></span> 
     </span>
     <span class='ocr_line' id='line_1_20' title="bbox 325 3216 1498 3312; baseline 0 -20"><span class='ocrx_word' id='word_1_146' title='bbox 325 3216 424 3293; x_wconf 87' lang='lat' dir='ltr'><strong>circa</strong></span> <span class='ocrx_word' id='word_1_147' title='bbox 448 3217 548 3292; x_wconf 94' lang='lat' dir='ltr'><strong>mille</strong></span> <span class='ocrx_word' id='word_1_148' title='bbox 572 3217 760 3292; x_wconf 85' lang='lat' dir='ltr'><strong>volumina</strong></span> <span class='ocrx_word' id='word_1_149' title='bbox 792 3217 912 3312; x_wconf 82' lang='lat' dir='ltr'><strong>edidit,</strong></span> <span class='ocrx_word' id='word_1_150' title='bbox 943 3218 1010 3293; x_wconf 81' lang='lat' dir='ltr'><strong>elsi</strong></span> <span class='ocrx_word' id='word_1_151' title='bbox 1047 3239 1122 3292; x_wconf 92' lang='lat' dir='ltr'><strong>non</strong></span> <span class='ocrx_word' id='word_1_152' title='bbox 1152 3217 1293 3292; x_wconf 84' lang='lat' dir='ltr'><strong>iecisset</strong></span> <span class='ocrx_word' id='word_1_153' title='bbox 1323 3217 1391 3291; x_wconf 93' lang='lat' dir='ltr'><strong>nisi</strong></span> <span class='ocrx_word' id='word_1_154' title='bbox 1417 3237 1498 3298; x_wconf 88' lang='lat' dir='ltr'><strong>ma·</strong></span> 
     </span>
    </p>
   </div>
   <div class='ocr_carea' id='block_1_3' title="bbox 198 3337 1498 3555">
    <p class='ocr_par' dir='ltr' id='par_1_3' title="bbox 198 3337 1498 3555">
     <span class='ocr_line' id='line_1_21' title="bbox 198 3337 1498 3436; baseline 0.001 -24"><span class='ocrx_word' id='word_1_155' title='bbox 198 3427 203 3432; x_wconf 76' lang='lat'>.</span> <span class='ocrx_word' id='word_1_156' title='bbox 326 3358 444 3436; x_wconf 76' lang='lat' dir='ltr'><strong>gnum</strong></span> <span class='ocrx_word' id='word_1_157' title='bbox 469 3339 645 3414; x_wconf 85' lang='lat' dir='ltr'><strong>volumen</strong></span> <span class='ocrx_word' id='word_1_158' title='bbox 662 3360 774 3434; x_wconf 92' lang='lat' dir='ltr'><strong>snper</strong></span> <span class='ocrx_word' id='word_1_159' title='bbox 790 3337 1034 3414; x_wconf 82' lang='lat' dir='ltr'><strong>Psalteriuml</strong></span> <span class='ocrx_word' id='word_1_160' title='bbox 1052 3344 1095 3411; x_wconf 93' lang='lat' dir='ltr'><strong>ut</strong></span> <span class='ocrx_word' id='word_1_161' title='bbox 1111 3337 1199 3411; x_wconf 94' lang='lat' dir='ltr'><strong>nihil</strong></span> <span class='ocrx_word' id='word_1_162' title='bbox 1216 3337 1335 3412; x_wconf 88' lang='lat' dir='ltr'><strong>dicam</strong></span> <span class='ocrx_word' id='word_1_163' title='bbox 1351 3337 1399 3412; x_wconf 92' lang='lat' dir='ltr'><strong>de</strong></span> <span class='ocrx_word' id='word_1_164' title='bbox 1415 3337 1498 3413; x_wconf 85' lang='lat' dir='ltr'><strong>Ori·</strong></span> 
     </span>
     <span class='ocr_line' id='line_1_22' title="bbox 323 3455 1495 3555; baseline 0 -21"><span class='ocrx_word' id='word_1_165' title='bbox 323 3478 422 3555; x_wconf 80' lang='lat' dir='ltr'><strong>gene</strong></span> <span class='ocrx_word' id='word_1_166' title='bbox 447 3457 511 3552; x_wconf 89' lang='lat' dir='ltr'><strong>qui</strong></span> <span class='ocrx_word' id='word_1_167' title='bbox 535 3458 653 3533; x_wconf 87' lang='lat' dir='ltr'><strong>molta</strong></span> <span class='ocrx_word' id='word_1_168' title='bbox 674 3458 786 3532; x_wconf 91' lang='lat' dir='ltr'><strong>millia</strong></span> <span class='ocrx_word' id='word_1_169' title='bbox 807 3457 903 3552; x_wconf 83' lang='lat' dir='ltr'><strong>lecit,</strong></span> <span class='ocrx_word' id='word_1_170' title='bbox 925 3465 963 3534; x_wconf 91' lang='lat' dir='ltr'><strong>et</strong></span> <span class='ocrx_word' id='word_1_171' title='bbox 986 3456 1033 3532; x_wconf 91' lang='lat' dir='ltr'><strong>de</strong></span> <span class='ocrx_word' id='word_1_172' title='bbox 1056 3456 1137 3531; x_wconf 87' lang='lat' dir='ltr'><strong>aliis</strong></span> <span class='ocrx_word' id='word_1_173' title='bbox 1162 3455 1319 3531; x_wconf 86' lang='lat' dir='ltr'><strong>infinitis.</strong></span> <span class='ocrx_word' id='word_1_174' title='bbox 1340 3457 1385 3530; x_wconf 82' lang='lat' dir='ltr'><strong>lit</strong></span> <span class='ocrx_word' id='word_1_175' title='bbox 1408 3457 1495 3551; x_wconf 85' lang='lat' dir='ltr'><strong>qnia</strong></span> 
     </span>
    </p>
   </div>
   <div class='ocr_carea' id='block_1_4' title="bbox 324 3575 1499 4875">
    <p class='ocr_par' dir='ltr' id='par_1_4' title="bbox 324 3575 1499 4875">
     <span class='ocr_line' id='line_1_23' title="bbox 327 3575 1498 3674; baseline 0 -22"><span class='ocrx_word' id='word_1_176' title='bbox 327 3584 450 3674; x_wconf 83' lang='lat' dir='ltr'><strong>posset</strong></span> <span class='ocrx_word' id='word_1_177' title='bbox 480 3578 562 3671; x_wconf 85' lang='lat' dir='ltr'><strong>quis</strong></span> <span class='ocrx_word' id='word_1_178' title='bbox 587 3597 777 3671; x_wconf 71' lang='lat' dir='ltr'><strong>quaerere:</strong></span> <span class='ocrx_word' id='word_1_179' title='bbox 804 3577 903 3653; x_wconf 87' lang='lat' dir='ltr'><strong>nudo</strong></span> <span class='ocrx_word' id='word_1_180' title='bbox 932 3578 1032 3652; x_wconf 85' lang='lat' dir='ltr'><strong>venit</strong></span> <span class='ocrx_word' id='word_1_181' title='bbox 1057 3577 1123 3652; x_wconf 89' lang='lat' dir='ltr'><strong>tihi</strong></span> <span class='ocrx_word' id='word_1_182' title='bbox 1155 3577 1309 3652; x_wconf 84' lang='lat' dir='ltr'><strong>audacia</strong></span> <span class='ocrx_word' id='word_1_183' title='bbox 1341 3575 1498 3652; x_wconf 88' lang='lat' dir='ltr'><strong>intrandi</strong></span> 
     </span>
     <span class='ocr_line' id='line_1_24' title="bbox 326 3698 1496 3794; baseline 0.003 -23"><span class='ocrx_word' id='word_1_184' title='bbox 326 3698 432 3773; x_wconf 83' lang='lat' dir='ltr'><strong>istam</strong></span> <span class='ocrx_word' id='word_1_185' title='bbox 466 3718 640 3794; x_wconf 84' lang='lat' dir='ltr'><strong>magnam</strong></span> <span class='ocrx_word' id='word_1_186' title='bbox 671 3701 836 3792; x_wconf 77' lang='lat' dir='ltr'><strong>aquam?</strong></span> <span class='ocrx_word' id='word_1_187' title='bbox 867 3698 1062 3793; x_wconf 83' lang='lat' dir='ltr'><strong>respondet</strong></span> <span class='ocrx_word' id='word_1_188' title='bbox 1093 3704 1220 3773; x_wconf 86' lang='lat' dir='ltr'><strong>autor:</strong></span> <span class='ocrx_word' id='word_1_189' title='bbox 1256 3698 1343 3792; x_wconf 86' lang='lat' dir='ltr'><strong>quia</strong></span> <span class='ocrx_word' id='word_1_190' title='bbox 1377 3698 1496 3774; x_wconf 85' lang='lat' dir='ltr'><strong>haheo</strong></span> 
     </span>
     <span class='ocr_line' id='line_1_25' title="bbox 324 3816 1496 3914; baseline 0 -22"><span class='ocrx_word' id='word_1_191' title='bbox 324 3817 421 3892; x_wconf 91' lang='lat' dir='ltr'><strong>hona</strong></span> <span class='ocrx_word' id='word_1_192' title='bbox 444 3817 592 3911; x_wconf 79' lang='lat' dir='ltr'><strong>auxilia,</strong></span> <span class='ocrx_word' id='word_1_193' title='bbox 619 3817 766 3911; x_wconf 87' lang='lat' dir='ltr'><strong>scilicet,</strong></span> <span class='ocrx_word' id='word_1_194' title='bbox 791 3817 956 3911; x_wconf 86' lang='lat' dir='ltr'><strong>Palladis,</strong></span> <span class='ocrx_word' id='word_1_195' title='bbox 974 3816 1147 3914; x_wconf 76' lang='lat' dir='ltr'><strong>Apollinis</strong></span> <span class='ocrx_word' id='word_1_196' title='bbox 1167 3822 1205 3892; x_wconf 89' lang='lat' dir='ltr'><strong>ct</strong></span> <span class='ocrx_word' id='word_1_197' title='bbox 1225 3819 1424 3892; x_wconf 86' lang='lat' dir='ltr'><strong>illusarum.</strong></span> <span class='ocrx_word' id='word_1_198' title='bbox 1442 3817 1496 3892; x_wconf 88' lang='lat' dir='ltr'><strong>lld</strong></span> 
     </span>
     <span class='ocr_line' id='line_1_26' title="bbox 325 3936 1497 4033; baseline -0.002 -21"><span class='ocrx_word' id='word_1_199' title='bbox 325 3938 424 4033; x_wconf 87' lang='lat' dir='ltr'><strong>quod</strong></span> <span class='ocrx_word' id='word_1_200' title='bbox 449 3944 504 4014; x_wconf 86' lang='lat' dir='ltr'><strong>est</strong></span> <span class='ocrx_word' id='word_1_201' title='bbox 528 3938 795 4033; x_wconf 79' lang='lat' dir='ltr'><strong>praesciendum</strong></span> <span class='ocrx_word' id='word_1_202' title='bbox 820 3937 931 4032; x_wconf 89' lang='lat' dir='ltr'><strong>quod,</strong></span> <span class='ocrx_word' id='word_1_203' title='bbox 957 3936 1053 4012; x_wconf 88' lang='lat' dir='ltr'><strong>sicut</strong></span> <span class='ocrx_word' id='word_1_204' title='bbox 1081 3943 1182 4033; x_wconf 86' lang='lat' dir='ltr'><strong>patet</strong></span> <span class='ocrx_word' id='word_1_205' title='bbox 1210 3937 1308 4032; x_wconf 87' lang='lat' dir='ltr'><strong>apud</strong></span> <span class='ocrx_word' id='word_1_206' title='bbox 1333 3936 1497 4012; x_wconf 86' lang='lat' dir='ltr'><strong>diversos</strong></span> 
     </span>
     <span class='ocr_line' id='line_1_27' title="bbox 324 4053 1497 4152; baseline -0.004 -19"><span class='ocrx_word' id='word_1_207' title='bbox 324 4064 486 4152; x_wconf 79' lang='lat' dir='ltr'><strong>autores,</strong></span> <span class='ocrx_word' id='word_1_208' title='bbox 505 4056 667 4132; x_wconf 80' lang='lat' dir='ltr'><strong>Minerva</strong></span> <span class='ocrx_word' id='word_1_209' title='bbox 685 4058 754 4131; x_wconf 88' lang='lat' dir='ltr'><strong>luit</strong></span> <span class='ocrx_word' id='word_1_210' title='bbox 772 4056 919 4150; x_wconf 81' lang='lat' dir='ltr'><strong>femina,</strong></span> <span class='ocrx_word' id='word_1_211' title='bbox 937 4056 1045 4130; x_wconf 89' lang='lat' dir='ltr'><strong>cuius</strong></span> <span class='ocrx_word' id='word_1_212' title='bbox 1061 4055 1167 4152; x_wconf 80' lang='lat' dir='ltr'><strong>origo</strong></span> <span class='ocrx_word' id='word_1_213' title='bbox 1186 4053 1311 4152; x_wconf 82' lang='lat' dir='ltr'><strong>ignota</strong></span> <span class='ocrx_word' id='word_1_214' title='bbox 1329 4054 1415 4149; x_wconf 90' lang='lat' dir='ltr'><strong>luit;</strong></span> <span class='ocrx_word' id='word_1_215' title='bbox 1434 4055 1497 4129; x_wconf 88' lang='lat' dir='ltr'><strong>sed</strong></span> 
     </span>
     <span class='ocr_line' id='line_1_28' title="bbox 325 4174 1498 4271; baseline -0.003 -19"><span class='ocrx_word' id='word_1_216' title='bbox 325 4177 419 4252; x_wconf 88' lang='lat' dir='ltr'><strong>dicta</strong></span> <span class='ocrx_word' id='word_1_217' title='bbox 445 4185 500 4252; x_wconf 91' lang='lat' dir='ltr'><strong>est</strong></span> <span class='ocrx_word' id='word_1_218' title='bbox 523 4178 665 4271; x_wconf 86' lang='lat' dir='ltr'><strong>ahsque</strong></span> <span class='ocrx_word' id='word_1_219' title='bbox 694 4182 814 4252; x_wconf 84' lang='lat' dir='ltr'><strong>matre</strong></span> <span class='ocrx_word' id='word_1_220' title='bbox 842 4196 889 4251; x_wconf 84' lang='lat' dir='ltr'><strong>ex</strong></span> <span class='ocrx_word' id='word_1_221' title='bbox 919 4174 1076 4252; x_wconf 90' lang='lat' dir='ltr'><strong>cerebro</strong></span> <span class='ocrx_word' id='word_1_222' title='bbox 1106 4175 1204 4251; x_wconf 83' lang='lat' dir='ltr'><strong>lovis</strong></span> <span class='ocrx_word' id='word_1_223' title='bbox 1235 4182 1320 4250; x_wconf 84' lang='lat' dir='ltr'><strong>nata</strong></span> <span class='ocrx_word' id='word_1_224' title='bbox 1348 4181 1498 4271; x_wconf 88' lang='lat' dir='ltr'><strong>propter</strong></span> 
     </span>
     <span class='ocr_line' id='line_1_29' title="bbox 325 4294 1497 4394; baseline -0.005 -19"><span class='ocrx_word' id='word_1_225' title='bbox 325 4299 406 4375; x_wconf 89' lang='lat' dir='ltr'><strong>eins</strong></span> <span class='ocrx_word' id='word_1_226' title='bbox 430 4298 617 4374; x_wconf 88' lang='lat' dir='ltr'><strong>ooelestem</strong></span> <span class='ocrx_word' id='word_1_227' title='bbox 647 4296 882 4394; x_wconf 81' lang='lat' dir='ltr'><strong>sapientiam3</strong></span> <span class='ocrx_word' id='word_1_228' title='bbox 908 4296 1008 4371; x_wconf 89' lang='lat' dir='ltr'><strong>unde</strong></span> <span class='ocrx_word' id='word_1_229' title='bbox 1036 4303 1074 4372; x_wconf 90' lang='lat' dir='ltr'><strong>et</strong></span> <span class='ocrx_word' id='word_1_230' title='bbox 1103 4301 1232 4372; x_wconf 85' lang='lat' dir='ltr'><strong>vocata</strong></span> <span class='ocrx_word' id='word_1_231' title='bbox 1257 4301 1313 4370; x_wconf 90' lang='lat' dir='ltr'><strong>est</strong></span> <span class='ocrx_word' id='word_1_232' title='bbox 1341 4294 1497 4390; x_wconf 76' lang='lat' dir='ltr'><strong>Athena,</strong></span> 
     </span>
     <span class='ocr_line' id='line_1_30' title="bbox 325 4415 1499 4514; baseline -0.003 -20"><span class='ocrx_word' id='word_1_233' title='bbox 325 4418 429 4513; x_wconf 86' lang='lat' dir='ltr'><strong>idest,</strong></span> <span class='ocrx_word' id='word_1_234' title='bbox 453 4419 680 4497; x_wconf 85' lang='lat' dir='ltr'><strong>immortalis.</strong></span> <span class='ocrx_word' id='word_1_235' title='bbox 706 4419 793 4494; x_wconf 82' lang='lat' dir='ltr'><strong>llaec</strong></span> <span class='ocrx_word' id='word_1_236' title='bbox 816 4438 964 4513; x_wconf 88' lang='lat' dir='ltr'><strong>semper</strong></span> <span class='ocrx_word' id='word_1_237' title='bbox 988 4415 1094 4514; x_wconf 83' lang='lat' dir='ltr'><strong>virgo</strong></span> <span class='ocrx_word' id='word_1_238' title='bbox 1110 4416 1177 4490; x_wconf 89' lang='lat' dir='ltr'><strong>luit</strong></span> <span class='ocrx_word' id='word_1_239' title='bbox 1197 4415 1379 4492; x_wconf 79' lang='lat' dir='ltr'><strong>inventrix</strong></span> <span class='ocrx_word' id='word_1_240' title='bbox 1401 4418 1499 4491; x_wconf 87' lang='lat' dir='ltr'><strong>mul·</strong></span> 
     </span>
     <span class='ocr_line' id='line_1_31' title="bbox 325 4535 1496 4634; baseline -0.003 -19"><span class='ocrx_word' id='word_1_241' title='bbox 325 4545 449 4615; x_wconf 87' lang='lat' dir='ltr'><strong>tarum</strong></span> <span class='ocrx_word' id='word_1_242' title='bbox 469 4540 628 4634; x_wconf 88' lang='lat' dir='ltr'><strong>artium;</strong></span> <span class='ocrx_word' id='word_1_243' title='bbox 651 4559 737 4614; x_wconf 87' lang='lat' dir='ltr'><strong>nam</strong></span> <span class='ocrx_word' id='word_1_244' title='bbox 762 4538 880 4633; x_wconf 91' lang='lat' dir='ltr'><strong>prima</strong></span> <span class='ocrx_word' id='word_1_245' title='bbox 901 4536 1050 4633; x_wconf 89' lang='lat' dir='ltr'><strong>reperiit</strong></span> <span class='ocrx_word' id='word_1_246' title='bbox 1071 4535 1269 4611; x_wconf 87' lang='lat' dir='ltr'><strong>lanificium</strong></span> <span class='ocrx_word' id='word_1_247' title='bbox 1286 4537 1496 4634; x_wconf 82' lang='lat' dir='ltr'><strong>ignoratum</strong></span> 
     </span>
     <span class='ocr_line' id='line_1_32' title="bbox 324 4657 1498 4755; baseline -0.006 -18"><span class='ocrx_word' id='word_1_248' title='bbox 324 4667 433 4737; x_wconf 84' lang='lat' dir='ltr'><strong>antea</strong></span> <span class='ocrx_word' id='word_1_249' title='bbox 458 4661 642 4754; x_wconf 90' lang='lat' dir='ltr'><strong>omnihus,</strong></span> <span class='ocrx_word' id='word_1_250' title='bbox 667 4666 705 4735; x_wconf 88' lang='lat' dir='ltr'><strong>et</strong></span> <span class='ocrx_word' id='word_1_251' title='bbox 735 4679 829 4755; x_wconf 88' lang='lat' dir='ltr'><strong>opus</strong></span> <span class='ocrx_word' id='word_1_252' title='bbox 860 4657 1006 4734; x_wconf 84' lang='lat' dir='ltr'><strong>texendi</strong></span> <span class='ocrx_word' id='word_1_253' title='bbox 1037 4658 1132 4732; x_wconf 91' lang='lat' dir='ltr'><strong>mira</strong></span> <span class='ocrx_word' id='word_1_254' title='bbox 1161 4663 1242 4732; x_wconf 86' lang='lat' dir='ltr'><strong>arte</strong></span> <span class='ocrx_word' id='word_1_255' title='bbox 1274 4657 1480 4752; x_wconf 90' lang='lat' dir='ltr'><strong>composuit</strong></span> <span class='ocrx_word' id='word_1_256' title='bbox 1487 4681 1498 4751; x_wconf 92' lang='lat'>;</span> 
     </span>
     <span class='ocr_line' id='line_1_33' title="bbox 325 4771 1498 4875; baseline -0.007 -18"><span class='ocrx_word' id='word_1_257' title='bbox 325 4771 562 4872; x_wconf 82' lang='lat' dir='ltr'><strong>adinvenit(¹)</strong></span> <span class='ocrx_word' id='word_1_258' title='bbox 593 4777 713 4875; x_wconf 89' lang='lat' dir='ltr'><strong>prima</strong></span> <span class='ocrx_word' id='word_1_259' title='bbox 738 4778 874 4853; x_wconf 88' lang='lat' dir='ltr'><strong>olivam</strong></span> <span class='ocrx_word' id='word_1_260' title='bbox 906 4785 944 4853; x_wconf 88' lang='lat' dir='ltr'><strong>ot</strong></span> <span class='ocrx_word' id='word_1_261' title='bbox 982 4778 1054 4853; x_wconf 94' lang='lat' dir='ltr'><strong>olei</strong></span> <span class='ocrx_word' id='word_1_262' title='bbox 1083 4777 1265 4871; x_wconf 86' lang='lat' dir='ltr'><strong>liquorem</strong></span> <span class='ocrx_word' id='word_1_263' title='bbox 1296 4777 1498 4873; x_wconf 84' lang='lat' dir='ltr'><strong>optimum3</strong></span> 
     </span>
    </p>
   </div>
   <div class='ocr_carea' id='block_1_5' title="bbox 386 4965 1109 5107">
    <p class='ocr_par' dir='ltr' id='par_1_5' title="bbox 386 4965 1109 5107">
     <span class='ocr_line' id='line_1_34' title="bbox 386 4965 929 5030; baseline -0.006 -13"><span class='ocrx_word' id='word_1_264' title='bbox 386 4967 416 5030; x_wconf 86' lang='lat'><strong>(¹)</strong></span> <span class='ocrx_word' id='word_1_265' title='bbox 431 4967 463 5018; x_wconf 83' lang='lat' dir='ltr'><strong>E.</strong></span> <span class='ocrx_word' id='word_1_266' title='bbox 480 4966 612 5016; x_wconf 84' lang='lat' dir='ltr'><strong>lnlernnrn</strong></span> <span class='ocrx_word' id='word_1_267' title='bbox 627 4978 675 5017; x_wconf 86' lang='lat' dir='ltr'><strong>sno</strong></span> <span class='ocrx_word' id='word_1_268' title='bbox 692 4965 801 5016; x_wconf 76' lang='lat' dir='ltr'><strong>artillcio</strong></span> <span class='ocrx_word' id='word_1_269' title='bbox 816 4977 929 5016; x_wconf 84' lang='lat' dir='ltr'><strong>summo.</strong></span> 
     </span>
     <span class='ocr_line' id='line_1_35' title="bbox 388 5041 1109 5107; baseline -0.028 0"><span class='ocrx_word' id='word_1_270' title='bbox 388 5045 416 5106; x_wconf 87' lang='lat' dir='ltr'><strong>l¹l</strong></span> <span class='ocrx_word' id='word_1_271' title='bbox 431 5043 464 5096; x_wconf 79' lang='lat' dir='ltr'><strong>B.</strong></span> <span class='ocrx_word' id='word_1_272' title='bbox 480 5043 609 5096; x_wconf 72' lang='lat' dir='ltr'><strong>sdinnnlt</strong></span> <span class='ocrx_word' id='word_1_273' title='bbox 623 5043 702 5095; x_wconf 74' lang='lat' dir='ltr'><strong>ellam</strong></span> <span class='ocrx_word' id='word_1_274' title='bbox 719 5044 803 5107; x_wconf 75' lang='lat' dir='ltr'><strong>prlms</strong></span> <span class='ocrx_word' id='word_1_275' title='bbox 819 5043 916 5095; x_wconf 78' lang='lat' dir='ltr'><strong>olium</strong></span> <span class='ocrx_word' id='word_1_276' title='bbox 930 5045 959 5093; x_wconf 76' lang='lat' dir='ltr'><strong>el</strong></span> <span class='ocrx_word' id='word_1_277' title='bbox 974 5041 1071 5093; x_wconf 86' lang='lat' dir='ltr'><strong>olonm.</strong></span> <span class='ocrx_word' id='word_1_278' title='bbox 1106 5079 1109 5084; x_wconf 93' lang='lat'><em>.</em></span> 
     </span>
    </p>
   </div>
   <div class='ocr_carea' id='block_1_6' title="bbox 457 5145 1366 5195">
    <p class='ocr_par' dir='ltr' id='par_1_6' title="bbox 457 5145 1366 5195">
     <span class='ocr_line' id='line_1_36' title="bbox 457 5145 1366 5195; baseline -0.008 0"><span class='ocrx_word' id='word_1_279' title='bbox 457 5150 495 5195; x_wconf 77' lang='lat' dir='ltr'><strong>lv.</strong></span> <span class='ocrx_word' id='word_1_280' title='bbox 1338 5145 1366 5188; x_wconf 68' lang='lat'><strong>22</strong></span> 
     </span>
    </p>
   </div>
   <div class='ocr_carea' id='block_1_7' title="bbox 0 0 2178 6692">
    <p class='ocr_par' dir='ltr' id='par_1_7' title="bbox 0 0 2178 6692">
     <span class='ocr_line' id='line_1_37' title="bbox 0 0 2178 6692; baseline 0 0"><span class='ocrx_word' id='word_1_281' title='bbox 0 0 2178 6692; x_wconf 95' lang='lat' dir='ltr'><strong> </strong></span> 
     </span>
    </p>
   </div>
  </div>
 </body>
</html>
