4342 6692
637 933 776 989 caurus
802 935 993 990 vrunsruus
1018 935 1212 990 snconnus.
1460 918 1507 988 25

336 1076 417 1152 dico
443 1077 521 1172 luit,
546 1079 708 1151 datione
733 1081 792 1152 circ
820 1083 1018 1170 Gioocnule,
1045 1079 1109 1173 qui
1134 1079 1202 1153 luit
1227 1084 1334 1175 poeta
1359 1085 1506 1176 satyrus

336 1195 382 1270 de
407 1195 562 1292 Aquino,
585 1220 742 1295 magnus
766 1201 926 1294 moralis,
944 1204 1071 1275 ducere
1087 1203 1145 1272 nel
1159 1200 1264 1273 umbo
1280 1202 1506 1294 deltinscrno

336 1323 394 1389 tra
419 1321 492 1410 noi,
516 1317 619 1412 idest,
647 1320 740 1394 inter
766 1327 890 1414 poetas
910 1341 1071 1416 paganos
1105 1320 1274 1412 illustres,
1300 1319 1506 1413 dequibus

335 1436 473 1512 dictum
500 1445 556 1514 est
579 1440 711 1514 Inferni
738 1441 897 1535 capitulo
922 1441 994 1534 llll,
1020 1445 1058 1515 et
1082 1441 1225 1514 dicetur
1249 1440 1287 1513 in
1312 1440 1381 1514 hoc
1407 1439 1506 1534 capi-

336 1550 461 1650 tulo(¹)
477 1560 587 1654 paulo
603 1558 708 1662 inira,
722 1562 781 1632 cle
795 1563 842 1633 mi
854 1565 891 1656 sc
904 1564 1022 1652 potere
1038 1564 1074 1633 te
1094 1568 1153 1634 tun
1166 1563 1332 1654 apertori,
1343 1580 1454 1653 quam
1466 1549 1503 1652 (¹)

336 1675 496 1751 habebas
515 1697 603 1774 erga
623 1698 693 1753 me.
715 1680 759 1752 Et
776 1679 834 1753 hic
855 1686 939 1754 nota
958 1679 1057 1774 quod
1074 1680 1186 1774 aliqui
1204 1669 1391 1773 dicuntl³),
1406 1678 1505 1772 quod

336 1801 443 1892 poeta
469 1805 602 1873 noster¹
618 1799 763 1873 videtur
780 1799 837 1873 hic
858 1821 1012 1894 errasse,
1030 1800 1182 1875 dicendo
1204 1800 1301 1894 quod
1320 1798 1505 1875 luvenalis

335 1917 404 1990 luit
419 1906 454 2010 (⁴)
482 1925 653 1992 mortuus
678 1925 764 1993 ante
788 1919 956 2014 Statium,
976 1940 1063 1993 cum
1090 1921 1158 1993 hoo
1183 1921 1229 1993 sit
1253 1920 1396 2013 falsum,
1418 1919 1504 2014 quia

337 2039 521 2114 iuvenalis
546 2038 630 2113 iacit
647 2039 871 2114 mentionem
889 2047 926 2114 ct
943 2040 1297 2115 commendationem
1315 2040 1362 2115 de
1378 2039 1504 2134 Statio,

337 2160 476 2254 utiam
502 2159 575 2232 dixi
601 2160 759 2254 capitulo
785 2161 1015 2254 precedenti.
1034 2160 1235 2235 Dicendum
1262 2168 1317 2236 est
1342 2161 1504 2258 breviter

337 2280 435 2374 quod
459 2279 594 2353 Dentes
620 2299 692 2352 non
717 2279 802 2353 dicit
834 2281 1048 2355 iuvenalem
1075 2280 1187 2354 luisse
1218 2285 1305 2355 ante
1336 2281 1504 2375 Statium,

337 2399 398 2474 sed
438 2400 557 2472 solum
594 2398 694 2492 quod
731 2399 916 2474 luvenalis
949 2400 1194 2474 manifestavit
1232 2400 1299 2474 sibi
1337 2421 1504 2474 amorem

337 2517 438 2595 Statii
465 2539 555 2615 erga
580 2519 782 2616 Virgilium.
813 2521 904 2594 Nam
930 2519 1101 2616 Virgilius
1130 2519 1193 2613 qui
1226 2520 1294 2593 luit
1322 2521 1384 2594 diu
1418 2527 1507 2595 aute

337 2640 492 2716 Statium
512 2660 716 2733 numquam
737 2640 853 2734 potuit
870 2640 995 2715 videre
1012 2659 1099 2714 eum
1122 2641 1179 2714 vel
1196 2661 1289 2735 opus
1309 2641 1400 2734 eius,
1418 2639 1504 2734 quia

339 2761 474 2835 Statius
500 2759 660 2834 moriens
685 2781 758 2834 non
784 2760 848 2833 ivit
872 2760 918 2833 ad
935 2759 1139 2854 inlernum3
1157 2759 1221 2835 sed
1239 2761 1423 2835 luvenalis
1441 2760 1504 2854 qui

341 2880 408 2954 luit
422 2886 501 2974 post
517 2879 672 2953 Statium
692 2879 785 2953 bene
802 2879 889 2953 vidit
906 2899 1018 2974 opera
1035 2878 1153 2972 Statii3
1171 2885 1310 2954 etcum
1330 2881 1365 2953 in
1384 2887 1504 2955 morte

339 3006 528 3092 tamquam
560 3018 723 3094 paganus
754 2998 818 3071 ivit
849 2998 896 3072 ad
929 2999 1084 3072 limbum
1112 2999 1173 3072 ubi
1205 3007 1286 3074 erat
1318 3000 1501 3097 Virgilius,

336 3119 454 3216 potuit
467 3111 505 3211 (⁵)
524 3119 646 3194 dicere
663 3119 820 3214 qualiter
840 3117 986 3213 quidam
1006 3125 1112 3214 poeta
1133 3120 1260 3193 nobilis
1286 3121 1407 3196 luerat
1423 3129 1504 3218 post

336 3241 456 3336 ipsum
482 3260 548 3334 per
574 3241 725 3337 longum
752 3245 908 3334 tempuS,
929 3240 992 3334 qui
1010 3259 1157 3314 summe
1177 3247 1368 3314 amaverat
1384 3248 1422 3316 et
1438 3262 1504 3317 ex-

336 3360 473 3434 tulerat
497 3357 688 3456 Virgilium
704 3349 742 3451 (θ)
767 3365 804 3432 et
829 3379 940 3452 opera
972 3358 1209 3433 eius-Ma.
1243 3359 1307 3434 llic
1333 3359 1505 3455 Virgilius

336 3479 523 3575 praemisso
549 3480 677 3574 pulcro
703 3478 854 3554 exordio
874 3479 958 3553 iacit
975 3478 1185 3574 petitionem
1204 3499 1323 3574 suam,
1344 3486 1381 3554 et
1402 3501 1505 3573 quae-
1573 3567 1576 3574 ,

336 3600 383 3672 rit
408 3619 429 3674 a
455 3599 570 3674 Statio
594 3619 681 3673 cum
707 3597 948 3672 admiratione
965 3597 1011 3672 de
1036 3597 1124 3671 vitio
1149 3598 1187 3670 in
1211 3617 1286 3691 quo
1312 3597 1506 3673 videbatur

335 3720 457 3794 luisse.
484 3719 576 3794 Dicit
601 3739 708 3814 ergo:
736 3723 797 3791 Mc
822 3721 943 3791 dimini
967 3739 1061 3791 come
1078 3721 1243 3791 coartata
1256 3725 1358 3810 poteo
1379 3727 1504 3820 trever

337 3843 435 3914 luooo
461 3843 584 3914 denuo
609 3843 648 3912 ct
670 3861 766 3930 senc,
793 3838 895 3933 idest,
913 3839 1150 3933 capacitatem
1177 3845 1292 3931 tuam,
1310 3859 1396 3913 curn
1415 3860 1505 3913 ava-

339 3961 418 4034 ritia
443 3961 602 4034 multum
629 3960 675 4033 sit
700 3958 844 4033 inimica
870 3958 1072 4052 poetisne
1098 3957 1502 4052 cacodaemones,

337 4080 431 4155 inter
461 4087 597 4155 mutam
626 4079 851 4174 sapientiam,
884 4081 923 4153 di
953 4085 1082 4170 quanto
1110 4082 1195 4173 sorti
1219 4082 1325 4171 pierre
1348 4100 1418 4172 per
1443 4087 1503 4153 trra

337 4221 438 4290 cura,
464 4201 565 4293 idest,
592 4198 727 4272 studio:
755 4205 792 4273 et
817 4198 901 4272 lacit
921 4198 1178 4292 parenthesim,
1199 4197 1339 4272 dicens:
1364 4220 1384 4272 e
1408 4220 1504 4272 come

339 4325 451 4394 emim
477 4323 525 4394 ma·
544 4323 721 4412 pedona,
751 4318 836 4412 quia
862 4318 1115 4393 benevolentia
1138 4339 1185 4393 ex
1212 4338 1309 4392 nunc
1334 4326 1389 4394 est
1414 4340 1504 4394 oon-

337 4461 444 4516 versa
469 4440 507 4513 in
535 4459 659 4514 veram
685 4438 896 4531 amicitiam,
927 4460 964 4511 se
989 4445 1116 4530 troppo
1140 4429 1277 4512 securtd
1302 4441 1506 4530 m'aaarpa

335 4562 508 4655 ilfreao,
539 4558 643 4652 quasi
674 4557 789 4632 dicat:
823 4557 852 4630 si
886 4556 991 4630 nimis
1023 4557 1177 4632 tidenter
1208 4562 1245 4632 ct
1279 4557 1505 4634 familiariter

335 4680 443 4755 luero
469 4680 613 4754 locutus
639 4687 783 4772 tecum,
808 4699 827 4750 c
851 4698 947 4750 come
972 4681 1084 4751 ammo
1107 4681 1203 4750 omni
1226 4683 1507 4772 mecoraptone,

398 4907 425 4970 (¹)
442 4911 496 4966 117,
512 4907 631 4971 prasenti
647 4906 770 4970 capitulo.
858 4902 886 4966 (¹)
902 4903 927 4954 S.
945 4917 1023 4967 quarn
1037 4903 1115 4954 irrites
1131 4917 1193 4968 erga
1208 4903 1261 4954 nie.

397 4983 424 5046 (¹)
440 4989 495 5044 117,
512 4988 610 5034 temere
626 4985 723 5035 dicunt.
858 4981 884 5044 (¹)
901 4983 947 5030 ttr
962 4993 978 5030 e
994 4980 1025 5030 lt.
1042 4980 1131 5032 luerit.

398 5061 472 5126 (¹1⁴8.
489 5062 574 5126 potuit
588 5061 613 5112 ci
628 5061 724 5112 dicere.
858 5058 885 5122 (¹¹)
902 5062 955 5118 117,
972 5069 1074 5122 semper
1091 5057 1229 5123 vurtltum
1244 5062 1272 5108 et
1287 5071 1365 5121 open
1380 5058 1504 5115 ciusdem,
