4342 6692
677 821 723 888 58
1038 829 1243 886 consensuri
1266 828 1484 884 auuornonn

674 982 712 1056 et
737 976 859 1054 redire
876 975 923 1050 ad
940 974 1150 1070 coquinam,
1168 981 1206 1050 et
1231 974 1437 1068 tabernam,
1453 973 1503 1048 ita
1521 993 1621 1050 nunc
1640 995 1738 1072 saepe
1756 974 1846 1050 sub·

671 1095 804 1172 stiueat
829 1097 965 1172 iamem
991 1104 1028 1171 et
1052 1095 1151 1170 sitim
1177 1095 1401 1190 voluntarie3
1428 1095 1527 1170 unde
1551 1094 1636 1170 lacit
1667 1097 1846 1190 colorem,

672 1215 735 1312 qui
761 1215 893 1291 dicitur
918 1215 1109 1308 correctio,
1135 1214 1277 1290 dicens:
1303 1217 1339 1288 io
1364 1217 1442 1288 dico
1463 1236 1558 1308 peno
1588 1239 1606 1289 e
1637 1218 1761 1290 denno
1786 1220 1846 1290 dtr

671 1339 842 1410 solluzzo.
870 1337 913 1410 Et
938 1335 1058 1410 suddit
1083 1335 1293 1411 solatiosam
1309 1356 1457 1432 poenam
1480 1356 1611 1410 eorum
1638 1357 1704 1433 per
1728 1339 1842 1414 devo·

673 1454 850 1532 lissimam
886 1454 1211 1551 comparationem,
1244 1455 1388 1530 diceus:
1420 1452 1481 1529 cirri
1514 1459 1628 1550 quello
1663 1460 1782 1549 ooptto
1813 1462 1846 1534 ci

672 1598 789 1668 mena,
815 1575 1037 1670 multotiens,
1064 1577 1124 1648 au
1137 1576 1280 1666 arbore,
1308 1576 1377 1650 boc
1410 1576 1506 1670 dicit,
1538 1577 1626 1670 quia
1656 1577 1843 1654 invenient

673 1697 783 1774 aliam
808 1697 979 1770 arborem
1006 1695 1044 1768 in
1069 1695 1198 1769 eadem
1225 1695 1296 1788 via,
1324 1704 1365 1769 ut
1394 1697 1531 1792 patebit
1562 1696 1654 1771 inlra
1684 1697 1843 1794 capitulo

673 1816 851 1912 sequenti,
876 1818 935 1888 cte
961 1807 1061 1888 csend
1089 1817 1201 1888 cristo
1218 1818 1297 1888 licto
1316 1837 1341 1888 a
1360 1817 1437 1889 dire
1461 1819 1540 1909 lily,
1571 1817 1607 1890 in
1627 1816 1726 1913 ligno
1753 1838 1842 1892 cru-

672 1936 975 2031 coexistentem,
1002 1938 1145 2028 quoodo
1170 1956 1214 2010 ae
1237 1927 1346 2009 tuno
1370 1957 1437 2008 ron
1462 1938 1499 2010 to
1523 1957 1589 2009 suo
1616 1958 1718 2028 emto,
1739 1936 1843 2032 idest,

671 2056 818 2156 proprio
844 2055 1033 2152 sauguine.
1060 2056 1104 2130 Et
1129 2054 1188 2130 bic
1213 2063 1298 2129 uota
1325 2062 1506 2150 quantum
1537 2057 1763 2150 comparatio
1788 2065 1843 2132 est

670 2177 819 2274 propria
833 2171 883 2269 (¹).
905 2175 1071 2250 Christus
1087 2175 1185 2250 enim
1213 2174 1249 2248 in
1274 2196 1339 2249 ara
1360 2175 1480 2250 crucis
1497 2183 1844 2270 quantumcumque

671 2295 885 2371 afficeretur
909 2315 1038 2370 amare
1054 2287 1090 2388 (¹)
1117 2317 1226 2390 poeua
1257 2297 1449 2391 corporali,
1476 2304 1602 2370 tamen
1626 2297 1709 2370 laete
1733 2296 1842 2374 dixit:

671 2419 747 2510 dely
772 2420 861 2508 lelp,
893 2437 959 2512 pro
999 2415 1119 2492 salute
1153 2422 1287 2490 nostrae
1319 2416 1597 2512 redemptionis3
1627 2417 1676 2490 ita
1708 2417 1842 2492 animae

673 2537 827 2612 istorum
845 2536 1001 2611 dulciter
1018 2536 1233 2610 cruciantur
1250 2536 1287 2609 in
1303 2536 1418 2611 odore
1432 2557 1540 2631 aquas
1557 2542 1595 2610 et
1613 2536 1709 2632 pomi
1724 2537 1843 2632 gratia

674 2678 751 2732 suae
776 2657 993 2731 salvationis.
1021 2658 1065 2730 lit
1091 2658 1160 2731 boc
1185 2655 1352 2731 videmus
1377 2677 1459 2732 esse
1484 2678 1615 2732 verum
1643 2658 1679 2731 in
1704 2679 1843 2755 purga·

673 2778 767 2852 torio
793 2778 935 2872 morali,
967 2777 1053 2872 quia
1083 2780 1196 2851 bomo
1228 2778 1354 2852 volens
1382 2797 1546 2874 purgare
1576 2776 1613 2850 in
1643 2798 1683 2852 se
1713 2779 1842 2852 vitium

671 2898 769 2996 gulas
795 2905 923 2994 sponte
947 2898 1106 2973 abstinet
1137 2919 1160 2972 a
1192 2897 1281 2972 cibis
1310 2904 1347 2972 et
1377 2898 1469 2972 vinis
1501 2898 1644 2994 sapidis,
1674 2899 1843 2994 quamvis

672 3019 840 3094 videatur
865 3019 931 3092 sibi
957 3018 1194 3093 durissimum
1221 3039 1367 3094 cessare
1391 3040 1413 3093 a
1439 3018 1712 3094 delectabilibus
1726 3011 1763 3112 (³)
1784 3041 1844 3094 as-

671 3139 794 3212 suetis.
822 3139 865 3212 Et
892 3138 1045 3213 ulterius
1070 3146 1157 3213 nota
1183 3139 1283 3232 quod
1301 3159 1409 3234 prena
1427 3138 1681 3234 poenitentialis
1705 3140 1742 3214 in
1769 3141 1843 3215 vita

672 3265 727 3336 est
753 3259 870 3354 magis
904 3259 1121 3353 voluntaria,
1149 3259 1235 3354 quia
1265 3267 1320 3334 est
1345 3281 1368 3334 a
1397 3261 1586 3337 voluntate
1617 3260 1821 3356 imperante
1831 3285 1842 3354 ;

672 3378 735 3453 sed
761 3399 868 3473 poeua
899 3377 1101 3474 purgatorii
1135 3386 1190 3453 est
1218 3401 1241 3454 a
1271 3381 1459 3456 voluntate
1490 3381 1725 3474 substineute,
1756 3380 1843 3475 quia

673 3497 880 3573 voluntarie
892 3487 927 3590 (*)
949 3498 1116 3592 tolerant,
1134 3505 1172 3574 et
1188 3520 1275 3575 com
1295 3501 1364 3575 boc
1381 3501 1619 3576 vehementer
1637 3501 1842 3576 desiderant

671 3618 717 3692 ad
739 3617 893 3713 patriam
920 3617 1125 3713 pervenire,
1143 3619 1244 3694 etad
1261 3619 1525 3694 hocauxilium
1547 3626 1673 3716 optant
1688 3622 1736 3694 ab
1748 3620 1840 3695 aliis

748 3743 790 3810 Et
805 3741 840 3810 io
857 3759 881 3810 o
898 3741 955 3812 toi.
977 3739 1047 3813 lsta
1065 3746 1122 3816 est
1138 3740 1245 3814 tertia
1268 3761 1352 3836 pars
1372 3741 1565 3836 generalis,
1583 3741 1621 3814 in
1642 3762 1715 3836 qua
1732 3749 1842 3836 poeta

674 3863 798 3932 noster
822 3864 945 3932 movet
967 3879 1084 3931 unum
1103 3858 1257 3933 dubium
1275 3860 1435 3953 Foresio,
1453 3868 1562 3936 otest
1579 3861 1731 3936 dubium
1751 3861 1841 3938 lale:

672 3976 810 4052 dictum
837 3984 892 4052 est
916 3998 1012 4073 saepe
1047 3979 1145 4054 circa
1171 3979 1386 4074 principium
1413 3980 1523 4054 buius
1548 3981 1628 4055 libri
1656 3980 1691 4054 in
1719 3982 1843 4056 multis

671 4096 759 4172 locis
785 4103 822 4173 et
846 4098 1011 4194 capitulis
1037 4099 1136 4194 quod
1156 4098 1365 4174 differentes
1384 4100 1633 4194 poenitentiam
1655 4101 1702 4174 ad
1718 4108 1844 4176 extre·

673 4239 778 4292 mum
805 4219 933 4292 mortis
958 4225 1054 4294 stant
1080 4219 1234 4315 relegati
1254 4225 1360 4294 extra
1385 4219 1641 4316 purgatorium
1671 4241 1735 4315 per
1761 4228 1843 4296 tan-

673 4338 838 4412 tumdem
875 4339 1073 4434 temporis,
1104 4360 1190 4413 cum
1229 4359 1320 4436 ergo
1358 4346 1466 4434 poeta
1504 4339 1614 4414 sciret
1650 4340 1840 4415 Foresium

671 4456 783 4534 luisse
807 4458 853 4533 de
879 4479 1038 4534 numero
1070 4459 1212 4552 talium,
1238 4459 1370 4534 merito
1401 4458 1554 4554 dubitat,
1579 4465 1617 4534 et
1645 4460 1844 4535 dubitando

671 4579 771 4675 petit,
797 4578 985 4672 quomodo
1009 4585 1096 4654 ante
1121 4585 1267 4676 tempus
1285 4581 1493 4674 pervenerit
1508 4580 1556 4655 ad
1573 4581 1841 4678 purgatorium.

733 4801 761 4865 (¹)
779 4801 809 4853 ll.
827 4803 939 4866 propria.
956 4803 1081 4854 Dominus
1097 4803 1167 4853 enim
1183 4808 1210 4854 el
1225 4805 1375 4867 redemptor
1395 4809 1484 4855 noster
1499 4803 1697 4867 pretiosissimus
1713 4803 1840 4853 Dominus

671 4879 746 4930 lesus
760 4877 876 4929 Christus
892 4880 918 4928 in
935 4892 987 4929 ars.
1303 4878 1332 4942 (¹)
1349 4881 1378 4930 E.
1395 4881 1562 4931 amarissime.

735 4953 761 5010 ι’)
777 4953 808 5003 Ε.
824 4966 838 5004 s
855 4953 1067 5006 delectationibus
1082 4955 1197 5006 namus
1304 4957 1331 5018 (l)
1348 4961 1402 5018 ¹17,
1419 4958 1563 5008 voluntaris
1580 4955 1707 5006 laborant.
