4342 6692
669 890 716 956 tt
1025 903 1231 958 uouunruu
1255 901 1473 958 euncsronu

666 1049 730 1144 qui
754 1048 864 1124 debet
881 1049 953 1145 pati
972 1050 1022 1124 ab
1039 1050 1160 1124 amico
1177 1049 1324 1144 quando
1339 1049 1511 1146 arguitur
1527 1047 1574 1124 de
1591 1047 1717 1145 aliquo
1739 1047 1835 1122 vitio.

666 1170 710 1244 Et
736 1168 857 1244 subdit
882 1168 1068 1263 quomodo
1095 1170 1229 1244 Statius
1261 1189 1303 1245 so
1330 1168 1501 1243 babuerit
1531 1173 1616 1242 actu
1647 1173 1686 1244 et
1711 1169 1837 1261 verbo,

666 1288 812 1364 dicens:
841 1295 954 1385 queste
972 1292 1102 1382 parole
1123 1294 1231 1383 senno
1255 1309 1375 1362 omum
1394 1291 1515 1362 Stozio
1537 1270 1586 1362 un
1601 1309 1694 1380 poco
1719 1309 1744 1361 a
1762 1290 1839 1362 riso

665 1413 772 1502 prim
806 1407 941 1482 Statius
972 1408 1070 1484 enirn
1104 1429 1203 1484 nuuc
1232 1408 1307 1482 risit
1332 1407 1379 1483 de
1409 1427 1540 1482 errore
1563 1407 1713 1503 Virgilii,
1745 1408 1838 1482 sicut

669 1529 803 1602 Dantes
829 1527 905 1602 risit
929 1549 1041 1622 supra
1067 1528 1114 1604 de
1138 1548 1268 1604 errore
1291 1526 1407 1620 Statii,
1439 1549 1458 1599 e
1482 1531 1547 1620 pot
1570 1531 1730 1620 dspose:
1753 1530 1840 1618 ogeri

666 1655 727 1722 tuo
752 1651 810 1722 dir
835 1643 914 1722 m'e'
939 1669 1027 1722 euro
1051 1668 1161 1720 censeo
1194 1651 1359 1737 d’amor,
1390 1647 1493 1739 quasi
1525 1638 1631 1740 dicat,
1663 1647 1836 1741 quicquid

665 1767 766 1842 dicas
791 1773 918 1842 contra
944 1787 1005 1841 me
1030 1768 1148 1842 babeo
1174 1789 1241 1863 pro
1266 1768 1371 1865 signo
1392 1787 1479 1842 caro
1496 1768 1575 1842 veri
1595 1767 1742 1841 amoris.
1761 1763 1838 1842 lloc

666 1887 753 1962 dicit
778 1886 923 1980 Statius,
952 1887 1038 1982 quia
1064 1887 1234 1984 Virgilius
1262 1889 1441 1983 petiverat
1475 1888 1619 1962 veniam
1649 1888 1696 1961 de
1725 1887 1836 1961 nimia

523 2073 528 2087 ,
668 2006 864 2082 securitate
889 2007 1040 2082 dicendi.
1059 2048 1109 2062 -
1138 2014 1346 2082 Veronente.
1377 2009 1450 2094 llic¹
1473 2009 1610 2083 Statius
1640 2008 1785 2103 proprie
1798 2003 1834 2100 (¹)

667 2126 753 2200 iacit
770 2127 974 2201 orationem
992 2149 1119 2220 suam;
1133 2128 1228 2202 etad
1242 2128 1545 2226 magnificandam
1562 2129 1666 2202 istam
1687 2147 1838 2222 respon·

667 2238 807 2320 sionem
839 2247 1029 2322 considera
1063 2254 1202 2340 quauta
1230 2255 1312 2323 arte
1344 2249 1459 2322 utitur
1492 2249 1550 2322 bic
1581 2249 1649 2322 iste
1678 2268 1838 2342 magnus

667 2373 804 2440 orator.
831 2367 923 2440 Nam
950 2369 1119 2464 exemplo
1144 2369 1293 2464 Virgilii,
1314 2376 1353 2442 ut
1376 2368 1542 2442 videatur
1563 2369 1682 2464 ipsum
1700 2368 1834 2442 imitari

669 2487 705 2560 in
730 2488 810 2562 eius
835 2488 1038 2582 praesentia,
1065 2488 1185 2584 primo
1210 2489 1363 2562 assumit
1390 2510 1500 2562 uuam
1528 2489 1723 2563 notabilem
1742 2505 1835 2564 'seu-

672 2608 822 2684 tentiam
849 2629 959 2702 super
978 2631 1050 2703 qua
1067 2609 1194 2683 tundet
1210 2609 1348 2683 dictum
1369 2631 1501 2703 suum;
1519 2616 1556 2684 et
1573 2609 1632 2682 illa
1658 2608 1834 2683 sententia

668 2735 725 2802 est
754 2728 899 2823 propria
916 2719 952 2819 (²)
983 2727 1132 2826 Virgilii.
1165 2728 1256 2803 Dicit
1285 2749 1394 2824 ergo:
1433 2734 1631 2801 Veromerate
1654 2725 1719 2822 piri
1749 2730 1838 2802 uode

558 2833 561 2842 ⁴
666 2851 822 2940 oppotm
856 2869 946 2940 cose,
973 2848 1074 2944 idest,
1100 2856 1277 2944 apparent
1308 2848 1433 2922 multae
1463 2869 1534 2941 res,
1563 2851 1623 2922 obe
1651 2852 1771 2922 donno
1794 2853 1835 2922 ol

669 2967 808 3040 addar
833 2970 931 3061 satra
964 2975 1114 3061 mauro,
1151 2988 1235 3061 quae
1263 2973 1435 3062 praestant
1465 2988 1615 3042 causam
1645 2968 1834 3042 dubitandi

667 3107 755 3161 cum
782 3091 905 3160 tamen
931 3107 1004 3161 non
1029 3087 1100 3160 sint
1118 3106 1207 3161 vere
1222 3086 1448 3180 dubitabiles,
1469 3109 1537 3179 per
1553 3092 1585 3161 le
1601 3109 1683 3160 uere
1708 3091 1835 3179 nogion

667 3209 727 3280 cte
750 3227 817 3280 son
842 3227 998 3302 nasoose,
1024 3206 1110 3300 quia
1137 3206 1374 3302 ignorantur3
1401 3207 1498 3281 unde
1526 3206 1612 3281 dicit
1636 3206 1830 3304 Virgilius:

666 3346 725 3398 res
748 3329 886 3399 animos
910 3329 1086 3416 incognito
1112 3327 1237 3400 turbat
1256 3326 1357 3400 Unde
1379 3333 1464 3401 nota
1483 3326 1581 3419 quod
1609 3328 1724 3402 multa
1750 3347 1835 3420 quae

667 3443 704 3517 iu
729 3463 769 3519 se
794 3465 883 3518 vera
900 3453 986 3519 sunt
1004 3465 1076 3518 non
1095 3446 1299 3521 creduntur
1316 3453 1464 3542 propter
1485 3447 1727 3542 ignorantiam
1745 3467 1837 3521 cau·

667 3585 806 3658 sarum,
832 3565 926 3640 siout
950 3565 1049 3660 quod
1075 3566 1178 3640 navis
1203 3566 1296 3640 mari
1315 3566 1510 3659 tranquillo
1530 3573 1568 3641 et
1589 3566 1683 3639 coelo
1703 3586 1836 3641 sereno

667 3684 787 3758 subito
810 3685 1041 3779 absorbetur,
1068 3694 1105 3760 et
1134 3707 1338 3780 numquam
1365 3686 1411 3760 de
1435 3693 1569 3760 caetero
1594 3693 1764 3780 apparet3
1794 3692 1833 3761 et

667 3802 719 3878 sic
733 3795 769 3896 (³)
798 3805 896 3898 quod
921 3805 1022 3880 Trtus
1050 3806 1134 3882 iacit
1167 3807 1360 3881 vindictam
1392 3807 1438 3880 de
1468 3814 1589 3881 morte
1619 3806 1761 3902 Cbristi,
1795 3814 1837 3883 ut

667 3923 800 3999 dicitur
824 3925 860 3999 in
885 3927 1104 4020 praecedeuti
1129 3926 1300 4022 capitulo,
1326 3927 1425 4020 quod
1457 3933 1582 4002 tamen
1611 3933 1667 4002 est
1691 3926 1834 4001 lalsum.

597 4085 600 4093 =
667 4043 712 4118 ut
736 4045 850 4142 tangit
872 4045 989 4140 ipsum
1008 4066 1177 4120 errorem
1196 4047 1345 4144 Virgilii,
1361 4047 1503 4122 dicens:
1530 4051 1566 4120 lo
1591 4056 1651 4120 tua
1667 4049 1837 4120 elimando

666 4168 713 4238 m'
726 4185 872 4258 down,
902 4166 1004 4262 idest,
1033 4169 1195 4242 affirmat
1224 4153 1262 4242 et
1290 4167 1463 4260 declarat,
1495 4189 1590 4242 esser
1620 4177 1679 4242 tuo
1712 4171 1836 4244 crerier

667 4287 764 4360 cn’io
785 4290 875 4381 sossi
893 4308 1008 4361 auaro
1023 4291 1062 4362 in
1083 4291 1214 4362 laura
1232 4291 1315 4381 rito,
1339 4288 1475 4362 scilicet
1500 4289 1702 4383 temporali,
1721 4311 1832 4364 mun·

518 4491 521 4498 Δ
663 4406 772 4508 dana,
794 4411 893 4502 forse
916 4430 984 4501 per
1009 4411 1123 4501 quella
1146 4411 1283 4483 carun
1307 4411 1434 4483 dou'to
1462 4429 1552 4502 ero,-
1579 4409 1667 4502 quia
1691 4409 1833 4484 inveni-

667 4528 712 4604 sti
737 4549 799 4604 me
824 4529 860 4601 in
885 4529 1024 4604 circulo
1048 4551 1262 4604 avarorum.
1286 4531 1330 4603 lit
1355 4529 1491 4626 detegit
1516 4530 1690 4604 continuo
1715 4529 1834 4624 ipsum

667 4667 845 4741 errorem,
871 4648 1013 4724 diceus:
1050 4670 1094 4722 or
1118 4653 1221 4742 sappi
1244 4651 1468 4722 eb'ooorizio
1488 4654 1529 4743 su
1548 4653 1686 4742 partito
1707 4657 1833 4743 boppo

668 4772 718 4842 du
743 4790 809 4859 nae,
834 4789 900 4864 per
934 4771 1225 4867 prodigalitatem
1252 4769 1415 4844 maxime
1443 4768 1637 4845 distantem
1669 4770 1719 4845 ab
1746 4790 1836 4844 ava-

731 5023 759 5088 (¹)
775 5023 806 5075 Ε.
822 5025 871 5088 pic.
1059 5023 1087 5089 (¹)
1103 5027 1135 5077 lt.
1151 5026 1264 5092 proprie.
1451 5027 1478 5089 (¹)
1495 5031 1549 5086 11⁷,
1565 5027 1640 5078 sicul.
