4342 6692
672 864 722 939 ⁷⁸
1035 880 1239 939 comaron
1264 879 1482 937 rnronrorrn

743 1033 778 1101 ll
799 1048 896 1103 conte
919 1028 943 1103 l'
955 1048 1048 1102 eom.
1074 1029 1146 1102 lsta
1170 1032 1227 1103 ssi
1251 1024 1358 1101 tertia
1389 1043 1475 1122 pars
1499 1021 1682 1121 generalis
1706 1022 1744 1098 in
1769 1034 1844 1119 qne

672 1155 779 1245 poeta
805 1147 1006 1224 revertitur
1029 1148 1076 1223 ad
1102 1146 1328 1241 loquendum
1358 1166 1446 1222 cnm
1471 1145 1631 1239 Forcsio,
1657 1144 1721 1240 qui
1746 1164 1844 1241 praes

672 1264 757 1344 dicit
781 1267 847 1343 sibi
873 1267 996 1364 aliqua
1022 1267 1147 1343 lutura
1173 1268 1210 1340 in
1235 1266 1353 1362 patria
1378 1286 1523 1341 eornm.
1556 1266 1600 1340 lit
1629 1265 1750 1362 primo
1778 1264 1846 1341 de*

672 1388 797 1463 scribit
821 1384 1091 1485 dispositionem
1116 1386 1255 1463 Formii
1272 1406 1339 1483 per
1358 1386 1672 1482 comparationem
1696 1391 1843 1461 contra-¹

673 1508 767 1584 dam
793 1508 1028 1605 praecedenti5
1046 1508 1133 1603 quia
1159 1506 1254 1583 siout
1278 1506 1328 1581 illi
1354 1505 1619 1582 festinaverunt
1644 1518 1844 1600 recessum,

674 1630 739 1725 qui
763 1636 870 1705 erant
895 1634 1072 1723 recentes,
1096 1630 1148 1719 ita
1172 1628 1344 1703 Foreslns
1375 1627 1533 1702 tardarit
1557 1626 1752 1721 incessum,
1779 1626 1844 1721 qul

675 1754 754 1825 erat
779 1750 960 1847 fatigatus.
986 1748 1087 1825 Sicut
1112 1770 1205 1846 ergo
1229 1747 1396 1824 videmos
1416 1746 1516 1842 quod
1541 1748 1578 1822 in
1603 1749 1713 1824 turbs
1739 1748 1845 1825 ltine*

676 1869 836 1944 rantinm
851 1868 1201 1964 terruannorum
1219 1890 1316 1943 unus
1329 1868 1445 1943 lessus
1457 1868 1634 1963 permittit
1644 1868 1734 1944 alios
1746 1888 1843 1964 prae-

674 1989 807 2065 cedere
832 1996 869 2065 et
894 1990 971 2087 ipse
995 1998 1163 2065 remanet
1188 1991 1288 2064 solus
1312 1988 1358 2063 ad
1390 1988 1634 2064 recreandum
1664 1989 1845 2085 spiritum,

674 2116 712 2185 et
736 2110 904 2205 sequitur
929 2110 1036 2206 plene
1053 2108 1320 2185 confabulando
1336 2128 1422 2184 cum
1441 2108 1513 2183 alio
1530 2108 1671 2183 viatore
1690 2109 1846 2205 quinon

674 2236 730 2305 est
753 2231 800 2306 de
826 2232 934 2307 turba
961 2230 1043 2326 illa5
1061 2230 1111 2305 ita
1130 2236 1230 2305 recte
1247 2249 1346 2304 nuno
1363 2228 1447 2304 iacit
1463 2227 1634 2304 Foresins
1652 2249 1847 2305 remanens

675 2368 761 2425 cnm
788 2351 915 2447 Dante,
942 2350 991 2426 ita
1016 2350 1117 2445 quod
1141 2348 1368 2445 comparatio
1392 2346 1730 2443 est'propriissima.
1754 2348 1847 2424 llicit

676 2489 786 2569 ergo:
803 2492 822 2544 c
839 2474 1015 2547 Foresesi
1038 2462 1148 2545 tamid
1163 2478 1353 2563 tropossm
1376 2471 1415 2542 lo
1437 2476 1543 2542 conto
1560 2473 1722 2562 propola,
1738 2470 1848 2567 gulo⁴

676 2611 815 2687 sorum,
843 2592 904 2687 qni
931 2590 1144 2667 efficiuntur
1168 2590 1282 2665 sancti
1315 2610 1382 2685 per
1413 2590 1662 2685 poenitentiam
1698 2610 1845 2685 veram3

677 2732 772 2786 come
797 2716 914 2786 loom
938 2708 1023 2787 clt'e'
1046 2714 1141 2785 lasso
1165 2713 1204 2785 di
1227 2717 1356 2784 trottar
1380 2714 1490 2783 loscio
1514 2713 1634 2784 endor
1650 2714 1687 2785 ln
1702 2727 1846 2804 compca

677 2850 764 2923 pto,
785 2852 898 2924 quem
916 2837 1043 2929 postea
1066 2830 1269 2906 reinveniet
1281 2823 1331 2924 (¹),
1349 2824 1463 2923 florio*
1483 2832 1645 2924 sissoplti
1668 2832 1691 2904 t
1702 2834 1848 2924 offodor

676 2952 734 3025 det
747 2972 863 3043 cosso,
880 2950 982 3047 idest,
1009 2957 1050 3025 ut
1076 2958 1241 3025 resumat
1265 2950 1432 3046 spiritum
1451 2948 1654 3048 fatigatum.
1674 2950 1761 3025 Erat
1777 2972 1849 3026 au-

678 3078 753 3146 tem
779 3070 949 3146 Foresius
974 3071 1092 3145 lessus
1118 3071 1204 3166 quia
1220 3070 1375 3145 allectus
1397 3070 1495 3145 inme
1511 3076 1550 3145 et
1565 3070 1621 3145 siti
1640 3090 1774 3168 magna
1794 3070 1849 3146 lea

677 3199 780 3267 cerat
804 3192 957 3288 longum
983 3212 1194 3266 sermonem
1221 3212 1308 3265 cum
1334 3197 1478 3284 autore,
1498 3189 1548 3265 ita
1571 3190 1670 3285 quod
1696 3189 1756 3265 rix
1781 3212 1849 3288 po-

678 3317 772 3387 terat
798 3310 991 3407 respirare.
1018 3310 1062 3383 Et
1086 3310 1189 3386 dicit:
1216 3334 1235 3384 c
1258 3314 1371 3385 dietm
1394 3331 1489 3383 orceo
1507 3330 1570 3383 sen
1585 3314 1723 3403 ocnioo,
1742 3312 1849 3406 plano

678 3452 799 3527 passu,
825 3432 988 3506 dicendo:
1011 3434 1153 3523 wando
1166 3432 1219 3523 fio
1242 3433 1342 3506 clr’io
1367 3434 1393 3504 ti
1416 3434 1766 3523 avennici-Non.
1783 3432 1850 3507 Hic

681 3556 788 3647 poeta
806 3549 907 3645 ponit
925 3550 1198 3645 responsionem
1213 3542 1251 3643 (²)
1269 3550 1316 3625 ad
1333 3551 1545 3647 petitionem
1564 3550 1711 3647 Foresii,
1728 3559 1852 3628 osten·

638 3756 640 3761 ,
679 3671 769 3748 dens
793 3670 1063 3766 dispositionem
1081 3670 1194 3745 animi
1211 3671 1267 3746 sui
1291 3678 1442 3768 propter
1458 3670 1765 3766 indispositionem
1785 3694 1851 3769 pa·

681 3790 771 3866 triae.
799 3790 901 3866 Unde
926 3791 1030 3866 dicit:
1057 3794 1185 3885 rs'spos'
1199 3795 1236 3865 io
1261 3794 1322 3883 lari,
1347 3790 1493 3884 sedicet,
1510 3791 1679 3868 Foresio:
1706 3798 1786 3866 Non
1807 3814 1851 3867 so

680 3914 846 4005 poentio
870 3916 920 3986 mi
943 3914 1045 4005 vioa;
1070 3912 1166 3987 bene
1192 3910 1288 4006 dicit,
1309 3912 1395 4007 quia
1421 3932 1532 3987 nemo
1557 3918 1631 3986 tam
1657 3911 1761 3987 divos
1785 3911 1852 3988 tra-

682 4030 761 4105 buit
786 4030 950 4107 serentes
963 4022 1001 4124 (³)
1026 4030 1228 4105 crastinum
1255 4036 1297 4104 nt
1321 4030 1432 4126 possit
1456 4030 1524 4105 sibi
1549 4031 1731 4126 polliceri:
1750 4031 1855 4107 mail

681 4154 916 4242 wesarinio,
942 4150 1077 4226 scilicet
1107 4152 1181 4226 lrno
1205 4156 1286 4246 post
1312 4156 1483 4245 mortem,
1508 4172 1582 4226 non
1609 4153 1661 4245 llo
1686 4159 1849 4247 tontosto3

681 4272 784 4367 idest,
810 4291 884 4346 non
909 4270 979 4346 erit
1004 4270 1053 4346 lta
1078 4270 1250 4345 festinum
1277 4273 1377 4346 olr'io
1392 4292 1465 4344 non
1488 4274 1544 4344 sia
1563 4274 1686 4366 priora
1709 4275 1767 4346 col
1788 4294 1853 4346 oo-

680 4393 734 4465 ler
758 4394 833 4466 allo
857 4394 951 4483 moa,
976 4390 1079 4485 idest,
1106 4390 1151 4465 ad
1177 4390 1378 4465 terminum
1408 4398 1446 4467 et
1470 4390 1581 4467 linem
1608 4390 1703 4466 ritae.
1730 4390 1774 4466 Et
1799 4391 1854 4467 lo-

680 4513 808 4607 quitur
833 4518 942 4586 autor
967 4511 1014 4587 ad
1041 4511 1193 4586 modum
1219 4510 1305 4587 boni
1330 4511 1411 4606 riri,
1436 4512 1498 4587 eui
1527 4512 1673 4587 tardum
1708 4511 1854 4587 ridetur

682 4633 789 4727 mori,
803 4631 952 4728 qnando
966 4630 1064 4707 ridet
1076 4630 1337 4706 desolationem
1357 4629 1485 4727 patriae
1501 4631 1665 4706 tutorem
1683 4630 1721 4705 in
1738 4630 1853 4707 brerl.

682 4754 735 4828 lto
760 4752 903 4827 dicebat
930 4758 1031 4827 recte
1055 4752 1145 4825 Cnto
1170 4771 1257 4826 oum
1289 4750 1430 4827 rideret
1460 4752 1583 4847 parari
1615 4751 1710 4826 bella
1735 4751 1854 4827 civilia

745 4922 844 5001 (litt,
861 4939 995 4990 retnramt.
1182 4936 1210 4999 (ἱ)
1227 4944 1283 5000 m,
1300 4940 1495 5003 mmmm
1510 4934 1641 4991 mu·

746 5016 774 5081 (⁸)
790 5016 821 5067 Ε.
836 5015 951 5068 inventes
966 5022 997 5068 nt
1012 5017 1155 5069 crastinum
1170 5017 1218 5067 ,ιω
1235 5017 1314 5080 9⁰⁸³st
1330 5016 1455 5081 mmm
1480 5022 1485 5033 .
