4342 6692
679 906 752 973 376
1069 917 1274 971 counurunr
1299 918 1466 971 ruulnrsr

680 1084 761 1139 ram
785 1064 871 1140 dicit
900 1068 1027 1159 poeta:
1057 1061 1118 1137 illa
1151 1062 1341 1157 Picbarda,
1373 1066 1423 1139 nri
1453 1066 1565 1139 dtso:
1590 1070 1739 1161 perfetta
1765 1069 1850 1155 vim,

678 1186 826 1279 scilicet,
851 1182 1144 1278 contemplativa,
1162 1190 1196 1257 cl
1217 1186 1290 1256 ulto
1306 1186 1441 1277 moto,
1462 1183 1564 1277 idest,
1583 1204 1717 1281 magna
1736 1204 1849 1280 opera

679 1305 879 1399 meritoria,
904 1307 1043 1396 1111111,
1067 1304 1171 1397 idest,
1197 1303 1404 1379 collocatio
1420 1304 1515 1379 ooelo
1538 1305 1574 1378 in
1601 1304 1670 1381 isto
1694 1326 1850 1401 corpore

678 1425 788 1514 lunae,
821 1426 955 1518 dormo,
982 1423 1129 1517 scilicet,
1154 1429 1318 1498 sanctam
1344 1424 1503 1515 Claram,
1525 1418 1587 1515 pto
1616 1446 1672 1519 ru,
1704 1425 1851 1517 scilicet,

677 1544 724 1619 ad
743 1544 921 1618 maiorem
938 1543 1093 1639 gloriam
1107 1564 1220 1637 quam
1235 1563 1297 1618 me
1309 1543 1537 1637 Picbardam,
1550 1546 1693 1617 1111111
1706 1565 1849 1634 nonno,

678 1664 782 1759 idest,
807 1664 986 1761 regulam,
1010 1667 1044 1737 si
1062 1672 1152 1737 veste
1175 1686 1196 1735 1
1220 1666 1311 1757 velo,
1330 1663 1517 1757 sciliceta
1540 1663 1768 1758 monialibus,
1788 1661 1849 1756 oiri

678 1787 737 1857 nel
758 1791 879 1858 vostro
903 1788 1045 1876 mondo,
1070 1784 1217 1878 scilicet,
1243 1783 1401 1877 mortali,
1421 1789 1459 1859 et
1475 1784 1659 1881 praecipue
1678 1786 1716 1859 in
1736 1785 1846 1859 ltalia.

679 1906 790 1981 Beata
815 1926 978 2000 namque
997 1906 1105 1979 Clara
1122 1904 1252 1980 nobilis
1267 1924 1418 2001 genere,
1437 1904 1573 1979 virtute
1597 1912 1635 1980 et
1659 1906 1849 1981 sanctitate

678 2025 898 2101 venerabilis
922 2024 1067 2100 videtur
1092 2044 1270 2121 superare
1298 2024 1388 2098 alias
1419 2032 1564 2099 sanctas
1594 2025 1632 2099 in
1665 2026 1848 2101 vilelicet

680 2165 755 2221 non
771 2145 881 2220 luerit
903 2150 1056 2241 martyr,
1073 2144 1168 2219 sicul
1184 2144 1378 2219 Catborlna
1395 2152 1433 2219 et
1450 2146 1588 2239 multae,
1605 2166 1690 2241 qnae
1712 2167 1848 2243 magna

681 2265 955 2356 materfamilias
979 2265 1090 2339 traxit
1116 2272 1197 2359 post
1221 2284 1262 2339 se
1288 2270 1363 2339 tam
1396 2265 1547 2362 longum
1580 2266 1746 2342 ordinem
1771 2267 1847 2341 vir-

677 2386 818 2483 giuum.
844 2387 889 2459 lit
912 2405 1001 2461 ecce
1017 2406 1169 2460 causam
1191 2384 1350 2478 dualem,
1363 2382 1494 2479 percle*
1515 2390 1547 2459 si
1566 2390 1657 2477 aeoli
1671 2410 1690 2461 1
1706 2390 1848 2479 donno,

678 2506 716 2580 in
741 2506 1058 2600 contemplatione,
1079 2509 1132 2598 fin
1156 2509 1195 2579 ol
1218 2507 1344 2599 morir,
1373 2506 1460 2601 quia
1490 2527 1564 2581 non
1593 2507 1658 2600 qui
1689 2506 1849 2601 1111311-

678 2628 726 2703 rit
739 2620 791 2723 ξ’),
815 2648 883 2701 ooo
907 2630 1020 2719 quedo
1042 2648 1160 2721 sporo,
1192 2626 1336 2719 scilicet,
1369 2627 1530 2720 Christo3
1562 2647 1649 2701 uam
1685 2628 1850 2703 monialis

678 2757 735 2825 est
765 2769 897 2843 sponsa
928 2746 1071 2841 Christi,
1095 2752 1135 2822 et
1158 2748 1210 2821 sio
1242 2747 1345 2841 peius
1375 2754 1431 2823 est
1459 2768 1592 2844 rapere
1622 2749 1681 2823 vel
1711 2748 1850 2823 violare

680 2868 876 2943 monialem
903 2888 1015 2961 quam
1036 2866 1256 2941 maritatam.
1275 2867 1319 2940 Et
1339 2866 1442 2941 dicit:
1458 2870 1602 2959 cb'ooai
1621 2876 1700 2942 voto
1719 2877 1850 2942 accedo
1961 2942 1964 2949 .

677 2992 739 3063 cde
760 2978 888 3079 omitd,
915 2986 1061 3080 scilicet,
1089 2987 1265 3087 voventis,
1291 2992 1477 3085 conformo
1500 3010 1525 3060 α
1548 3010 1613 3063 ruo
1633 2992 1785 3082 placere.
1806 2990 1850 3063 Et

679 3107 732 3183 sic
757 3108 839 3182 vide
863 3107 963 3202 quod
989 3114 1117 3182 votum
1143 3107 1281 3182 lactum
1314 3113 1442 3182 contra
1474 3108 1665 3184 mrilatem
1695 3129 1770 3185 non
1794 3117 1848 3185 ost

677 3228 927 3323 servandum3
951 3226 1046 3302 sicut
1069 3227 1100 3301 si
1134 3227 1191 3302 vir
1223 3233 1357 3303 voveat
1387 3248 1461 3302 non
1496 3228 1651 3305 reddere
1683 3229 1847 3305 debitum

678 3348 799 3442 uxori,
829 3350 888 3423 vel
921 3368 993 3422 non
1023 3346 1124 3442 loqui
1155 3348 1323 3442 proximo
1354 3352 1584 3422 suo-Dol
1612 3352 1753 3423 mondo.
1786 3350 1851 3425 llic

677 3467 865 3561 Picbarda,
879 3467 1067 3561 promissa
1082 3466 1324 3561 descriptione
1340 3468 1458 3543 beatae
1470 3468 1598 3561 ctarae,
1613 3474 1740 3543 narrat
1755 3490 1849 3563 quo-

679 3586 790 3662 modo
809 3586 1000 3661 intraverit
1017 3586 1183 3681 regulam
1202 3586 1293 3681 eins,
1311 3586 1453 3662 dicens:
1471 3606 1542 3685 ego
1563 3588 1753 3683 Picbarda,
1771 3594 1850 3681 oio-

679 3714 825 3797 moeno,
850 3705 954 3799 idest,
977 3706 1101 3800 puella
1125 3703 1261 3780 adultae
1285 3706 1413 3801 aeutis,
1435 3710 1596 3800 [199ιήιί
1619 3710 1684 3783 dol
1706 3712 1848 3800 mondo,

679 3834 819 3925 sponte,
840 3848 908 3920 per
931 3830 1099 3918 sequela,
1118 3826 1220 3920 idest,
1238 3846 1349 3901 causa
1370 3827 1531 3903 sectandi
1551 3829 1664 3903 vitam
1684 3830 1775 3925 eius,
1792 3832 1851 3904 nel

677 3970 743 4023 ruo
766 3948 860 4021 obito
876 3950 926 4020 mi
940 3949 1060 4036 111111,
1077 3946 1140 4020 ubi
1157 3946 1258 4041 prius
1274 3967 1377 4021 eram
1397 3948 1517 4021 soluta
1533 3948 1570 4021 in
1588 3950 1723 4023 seculo
1740 3948 1849 4047 ligavi

679 4091 741 4147 mo
764 4068 943 4166 religioni,
967 4090 988 4141 e
1007 4070 1157 4162 promisi
1179 4071 1217 4141 lo
1242 4070 1301 4141 oio
1324 4070 1417 4141 dello
1446 4088 1512 4142 ruo
1534 4076 1633 4164 setta,
1661 4090 1748 4144 cum
1774 4072 1850 4145 111-

678 4190 811 4279 ctione,
835 4187 1096 4263 deliberatione
1121 4193 1158 4261 11
1183 4188 1377 4282 proposito.
1399 4189 1443 4261 Et
1465 4187 1588 4263 subdit
1606 4189 1763 4283 qualiter
1779 4189 1851 4264 im·

678 4310 841 4407 peditum
866 4316 923 4385 est
946 4315 1076 4385 votum
1103 4306 1194 4400 eius,
1219 4307 1363 4383 dicens:
1388 4312 1520 4383 uombd
1540 4313 1615 4402 poi,
1641 4330 1665 4381 o
1689 4312 1764 4383 mol
1787 4305 1849 4403 pet

676 4431 767 4504 ct'o
790 4430 874 4502 benc
902 4431 967 4520 usi,
1002 4426 1150 4520 scilioot,
1175 4426 1346 4502 dominus
1376 4428 1527 4504 Cursius
1560 4428 1606 4504 de
1636 4430 1784 4504 Donatis
1813 4436 1851 4505 et

677 4550 848 4625 Formius
873 4549 986 4623 irater
1010 4547 1102 4642 eius,
1129 4567 1290 4642 quorum
1313 4549 1407 4623 alter
1431 4556 1601 4624 assuetus
1626 4549 1851 4625 1111111111-

677 4670 749 4764 nio,
775 4668 868 4745 alter
893 4688 983 4743 vero
1007 4667 1118 4763 gulae,
1140 4668 1299 4743 uiolare
1319 4668 1610 4764 patuitoapitulo
1630 4669 1849 4767 Purgatorit,

674 4795 759 4885 [bor
783 4792 832 4863 mi
846 4791 1011 4881 ropiroo,
1029 4807 1091 4862 me
1107 4787 1258 4863 invitam
1285 4794 1323 4863 et
1348 4790 1623 4884 reclamantem,
1639 4792 1732 4863 dello
1752 4793 1849 4864 dolce

683 4958 821 4966 ...—-——

741 5048 769 5113 (¹)
784 5049 815 5100 R
831 5048 973 5113 ΙΜΜί,
989 5048 1034 5101 ld
1050 5049 1097 5112 qul
1112 5051 1324 5113 perornaverit,
1339 5064 1387 5101 cort
1400 5050 1489 5115 rullo.
