4342 6692
750 913 888 969 caurus
912 911 1096 968 surrruus.
1241 939 1247 949 ·
1438 892 1510 964 tot

339 1055 436 1137 unde
451 1055 488 1154 (¹)
518 1061 623 1136 multi
648 1067 685 1136 et
711 1059 835 1157 magni
861 1058 1000 1155 scopuli
1018 1064 1104 1134 sunt
1128 1057 1166 1130 iu
1192 1057 1261 1132 isto
1286 1055 1513 1150 capitulo.-

338 1187 417 1256 Per.
444 1183 549 1256 Nunc
575 1180 723 1258 Beatrix
743 1181 851 1276 juxta
878 1179 1101 1276 promissum
1120 1178 1199 1252 vult
1215 1177 1359 1252 solvere
1376 1182 1511 1251 tactam

339 1302 601 1397 quaestionem;
628 1308 665 1376 et
689 1300 809 1397 primo
834 1297 1021 1396 praemittit
1047 1298 1219 1373 morbum
1247 1306 1289 1371 ut
1313 1295 1513 1391 praereuiat

338 1421 461 1497 debito
485 1421 614 1496 ordine
638 1422 686 1495 ad
711 1419 937 1496 remedium:
959 1425 995 1494 et
1021 1417 1106 1494 dicit
1126 1417 1300 1511 breviter,
1322 1415 1420 1510 quod
1437 1415 1513 1512 pri·

341 1561 425 1616 mus
441 1561 572 1636 parens
590 1539 832 1616 inobedientia
850 1559 915 1614 sua
934 1537 1122 1614 damnarit
1138 1557 1179 1612 se
1199 1545 1237 1613 et
1258 1543 1376 1611 totum
1393 1555 1512 1634 genus

341 1660 558 1734 humanum.
594 1659 686 1734 Dicit
715 1679 829 1756 ergo:
860 1661 966 1750 Quelt
979 1679 1072 1751 com,
1105 1658 1255 1752 scillcet,
1289 1656 1417 1750 Adam,
1451 1658 1513 1732 cle

341 1801 412 1854 non
436 1801 582 1873 nmque,
608 1802 693 1857 uam
720 1781 862 1876 primus
887 1781 998 1855 bomo
1031 1785 1140 1854 natus
1168 1786 1224 1854 est
1254 1797 1323 1856 nec
1352 1778 1400 1854 de
1429 1778 1520 1863 rin>⁸

340 1921 409 1978 nec
434 1903 480 1976 de
506 1902 672 1996 muliere,
700 1901 835 1976 scilicet
857 1901 993 1994 Adam,
1018 1899 1094 1974 imo
1120 1900 1300 1975 formatus
1326 1919 1439 1974 mauu
1456 1897 1512 1973 dt·

340 2024 437 2118 rina,
464 2023 545 2099 ideo
571 2021 765 2120 perfectior
791 2023 907 2118 magis
928 2023 1113 2116 peccavit:
1132 2022 1315 2096 secundus
1333 2024 1513 2095 natusest

339 2141 387 2218 de
400 2143 481 2217 riro
493 2143 572 2216 sine
591 2143 759 2236 muliere,
773 2141 909 2217 scilicet
925 2142 1045 2216 lleva:
1063 2141 1194 2216 tertius
1213 2139 1260 2216 de
1277 2139 1357 2214 viro
1373 2146 1411 2214 et
1427 2159 1513 2212 mu-

340 2261 441 2356 liere,
456 2263 550 2336 sicut
562 2240 684 2336 caeteri
697 2261 1074 2356 concupiscentialiter
1088 2260 1181 2334 nati:
1195 2265 1351 2354 quartus
1371 2258 1417 2334 dc
1429 2279 1515 2331 mu·-

340 2380 430 2456 lierc
450 2381 529 2456 sine
549 2381 689 2456 semiue
709 2381 802 2454 virili
825 2401 891 2476 per
917 2381 1093 2455 virtutem
1115 2378 1336 2475 operationis
1358 2377 1514 2471 Summi,

341 2501 478 2577 scilicet
489 2502 666 2596 Cbristus,
679 2501 743 2596 qui
757 2500 913 2577 redemit
930 2521 1078 2595 omucs3
1093 2492 1213 2575 mund
1226 2507 1311 2575 tutto
1323 2521 1389 2574 suu
1397 2501 1513 2593 prole,

341 2619 433 2696 idest
459 2621 702 2695 successivam
730 2620 993 2716 posteritatem,
1018 2622 1215 2695 dunnundo
1234 2615 1284 2712 σε’,
1301 2617 1388 2714 quia
1414 2618 1511 2694 euim

343 2740 489 2835 spiritus
516 2761 589 2814 uon
614 2741 774 2815 obedivit
799 2741 875 2816 Deo
894 2742 1008 2835 J'usto,
1023 2740 1162 2836 judicio
1187 2739 1252 2815 Dei
1277 2739 1404 2814 babuit
1428 2757 1512 2812 eor·

344 2881 411 2957 pus
437 2860 504 2936 sibi
531 2861 677 2936 rebelle.
703 2861 862 2935 Dederat
887 2860 984 2935 enim
1011 2862 1110 2936 Deus
1141 2861 1278 2934 bomini
1304 2860 1510 2934 libertatem

341 2981 479 3056 arbitrii
508 2987 549 3054 ut
575 2981 678 3056 lieret
702 2981 905 3077 gloriosior,
925 3002 997 3056 non
1022 2982 1218 3076 peccando,
1236 2981 1404 3056 babcudu
1426 3001 1513 3076 pec-

341 3099 446 3175 candi
472 3107 707 3195 potestatem;
734 3100 796 3174 sed
822 3100 897 3195 ipse
923 3101 1097 3174 continuo
1115 3107 1364 3197 transgressus
1385 3107 1441 3176 est
1459 3101 1513 3175 le·

341 3241 426 3316 gem
453 3221 519 3296 sibi
545 3221 687 3315 datam;
711 3220 807 3296 unde
830 3221 934 3294 dicit:
952 3242 1019 3313 per
1039 3241 1113 3294 non
1128 3223 1283 3315 sapide,
1305 3221 1408 3314 idest,
1425 3220 1512 3315 quia

342 3342 458 3417 uoluit
490 3342 562 3436 pati
593 3343 712 3438 legem
730 3333 778 3435 (¹),
810 3344 884 3414 ullu
913 3337 1024 3432 vmtd,
1056 3342 1204 3436 scilicet,
1234 3341 1513 3437 concupiscibili,

340 3463 400 3535 cde
420 3464 519 3535 uuolc
531 3465 649 3556 peno,
667 3461 803 3537 scilicet
829 3461 929 3557 legis,
947 3482 972 3535 a
993 3483 1057 3537 suo
1073 3466 1199 3555 preda
1217 3462 1320 3557 idest,
1336 3463 1383 3538 ad
1402 3483 1513 3537 suum

342 3582 548 3675 proiectum
585 3589 622 3658 et
656 3583 845 3676 meritum,
879 3584 990 3678 quale
1024 3582 1092 3657 luit
1128 3590 1352 3678 praeceptum
1387 3583 1513 3658 datum

262 3711 264 3714 ’
341 3700 428 3775 Adae
460 3722 482 3776 a
508 3702 744 3776 llomiuo.·l⁴]t
779 3702 900 3778 subdit
928 3703 1148 3800 gravitatem
1175 3711 1213 3778 et
1236 3703 1513 3778 diuturnitatem

341 3819 445 3894 istius
471 3823 595 3918 magui
622 3821 752 3912 morbi,
779 3823 826 3897 ad
851 3843 963 3916 quem
991 3843 1064 3896 nou
1089 3823 1189 3896 veuit
1214 3822 1420 3898 remedium
1447 3822 1515 3897 nisi

344 3944 423 4034 post
441 3940 558 4014 multa
577 3941 687 4014 millia
708 3961 903 4015 annorum.
917 3941 970 4015 nd
990 3941 1089 4035 quod
1111 3948 1167 4016 est
1187 3942 1388 4016 notandum
1415 3943 1515 4037 quud

343 4060 425 4137 licet
443 4061 541 4136 Deus
558 4061 768 4156 aprincipio
781 4061 941 4156 potuerit
959 4061 1153 4155 incarnari,
1173 4062 1287 4138 noluit
1305 4069 1430 4137 tamen
1447 4063 1515 4138 uisi

343 4182 380 4254 in
398 4180 471 4256 fine
489 4182 710 4255 saeculorum
728 4181 957 4277 praecedente
975 4181 1056 4277 lege
1073 4188 1218 4255 uaturae
1234 4189 1272 4257 et
1289 4182 1419 4280 figurae
1435 4191 1516 4279 post

344 4303 568 4396 patriarcbas
594 4309 632 4378 et
656 4305 864 4398 propbetas,
889 4302 1023 4397 quibus
1043 4308 1079 4376 et
1097 4323 1163 4396 per
1183 4323 1277 4396 quos
1302 4303 1370 4378 luit
1394 4304 1516 4380 incar·
1660 4365 1663 4374 .

343 4421 442 4497 natio
457 4423 679 4518 repromissa
694 4413 747 4516 (ἧς
766 4429 847 4517 post
863 4442 957 4516 quos
974 4421 1157 4496 incarnari
1174 4421 1417 4518 dignatusest
1435 4430 1516 4498 tau-

342 4561 457 4634 quam
489 4542 667 4618 induem
702 4542 822 4636 ipsum
847 4547 885 4615 et
910 4540 1186 4636 plenitudinem,
1216 4542 1324 4637 Juxta
1356 4543 1513 4618 verbum

342 4663 513 4756 apostoli:
540 4667 632 4737 uenit
661 4665 841 4755 plenitudo
878 4665 1052 4755 temporis.
1086 4662 1216 4736 Nullus
1247 4662 1346 4738 enim
1384 4665 1517 4759 quaerit

345 4783 529 4858 medicum
556 4783 623 4858 nisi
649 4789 844 4879 cognoscat
870 4783 1062 4876 morbum3
1085 4783 1209 4857 nullus
1234 4783 1367 4877 quaerit
1389 4785 1518 4860 docto-

406 4971 433 5035 (¹)
450 4971 480 5021 E.
496 4974 523 5020 et
538 4977 624 5023 tamen
640 4969 727 5021 multi.
903 4970 931 5034 Γ)
947 4970 973 5022 S.
989 4984 1004 5022 e
1020 4975 1044 5032 t,
1060 4971 1146 5036 legem
1162 4971 1210 5023 sibl
1225 4971 1322 5033 dutum
1337 4987 1356 5024 a
1371 4973 1398 5024 le
1412 4973 1491 5026 strui.

410 5045 437 5110 tt
452 5046 483 5097 R
501 5046 633 5109 promum.
