<?xml version="1.0" encoding="UTF-8"?>
<!DOCTYPE html PUBLIC "-//W3C//DTD XHTML 1.0 Transitional//EN"
    "http://www.w3.org/TR/xhtml1/DTD/xhtml1-transitional.dtd">
<html xmlns="http://www.w3.org/1999/xhtml" xml:lang="en" lang="en">
 <head>
  <title>
</title>
<meta http-equiv="Content-Type" content="text/html;charset=utf-8" />
  <meta name='ocr-system' content='tesseract 3.04.00' />
  <meta name='ocr-capabilities' content='ocr_page ocr_carea ocr_par ocr_line ocrx_word'/>
</head>
<body>
  <div class='ocr_page' id='page_1' title='image "benevenutideram01lacagoog_0264.png"; bbox 0 0 4342 6692; ppageno 0'>
   <div class='ocr_carea' id='block_1_1' title="bbox 704 863 1513 934">
    <p class='ocr_par' dir='ltr' id='par_1_1' title="bbox 704 863 1513 934">
     <span class='ocr_line' id='line_1_1' title="bbox 704 863 1513 934; baseline -0.02 0"><span class='ocrx_word' id='word_1_1' title='bbox 704 863 776 934; x_wconf 82' lang='lat' dir='ltr'>aux</span> <span class='ocrx_word' id='word_1_2' title='bbox 1064 866 1268 923; x_wconf 83' lang='lat' dir='ltr'>connnruu</span> <span class='ocrx_word' id='word_1_3' title='bbox 1293 864 1513 923; x_wconf 80' lang='lat' dir='ltr'>eunoanonu</span> 
     </span>
    </p>
   </div>
   <div class='ocr_carea' id='block_1_2' title="bbox 702 1004 1894 5081">
    <p class='ocr_par' dir='ltr' id='par_1_2' title="bbox 702 1004 1894 5081">
     <span class='ocr_line' id='line_1_2' title="bbox 703 1004 1879 1114; baseline -0.006 -21"><span class='ocrx_word' id='word_1_4' title='bbox 703 1024 811 1114; x_wconf 89' lang='lat' dir='ltr'>poeta</span> <span class='ocrx_word' id='word_1_5' title='bbox 837 1016 925 1093; x_wconf 83' lang='lat' dir='ltr'>vidit</span> <span class='ocrx_word' id='word_1_6' title='bbox 950 1014 1009 1090; x_wconf 89' lang='lat' dir='ltr'>bic</span> <span class='ocrx_word' id='word_1_7' title='bbox 1033 1013 1072 1088; x_wconf 93' lang='lat' dir='ltr'>iu</span> <span class='ocrx_word' id='word_1_8' title='bbox 1098 1013 1228 1110; x_wconf 83' lang='lat' dir='ltr'>figura,</span> <span class='ocrx_word' id='word_1_9' title='bbox 1247 1016 1373 1106; x_wconf 88' lang='lat' dir='ltr'>postea</span> <span class='ocrx_word' id='word_1_10' title='bbox 1398 1027 1489 1087; x_wconf 86' lang='lat' dir='ltr'>xero</span> <span class='ocrx_word' id='word_1_11' title='bbox 1505 1006 1542 1082; x_wconf 93' lang='lat' dir='ltr'>iu</span> <span class='ocrx_word' id='word_1_12' title='bbox 1559 1005 1682 1085; x_wconf 84' lang='lat' dir='ltr'>divina</span> <span class='ocrx_word' id='word_1_13' title='bbox 1698 1004 1879 1097; x_wconf 56' lang='lat' dir='ltr'>cneum</span> 
     </span>
     <span class='ocr_line' id='line_1_3' title="bbox 702 1125 1880 1233; baseline -0.008 -17"><span class='ocrx_word' id='word_1_14' title='bbox 702 1138 785 1218; x_wconf 89' lang='lat' dir='ltr'>ideo</span> <span class='ocrx_word' id='word_1_15' title='bbox 810 1137 919 1212; x_wconf 91' lang='lat' dir='ltr'>dicit:</span> <span class='ocrx_word' id='word_1_16' title='bbox 946 1139 1006 1210; x_wconf 82' lang='lat' dir='ltr'>cic</span> <span class='ocrx_word' id='word_1_17' title='bbox 1027 1139 1069 1233; x_wconf 77' lang='lat' dir='ltr'>fo</span> <span class='ocrx_word' id='word_1_18' title='bbox 1092 1137 1143 1226; x_wconf 79' lang='lat' dir='ltr'>pii</span> <span class='ocrx_word' id='word_1_19' title='bbox 1167 1134 1284 1222; x_wconf 69' lang='lat' dir='ltr'>annexa·</span> <span class='ocrx_word' id='word_1_20' title='bbox 1312 1133 1433 1223; x_wconf 80' lang='lat' dir='ltr'>pbiotti</span> <span class='ocrx_word' id='word_1_21' title='bbox 1465 1131 1523 1204; x_wconf 83' lang='lat' dir='ltr'>dat</span> <span class='ocrx_word' id='word_1_22' title='bbox 1549 1149 1613 1203; x_wconf 85' lang='lat' dir='ltr'>suo</span> <span class='ocrx_word' id='word_1_23' title='bbox 1639 1147 1760 1220; x_wconf 83' lang='lat' dir='ltr'>pomo,</span> <span class='ocrx_word' id='word_1_24' title='bbox 1788 1125 1880 1220; x_wconf 77' lang='lat' dir='ltr'>quia</span> 
     </span>
     <span class='ocr_line' id='line_1_4' title="bbox 703 1250 1882 1354; baseline -0.004 -23"><span class='ocrx_word' id='word_1_25' title='bbox 703 1263 905 1354; x_wconf 88' lang='lat' dir='ltr'>pascuntur</span> <span class='ocrx_word' id='word_1_26' title='bbox 934 1256 1058 1330; x_wconf 80' lang='lat' dir='ltr'>fructu</span> <span class='ocrx_word' id='word_1_27' title='bbox 1089 1250 1332 1342; x_wconf 74' lang='lat' dir='ltr'>beatitudinis,</span> <span class='ocrx_word' id='word_1_28' title='bbox 1372 1255 1580 1342; x_wconf 78' lang='lat' dir='ltr'>cperpetxae</span> <span class='ocrx_word' id='word_1_29' title='bbox 1609 1269 1722 1326; x_wconf 75' lang='lat' dir='ltr'>cozzo</span> <span class='ocrx_word' id='word_1_30' title='bbox 1748 1252 1790 1341; x_wconf 87' lang='lat' dir='ltr'>so</span> <span class='ocrx_word' id='word_1_31' title='bbox 1821 1250 1882 1326; x_wconf 71' lang='lat' dir='ltr'>xe!</span> 
     </span>
     <span class='ocr_line' id='line_1_5' title="bbox 704 1367 1877 1472; baseline -0.006 -20"><span class='ocrx_word' id='word_1_32' title='bbox 704 1380 810 1472; x_wconf 79' lang='lat' dir='ltr'>eicio,-</span> <span class='ocrx_word' id='word_1_33' title='bbox 836 1376 922 1471; x_wconf 85' lang='lat' dir='ltr'>quia</span> <span class='ocrx_word' id='word_1_34' title='bbox 948 1381 1150 1451; x_wconf 86' lang='lat' dir='ltr'>vescuntur</span> <span class='ocrx_word' id='word_1_35' title='bbox 1176 1370 1397 1446; x_wconf 69' lang='lat' dir='ltr'>aeternaliter</span> <span class='ocrx_word' id='word_1_36' title='bbox 1420 1369 1552 1446; x_wconf 85' lang='lat' dir='ltr'>talibus</span> <span class='ocrx_word' id='word_1_37' title='bbox 1578 1367 1694 1463; x_wconf 90' lang='lat' dir='ltr'>epuiis</span> <span class='ocrx_word' id='word_1_38' title='bbox 1720 1367 1757 1442; x_wconf 94' lang='lat' dir='ltr'>in</span> <span class='ocrx_word' id='word_1_39' title='bbox 1782 1367 1877 1445; x_wconf 80' lang='lat' dir='ltr'>ooelo</span> 
     </span>
     <span class='ocr_line' id='line_1_6' title="bbox 706 1489 1879 1591; baseline -0.007 -17"><span class='ocrx_word' id='word_1_40' title='bbox 706 1518 781 1574; x_wconf 92' lang='lat' dir='ltr'>non</span> <span class='ocrx_word' id='word_1_41' title='bbox 805 1495 1002 1591; x_wconf 85' lang='lat' dir='ltr'>aliquando</span> <span class='ocrx_word' id='word_1_42' title='bbox 1026 1494 1119 1570; x_wconf 88' lang='lat' dir='ltr'>sicut</span> <span class='ocrx_word' id='word_1_43' title='bbox 1145 1493 1307 1570; x_wconf 89' lang='lat' dir='ltr'>interra</span> <span class='ocrx_word' id='word_1_44' title='bbox 1332 1496 1576 1588; x_wconf 83' lang='lat' dir='ltr'>gustaverunt</span> <span class='ocrx_word' id='word_1_45' title='bbox 1608 1489 1645 1564; x_wconf 93' lang='lat' dir='ltr'>in</span> <span class='ocrx_word' id='word_1_46' title='bbox 1670 1495 1806 1564; x_wconf 84' lang='lat' dir='ltr'>monte.</span> <span class='ocrx_word' id='word_1_47' title='bbox 1833 1490 1879 1570; x_wconf 78' lang='lat' dir='ltr'>Et</span> 
     </span>
     <span class='ocr_line' id='line_1_7' title="bbox 705 1610 1879 1708; baseline -0.005 -16"><span class='ocrx_word' id='word_1_48' title='bbox 705 1617 808 1692; x_wconf 89' lang='lat' dir='ltr'>dicit:</span> <span class='ocrx_word' id='word_1_49' title='bbox 834 1637 853 1688; x_wconf 90' lang='lat' dir='ltr'>e</span> <span class='ocrx_word' id='word_1_50' title='bbox 878 1618 974 1708; x_wconf 70' lang='lat' dir='ltr'>obad,</span> <span class='ocrx_word' id='word_1_51' title='bbox 998 1635 1021 1688; x_wconf 92' lang='lat' dir='ltr'>a</span> <span class='ocrx_word' id='word_1_52' title='bbox 1047 1612 1167 1688; x_wconf 90' lang='lat' dir='ltr'>subito</span> <span class='ocrx_word' id='word_1_53' title='bbox 1194 1611 1397 1708; x_wconf 83' lang='lat' dir='ltr'>splendore,</span> <span class='ocrx_word' id='word_1_54' title='bbox 1423 1610 1517 1685; x_wconf 86' lang='lat' dir='ltr'>sieut</span> <span class='ocrx_word' id='word_1_55' title='bbox 1543 1631 1641 1688; x_wconf 93' lang='lat' dir='ltr'>nunc</span> <span class='ocrx_word' id='word_1_56' title='bbox 1667 1616 1786 1704; x_wconf 89' lang='lat' dir='ltr'>poeta,</span> <span class='ocrx_word' id='word_1_57' title='bbox 1804 1616 1879 1686; x_wconf 86' lang='lat' dir='ltr'>tor-</span> 
     </span>
     <span class='ocr_line' id='line_1_8' title="bbox 707 1728 1876 1829; baseline -0.006 -19"><span class='ocrx_word' id='word_1_58' title='bbox 707 1757 800 1810; x_wconf 78' lang='lat' dir='ltr'>ooro</span> <span class='ocrx_word' id='word_1_59' title='bbox 832 1739 904 1810; x_wconf 83' lang='lat' dir='ltr'>otta</span> <span class='ocrx_word' id='word_1_60' title='bbox 928 1737 1077 1828; x_wconf 84' lang='lat' dir='ltr'>purotn,</span> <span class='ocrx_word' id='word_1_61' title='bbox 1102 1733 1239 1808; x_wconf 86' lang='lat' dir='ltr'>scilicet</span> <span class='ocrx_word' id='word_1_62' title='bbox 1263 1730 1406 1823; x_wconf 83' lang='lat' dir='ltr'>Christi,</span> <span class='ocrx_word' id='word_1_63' title='bbox 1432 1730 1495 1824; x_wconf 86' lang='lat' dir='ltr'>qui</span> <span class='ocrx_word' id='word_1_64' title='bbox 1521 1729 1610 1809; x_wconf 83' lang='lat' dir='ltr'>dixit</span> <span class='ocrx_word' id='word_1_65' title='bbox 1635 1728 1699 1824; x_wconf 87' lang='lat' dir='ltr'>eis,</span> <span class='ocrx_word' id='word_1_66' title='bbox 1725 1729 1876 1829; x_wconf 76' lang='lat' dir='ltr'>surgito,</span> 
     </span>
     <span class='ocr_line' id='line_1_9' title="bbox 706 1849 1878 1948; baseline -0.006 -18"><span class='ocrx_word' id='word_1_67' title='bbox 706 1855 802 1932; x_wconf 86' lang='lat' dir='ltr'>sicut</span> <span class='ocrx_word' id='word_1_68' title='bbox 817 1863 855 1931; x_wconf 86' lang='lat' dir='ltr'>et</span> <span class='ocrx_word' id='word_1_69' title='bbox 872 1875 971 1930; x_wconf 89' lang='lat' dir='ltr'>nuno</span> <span class='ocrx_word' id='word_1_70' title='bbox 988 1855 1164 1930; x_wconf 87' lang='lat' dir='ltr'>Matbildis</span> <span class='ocrx_word' id='word_1_71' title='bbox 1182 1853 1271 1928; x_wconf 83' lang='lat' dir='ltr'>dixit</span> <span class='ocrx_word' id='word_1_72' title='bbox 1291 1859 1428 1948; x_wconf 80' lang='lat' dir='ltr'>poetae:</span> <span class='ocrx_word' id='word_1_73' title='bbox 1453 1871 1577 1948; x_wconf 85' lang='lat' dir='ltr'>surge.</span> <span class='ocrx_word' id='word_1_74' title='bbox 1596 1851 1639 1927; x_wconf 83' lang='lat' dir='ltr'>Et</span> <span class='ocrx_word' id='word_1_75' title='bbox 1659 1849 1760 1927; x_wconf 84' lang='lat' dir='ltr'>dicit:</span> <span class='ocrx_word' id='word_1_76' title='bbox 1782 1854 1878 1932; x_wconf 74' lang='lat' dir='ltr'>dodo</span> 
     </span>
     <span class='ocr_line' id='line_1_10' title="bbox 708 1972 1878 2071; baseline -0.004 -20"><span class='ocrx_word' id='word_1_77' title='bbox 708 1980 794 2070; x_wconf 77' lang='lat' dir='ltr'>quoi</span> <span class='ocrx_word' id='word_1_78' title='bbox 813 1980 924 2071; x_wconf 79' lang='lat' dir='ltr'>saron</span> <span class='ocrx_word' id='word_1_79' title='bbox 948 1980 1032 2050; x_wconf 82' lang='lat' dir='ltr'>rotti</span> <span class='ocrx_word' id='word_1_80' title='bbox 1056 1979 1221 2068; x_wconf 80' lang='lat' dir='ltr'>mappior</span> <span class='ocrx_word' id='word_1_81' title='bbox 1250 1976 1366 2066; x_wconf 81' lang='lat' dir='ltr'>sonui,</span> <span class='ocrx_word' id='word_1_82' title='bbox 1395 1972 1542 2065; x_wconf 85' lang='lat' dir='ltr'>scilicet,</span> <span class='ocrx_word' id='word_1_83' title='bbox 1573 1977 1784 2049; x_wconf 77' lang='lat' dir='ltr'>sanctorum</span> <span class='ocrx_word' id='word_1_84' title='bbox 1815 1993 1878 2068; x_wconf 80' lang='lat' dir='ltr'>pa-</span> 
     </span>
     <span class='ocr_line' id='line_1_11' title="bbox 708 2091 1879 2190; baseline -0.004 -18"><span class='ocrx_word' id='word_1_85' title='bbox 708 2107 822 2190; x_wconf 88' lang='lat' dir='ltr'>trum,</span> <span class='ocrx_word' id='word_1_86' title='bbox 852 2118 946 2190; x_wconf 88' lang='lat' dir='ltr'>quos</span> <span class='ocrx_word' id='word_1_87' title='bbox 983 2095 1179 2189; x_wconf 88' lang='lat' dir='ltr'>aliquando</span> <span class='ocrx_word' id='word_1_88' title='bbox 1217 2092 1388 2170; x_wconf 85' lang='lat' dir='ltr'>excitavit</span> <span class='ocrx_word' id='word_1_89' title='bbox 1427 2093 1547 2186; x_wconf 80' lang='lat' dir='ltr'>beus3</span> <span class='ocrx_word' id='word_1_90' title='bbox 1582 2092 1640 2166; x_wconf 85' lang='lat' dir='ltr'>vei</span> <span class='ocrx_word' id='word_1_91' title='bbox 1673 2091 1748 2186; x_wconf 88' lang='lat' dir='ltr'>dic,</span> <span class='ocrx_word' id='word_1_92' title='bbox 1783 2093 1879 2186; x_wconf 88' lang='lat' dir='ltr'>quod</span> 
     </span>
     <span class='ocr_line' id='line_1_12' title="bbox 709 2211 1880 2311; baseline -0.003 -19"><span class='ocrx_word' id='word_1_93' title='bbox 709 2216 829 2292; x_wconf 90' lang='lat' dir='ltr'>maior</span> <span class='ocrx_word' id='word_1_94' title='bbox 853 2237 1017 2311; x_wconf 84' lang='lat' dir='ltr'>somnus,</span> <span class='ocrx_word' id='word_1_95' title='bbox 1042 2215 1178 2291; x_wconf 79' lang='lat' dir='ltr'>scilicet</span> <span class='ocrx_word' id='word_1_96' title='bbox 1203 2213 1342 2308; x_wconf 87' lang='lat' dir='ltr'>mortis,</span> <span class='ocrx_word' id='word_1_97' title='bbox 1374 2212 1570 2306; x_wconf 87' lang='lat' dir='ltr'>aliqnando</span> <span class='ocrx_word' id='word_1_98' title='bbox 1599 2211 1667 2290; x_wconf 86' lang='lat' dir='ltr'>tuit</span> <span class='ocrx_word' id='word_1_99' title='bbox 1693 2212 1810 2288; x_wconf 88' lang='lat' dir='ltr'>victus</span> <span class='ocrx_word' id='word_1_100' title='bbox 1834 2213 1880 2290; x_wconf 91' lang='lat' dir='ltr'>ad</span> 
     </span>
     <span class='ocr_line' id='line_1_13' title="bbox 710 2332 1880 2426; baseline -0.001 -15"><span class='ocrx_word' id='word_1_101' title='bbox 710 2337 868 2412; x_wconf 83' lang='lat' dir='ltr'>verbum</span> <span class='ocrx_word' id='word_1_102' title='bbox 894 2336 1038 2411; x_wconf 85' lang='lat' dir='ltr'>Domini</span> <span class='ocrx_word' id='word_1_103' title='bbox 1063 2335 1158 2412; x_wconf 87' lang='lat' dir='ltr'>sicut</span> <span class='ocrx_word' id='word_1_104' title='bbox 1184 2334 1219 2408; x_wconf 94' lang='lat' dir='ltr'>in</span> <span class='ocrx_word' id='word_1_105' title='bbox 1245 2336 1383 2411; x_wconf 81' lang='lat' dir='ltr'>Lazaro</span> <span class='ocrx_word' id='word_1_106' title='bbox 1409 2339 1447 2408; x_wconf 88' lang='lat' dir='ltr'>et</span> <span class='ocrx_word' id='word_1_107' title='bbox 1476 2332 1697 2426; x_wconf 86' lang='lat' dir='ltr'>quibusdam</span> <span class='ocrx_word' id='word_1_108' title='bbox 1721 2333 1811 2408; x_wconf 87' lang='lat' dir='ltr'>aliis.</span> <span class='ocrx_word' id='word_1_109' title='bbox 1838 2335 1880 2410; x_wconf 82' lang='lat' dir='ltr'>Et</span> 
     </span>
     <span class='ocr_line' id='line_1_14' title="bbox 710 2453 1880 2548; baseline -0.002 -18"><span class='ocrx_word' id='word_1_110' title='bbox 710 2456 815 2538; x_wconf 85' lang='lat' dir='ltr'>dicit:</span> <span class='ocrx_word' id='word_1_111' title='bbox 852 2459 1021 2530; x_wconf 73' lang='lat' dir='ltr'>avidm</span> <span class='ocrx_word' id='word_1_112' title='bbox 1054 2463 1207 2530; x_wconf 79' lang='lat' dir='ltr'>scemata</span> <span class='ocrx_word' id='word_1_113' title='bbox 1241 2458 1320 2528; x_wconf 88' lang='lat' dir='ltr'>loro</span> <span class='ocrx_word' id='word_1_114' title='bbox 1358 2457 1491 2544; x_wconf 78' lang='lat' dir='ltr'>secolo,</span> <span class='ocrx_word' id='word_1_115' title='bbox 1525 2453 1627 2548; x_wconf 88' lang='lat' dir='ltr'>idest,</span> <span class='ocrx_word' id='word_1_116' title='bbox 1657 2453 1880 2548; x_wconf 88' lang='lat' dir='ltr'>societatem,</span> 
     </span>
     <span class='ocr_line' id='line_1_15' title="bbox 712 2569 1882 2668; baseline -0.002 -16"><span class='ocrx_word' id='word_1_117' title='bbox 712 2569 784 2652; x_wconf 77' lang='lat' dir='ltr'>cosi</span> <span class='ocrx_word' id='word_1_118' title='bbox 808 2579 847 2650; x_wconf 82' lang='lat' dir='ltr'>di</span> <span class='ocrx_word' id='word_1_119' title='bbox 871 2569 1265 2668; x_wconf 61' lang='lat' dir='ltr'>nosocomorum</span> <span class='ocrx_word' id='word_1_120' title='bbox 1290 2573 1494 2648; x_wconf 79' lang='lat' dir='ltr'>adduxerat</span> <span class='ocrx_word' id='word_1_121' title='bbox 1518 2573 1615 2648; x_wconf 90' lang='lat' dir='ltr'>enim</span> <span class='ocrx_word' id='word_1_122' title='bbox 1642 2574 1804 2649; x_wconf 85' lang='lat' dir='ltr'>Christus</span> <span class='ocrx_word' id='word_1_123' title='bbox 1830 2575 1882 2650; x_wconf 90' lang='lat' dir='ltr'>le-</span> 
     </span>
     <span class='ocr_line' id='line_1_16' title="bbox 712 2694 1882 2795; baseline -0.003 -23"><span class='ocrx_word' id='word_1_124' title='bbox 712 2699 925 2795; x_wconf 83' lang='lat' dir='ltr'>gislatorem</span> <span class='ocrx_word' id='word_1_125' title='bbox 951 2698 1111 2794; x_wconf 80' lang='lat' dir='ltr'>Moysem</span> <span class='ocrx_word' id='word_1_126' title='bbox 1145 2703 1182 2770; x_wconf 91' lang='lat' dir='ltr'>et</span> <span class='ocrx_word' id='word_1_127' title='bbox 1211 2695 1275 2770; x_wconf 88' lang='lat' dir='ltr'>Dei</span> <span class='ocrx_word' id='word_1_128' title='bbox 1309 2696 1507 2770; x_wconf 80' lang='lat' dir='ltr'>zelatorem</span> <span class='ocrx_word' id='word_1_129' title='bbox 1542 2695 1688 2792; x_wconf 74' lang='lat' dir='ltr'>Eiyam:</span> <span class='ocrx_word' id='word_1_130' title='bbox 1715 2694 1882 2770; x_wconf 91' lang='lat' dir='ltr'>dominus</span> 
     </span>
     <span class='ocr_line' id='line_1_17' title="bbox 714 2813 1883 2913; baseline -0.002 -21"><span class='ocrx_word' id='word_1_131' title='bbox 714 2817 883 2896; x_wconf 87' lang='lat' dir='ltr'>vivorum</span> <span class='ocrx_word' id='word_1_132' title='bbox 910 2816 948 2892; x_wconf 91' lang='lat' dir='ltr'>in</span> <span class='ocrx_word' id='word_1_133' title='bbox 972 2817 1074 2913; x_wconf 82' lang='lat' dir='ltr'>Eiya,</span> <span class='ocrx_word' id='word_1_134' title='bbox 1100 2822 1137 2891; x_wconf 87' lang='lat' dir='ltr'>et</span> <span class='ocrx_word' id='word_1_135' title='bbox 1162 2822 1399 2890; x_wconf 90' lang='lat' dir='ltr'>mortuorum</span> <span class='ocrx_word' id='word_1_136' title='bbox 1430 2813 1467 2888; x_wconf 89' lang='lat' dir='ltr'>tn</span> <span class='ocrx_word' id='word_1_137' title='bbox 1497 2815 1639 2911; x_wconf 83' lang='lat' dir='ltr'>Moyse3</span> <span class='ocrx_word' id='word_1_138' title='bbox 1665 2823 1697 2890; x_wconf 88' lang='lat' dir='ltr'>et</span> <span class='ocrx_word' id='word_1_139' title='bbox 1727 2819 1766 2890; x_wconf 84' lang='lat' dir='ltr'>oi</span> <span class='ocrx_word' id='word_1_140' title='bbox 1789 2837 1883 2890; x_wconf 85' lang='lat' dir='ltr'>moc-</span> 
     </span>
     <span class='ocr_line' id='line_1_18' title="bbox 711 2935 1879 3031; baseline 0.002 -21"><span class='ocrx_word' id='word_1_141' title='bbox 711 2943 787 3014; x_wconf 84' lang='lat' dir='ltr'>stro</span> <span class='ocrx_word' id='word_1_142' title='bbox 811 2959 889 3028; x_wconf 81' lang='lat' dir='ltr'>suo,</span> <span class='ocrx_word' id='word_1_143' title='bbox 914 2937 1061 3031; x_wconf 88' lang='lat' dir='ltr'>scilicet,</span> <span class='ocrx_word' id='word_1_144' title='bbox 1078 2935 1233 3030; x_wconf 86' lang='lat' dir='ltr'>Christo,</span> <span class='ocrx_word' id='word_1_145' title='bbox 1252 2943 1384 3010; x_wconf 84' lang='lat' dir='ltr'>mutato</span> <span class='ocrx_word' id='word_1_146' title='bbox 1408 2936 1511 3028; x_wconf 82' lang='lat' dir='ltr'>stola,</span> <span class='ocrx_word' id='word_1_147' title='bbox 1538 2935 1641 3029; x_wconf 90' lang='lat' dir='ltr'>idest,</span> <span class='ocrx_word' id='word_1_148' title='bbox 1661 2943 1778 3030; x_wconf 90' lang='lat' dir='ltr'>veste;</span> <span class='ocrx_word' id='word_1_149' title='bbox 1797 2958 1879 3012; x_wconf 87' lang='lat' dir='ltr'>nam</span> 
     </span>
     <span class='ocr_line' id='line_1_19' title="bbox 713 3055 1878 3153; baseline -0.001 -20"><span class='ocrx_word' id='word_1_150' title='bbox 713 3055 752 3133; x_wconf 92' lang='lat' dir='ltr'>in</span> <span class='ocrx_word' id='word_1_151' title='bbox 771 3056 831 3130; x_wconf 90' lang='lat' dir='ltr'>iila</span> <span class='ocrx_word' id='word_1_152' title='bbox 849 3055 1169 3152; x_wconf 85' lang='lat' dir='ltr'>transfiguratione</span> <span class='ocrx_word' id='word_1_153' title='bbox 1187 3055 1464 3151; x_wconf 80' lang='lat' dir='ltr'>resplenduerat</span> <span class='ocrx_word' id='word_1_154' title='bbox 1481 3055 1590 3130; x_wconf 88' lang='lat' dir='ltr'>iacies</span> <span class='ocrx_word' id='word_1_155' title='bbox 1608 3056 1687 3131; x_wconf 89' lang='lat' dir='ltr'>eius</span> <span class='ocrx_word' id='word_1_156' title='bbox 1704 3057 1798 3134; x_wconf 91' lang='lat' dir='ltr'>sicut</span> <span class='ocrx_word' id='word_1_157' title='bbox 1815 3058 1878 3153; x_wconf 88' lang='lat' dir='ltr'>sol,</span> 
     </span>
     <span class='ocr_line' id='line_1_20' title="bbox 713 3176 1881 3270; baseline 0.001 -18"><span class='ocrx_word' id='word_1_158' title='bbox 713 3183 752 3252; x_wconf 86' lang='lat' dir='ltr'>et</span> <span class='ocrx_word' id='word_1_159' title='bbox 776 3178 993 3258; x_wconf 83' lang='lat' dir='ltr'>vestimenta</span> <span class='ocrx_word' id='word_1_160' title='bbox 1017 3177 1097 3252; x_wconf 91' lang='lat' dir='ltr'>eius</span> <span class='ocrx_word' id='word_1_161' title='bbox 1123 3179 1216 3252; x_wconf 85' lang='lat' dir='ltr'>iacta</span> <span class='ocrx_word' id='word_1_162' title='bbox 1242 3184 1348 3252; x_wconf 83' lang='lat' dir='ltr'>erant</span> <span class='ocrx_word' id='word_1_163' title='bbox 1372 3176 1467 3251; x_wconf 92' lang='lat' dir='ltr'>sicut</span> <span class='ocrx_word' id='word_1_164' title='bbox 1492 3176 1566 3270; x_wconf 89' lang='lat' dir='ltr'>nix,</span> <span class='ocrx_word' id='word_1_165' title='bbox 1585 3197 1658 3252; x_wconf 94' lang='lat' dir='ltr'>non</span> <span class='ocrx_word' id='word_1_166' title='bbox 1683 3184 1807 3252; x_wconf 86' lang='lat' dir='ltr'>tamen</span> <span class='ocrx_word' id='word_1_167' title='bbox 1824 3199 1881 3253; x_wconf 86' lang='lat' dir='ltr'>as-</span> 
     </span>
     <span class='ocr_line' id='line_1_21' title="bbox 714 3297 1882 3395; baseline 0.002 -23"><span class='ocrx_word' id='word_1_168' title='bbox 714 3318 865 3373; x_wconf 88' lang='lat' dir='ltr'>sumens</span> <span class='ocrx_word' id='word_1_169' title='bbox 891 3319 1026 3374; x_wconf 88' lang='lat' dir='ltr'>novam</span> <span class='ocrx_word' id='word_1_170' title='bbox 1052 3298 1183 3373; x_wconf 82' lang='lat' dir='ltr'>taciem</span> <span class='ocrx_word' id='word_1_171' title='bbox 1209 3299 1268 3372; x_wconf 89' lang='lat' dir='ltr'>vel</span> <span class='ocrx_word' id='word_1_172' title='bbox 1295 3297 1465 3395; x_wconf 82' lang='lat' dir='ltr'>figuram,</span> <span class='ocrx_word' id='word_1_173' title='bbox 1485 3297 1549 3373; x_wconf 89' lang='lat' dir='ltr'>sed</span> <span class='ocrx_word' id='word_1_174' title='bbox 1572 3298 1709 3373; x_wconf 86' lang='lat' dir='ltr'>candor</span> <span class='ocrx_word' id='word_1_175' title='bbox 1734 3299 1794 3374; x_wconf 91' lang='lat' dir='ltr'>iiie</span> <span class='ocrx_word' id='word_1_176' title='bbox 1819 3319 1882 3374; x_wconf 71' lang='lat' dir='ltr'>vo</span> 
     </span>
     <span class='ocr_line' id='line_1_22' title="bbox 715 3417 1883 3516; baseline 0.002 -24"><span class='ocrx_word' id='word_1_177' title='bbox 715 3417 826 3492; x_wconf 86' lang='lat' dir='ltr'>stium</span> <span class='ocrx_word' id='word_1_178' title='bbox 852 3418 1073 3512; x_wconf 84' lang='lat' dir='ltr'>procedebat</span> <span class='ocrx_word' id='word_1_179' title='bbox 1104 3440 1127 3492; x_wconf 93' lang='lat' dir='ltr'>a</span> <span class='ocrx_word' id='word_1_180' title='bbox 1158 3419 1318 3494; x_wconf 90' lang='lat' dir='ltr'>candore</span> <span class='ocrx_word' id='word_1_181' title='bbox 1348 3418 1463 3512; x_wconf 77' lang='lat' dir='ltr'>faciei,</span> <span class='ocrx_word' id='word_1_182' title='bbox 1492 3424 1533 3492; x_wconf 92' lang='lat' dir='ltr'>ut</span> <span class='ocrx_word' id='word_1_183' title='bbox 1565 3419 1616 3493; x_wconf 90' lang='lat' dir='ltr'>ait</span> <span class='ocrx_word' id='word_1_184' title='bbox 1648 3418 1883 3516; x_wconf 79' lang='lat' dir='ltr'>Augustinus,</span> 
     </span>
     <span class='ocr_line' id='line_1_23' title="bbox 716 3539 1887 3636; baseline 0.003 -24"><span class='ocrx_word' id='word_1_185' title='bbox 716 3543 841 3634; x_wconf 87' lang='lat' dir='ltr'>postea</span> <span class='ocrx_word' id='word_1_186' title='bbox 859 3545 984 3612; x_wconf 92' lang='lat' dir='ltr'>autem</span> <span class='ocrx_word' id='word_1_187' title='bbox 1004 3547 1195 3614; x_wconf 72' lang='lat' dir='ltr'>canuerat.</span> <span class='ocrx_word' id='word_1_188' title='bbox 1207 3544 1299 3614; x_wconf 83' lang='grc' dir='ltr'>-Ε</span> <span class='ocrx_word' id='word_1_189' title='bbox 1314 3542 1394 3613; x_wconf 82' lang='lat' dir='ltr'>aidi.</span> <span class='ocrx_word' id='word_1_190' title='bbox 1413 3539 1477 3614; x_wconf 88' lang='lat' dir='ltr'>iiic</span> <span class='ocrx_word' id='word_1_191' title='bbox 1496 3546 1604 3635; x_wconf 91' lang='lat' dir='ltr'>poeta</span> <span class='ocrx_word' id='word_1_192' title='bbox 1621 3541 1776 3616; x_wconf 89' lang='lat' dir='ltr'>ostendit</span> <span class='ocrx_word' id='word_1_193' title='bbox 1795 3562 1887 3636; x_wconf 88' lang='lat' dir='ltr'>qua·</span> 
     </span>
     <span class='ocr_line' id='line_1_24' title="bbox 718 3657 1888 3756; baseline 0.003 -24"><span class='ocrx_word' id='word_1_194' title='bbox 718 3657 800 3732; x_wconf 91' lang='lat' dir='ltr'>liter</span> <span class='ocrx_word' id='word_1_195' title='bbox 826 3677 998 3732; x_wconf 89' lang='lat' dir='ltr'>reversus</span> <span class='ocrx_word' id='word_1_196' title='bbox 1022 3679 1045 3732; x_wconf 87' lang='lat' dir='ltr'>a</span> <span class='ocrx_word' id='word_1_197' title='bbox 1070 3679 1111 3734; x_wconf 90' lang='lat' dir='ltr'>se</span> <span class='ocrx_word' id='word_1_198' title='bbox 1136 3659 1267 3733; x_wconf 86' lang='lat' dir='ltr'>viderit</span> <span class='ocrx_word' id='word_1_199' title='bbox 1297 3659 1488 3734; x_wconf 90' lang='lat' dir='ltr'>eeclesiam</span> <span class='ocrx_word' id='word_1_200' title='bbox 1521 3667 1775 3735; x_wconf 85' lang='lat' dir='ltr'>remanentem</span> <span class='ocrx_word' id='word_1_201' title='bbox 1809 3671 1888 3756; x_wconf 86' lang='lat' dir='ltr'>post</span> 
     </span>
     <span class='ocr_line' id='line_1_25' title="bbox 717 3776 1889 3876; baseline 0.003 -25"><span class='ocrx_word' id='word_1_202' title='bbox 717 3776 918 3852; x_wconf 83' lang='lat' dir='ltr'>discessum</span> <span class='ocrx_word' id='word_1_203' title='bbox 944 3777 1073 3852; x_wconf 84' lang='lat' dir='ltr'>Christi</span> <span class='ocrx_word' id='word_1_204' title='bbox 1099 3785 1137 3853; x_wconf 92' lang='lat' dir='ltr'>et</span> <span class='ocrx_word' id='word_1_205' title='bbox 1162 3779 1358 3873; x_wconf 89' lang='lat' dir='ltr'>exercitus,</span> <span class='ocrx_word' id='word_1_206' title='bbox 1382 3779 1526 3855; x_wconf 85' lang='lat' dir='ltr'>dicens:</span> <span class='ocrx_word' id='word_1_207' title='bbox 1543 3786 1576 3854; x_wconf 82' lang='grc' dir='ltr'><em>Ε</em></span> <span class='ocrx_word' id='word_1_208' title='bbox 1595 3783 1666 3854; x_wconf 87' lang='lat' dir='ltr'>vidi</span> <span class='ocrx_word' id='word_1_209' title='bbox 1686 3784 1800 3872; x_wconf 80' lang='lat' dir='ltr'>puella</span> <span class='ocrx_word' id='word_1_210' title='bbox 1812 3785 1889 3876; x_wconf 85' lang='lat' dir='ltr'>piu,</span> 
     </span>
     <span class='ocr_line' id='line_1_26' title="bbox 719 3895 1887 3998; baseline 0.004 -26"><span class='ocrx_word' id='word_1_211' title='bbox 719 3895 866 3990; x_wconf 88' lang='lat' dir='ltr'>scilicet,</span> <span class='ocrx_word' id='word_1_212' title='bbox 893 3896 1102 3993; x_wconf 88' lang='lat' dir='ltr'>Matbiidim,</span> <span class='ocrx_word' id='word_1_213' title='bbox 1133 3919 1217 3992; x_wconf 85' lang='lat' dir='ltr'>quae</span> <span class='ocrx_word' id='word_1_214' title='bbox 1252 3899 1309 3993; x_wconf 90' lang='lat' dir='ltr'>pie</span> <span class='ocrx_word' id='word_1_215' title='bbox 1343 3920 1403 3974; x_wconf 90' lang='lat' dir='ltr'>me</span> <span class='ocrx_word' id='word_1_216' title='bbox 1434 3905 1623 3996; x_wconf 84' lang='lat' dir='ltr'>receperat</span> <span class='ocrx_word' id='word_1_217' title='bbox 1648 3921 1714 3994; x_wconf 90' lang='lat' dir='ltr'>per</span> <span class='ocrx_word' id='word_1_218' title='bbox 1748 3903 1887 3998; x_wconf 82' lang='lat' dir='ltr'>sylvam</span> 
     </span>
     <span class='ocr_line' id='line_1_27' title="bbox 720 4016 1889 4114; baseline 0.004 -22"><span class='ocrx_word' id='word_1_219' title='bbox 720 4023 928 4110; x_wconf 81' lang='lat' dir='ltr'>errantem3</span> <span class='ocrx_word' id='word_1_220' title='bbox 955 4017 1054 4092; x_wconf 91' lang='lat' dir='ltr'>unde</span> <span class='ocrx_word' id='word_1_221' title='bbox 1085 4016 1188 4094; x_wconf 89' lang='lat' dir='ltr'>dicit:</span> <span class='ocrx_word' id='word_1_222' title='bbox 1223 4022 1283 4092; x_wconf 82' lang='lat' dir='ltr'>ebe</span> <span class='ocrx_word' id='word_1_223' title='bbox 1311 4024 1351 4114; x_wconf 75' lang='lat' dir='ltr'>pr</span> <span class='ocrx_word' id='word_1_224' title='bbox 1377 4023 1606 4097; x_wconf 67' lang='lat' dir='ltr'>condonatae</span> <span class='ocrx_word' id='word_1_225' title='bbox 1626 4024 1712 4113; x_wconf 78' lang='lat' dir='ltr'>pm&#39;o</span> <span class='ocrx_word' id='word_1_226' title='bbox 1741 4025 1793 4096; x_wconf 72' lang='lat' dir='ltr'>de*</span> <span class='ocrx_word' id='word_1_227' title='bbox 1810 4026 1889 4096; x_wconf 76' lang='lat' dir='ltr'>ndei</span> 
     </span>
     <span class='ocr_line' id='line_1_28' title="bbox 717 4139 1886 4237; baseline 0.005 -27"><span class='ocrx_word' id='word_1_228' title='bbox 717 4141 819 4232; x_wconf 82' lang='lat' dir='ltr'>passi</span> <span class='ocrx_word' id='word_1_229' title='bbox 843 4141 950 4230; x_wconf 77' lang='lat' dir='ltr'>leupo</span> <span class='ocrx_word' id='word_1_230' title='bbox 974 4141 1002 4212; x_wconf 82' lang='lat' dir='ltr'>ii</span> <span class='ocrx_word' id='word_1_231' title='bbox 1020 4141 1137 4232; x_wconf 77' lang='lat' dir='ltr'>fluum,</span> <span class='ocrx_word' id='word_1_232' title='bbox 1159 4139 1305 4233; x_wconf 89' lang='lat' dir='ltr'>scilicet,</span> <span class='ocrx_word' id='word_1_233' title='bbox 1327 4141 1565 4234; x_wconf 87' lang='lat' dir='ltr'>Letbaeum,c</span> <span class='ocrx_word' id='word_1_234' title='bbox 1589 4149 1672 4217; x_wconf 85' lang='lat' dir='ltr'>tutto</span> <span class='ocrx_word' id='word_1_235' title='bbox 1692 4145 1729 4216; x_wconf 82' lang='lat' dir='ltr'>in</span> <span class='ocrx_word' id='word_1_236' title='bbox 1748 4143 1886 4237; x_wconf 84' lang='lat' dir='ltr'>duddio,</span> 
     </span>
     <span class='ocr_line' id='line_1_29' title="bbox 721 4257 1890 4357; baseline 0.004 -24"><span class='ocrx_word' id='word_1_237' title='bbox 721 4257 808 4353; x_wconf 78' lang='lat' dir='ltr'>quia</span> <span class='ocrx_word' id='word_1_238' title='bbox 835 4278 908 4332; x_wconf 93' lang='lat' dir='ltr'>non</span> <span class='ocrx_word' id='word_1_239' title='bbox 934 4258 1103 4333; x_wconf 89' lang='lat' dir='ltr'>videbam</span> <span class='ocrx_word' id='word_1_240' title='bbox 1130 4259 1346 4354; x_wconf 87' lang='lat' dir='ltr'>Beatricem,</span> <span class='ocrx_word' id='word_1_241' title='bbox 1364 4263 1469 4336; x_wconf 78' lang='lat' dir='ltr'>dtssi:</span> <span class='ocrx_word' id='word_1_242' title='bbox 1490 4257 1571 4336; x_wconf 77' lang='lat' dir='ltr'>oo&#39;a&#39;</span> <span class='ocrx_word' id='word_1_243' title='bbox 1586 4265 1770 4336; x_wconf 69' lang='lat' dir='ltr'>Renoua?</span> <span class='ocrx_word' id='word_1_244' title='bbox 1787 4263 1890 4357; x_wconf 88' lang='lat' dir='ltr'>quasi</span> 
     </span>
     <span class='ocr_line' id='line_1_30' title="bbox 722 4376 1892 4477; baseline 0.004 -24"><span class='ocrx_word' id='word_1_245' title='bbox 722 4376 849 4456; x_wconf 78' lang='lat' dir='ltr'>votens</span> <span class='ocrx_word' id='word_1_246' title='bbox 874 4377 1015 4454; x_wconf 88' lang='lat' dir='ltr'>dicere:</span> <span class='ocrx_word' id='word_1_247' title='bbox 1043 4378 1194 4454; x_wconf 89' lang='lat' dir='ltr'>recessit</span> <span class='ocrx_word' id='word_1_248' title='bbox 1218 4379 1295 4474; x_wconf 89' lang='lat' dir='ltr'>ipsa</span> <span class='ocrx_word' id='word_1_249' title='bbox 1321 4378 1414 4456; x_wconf 85' lang='lat' dir='ltr'>sorte</span> <span class='ocrx_word' id='word_1_250' title='bbox 1432 4381 1467 4454; x_wconf 94' lang='lat' dir='ltr'>in</span> <span class='ocrx_word' id='word_1_251' title='bbox 1486 4382 1623 4456; x_wconf 85' lang='lat' dir='ltr'>omium</span> <span class='ocrx_word' id='word_1_252' title='bbox 1640 4401 1727 4456; x_wconf 90' lang='lat' dir='ltr'>oum</span> <span class='ocrx_word' id='word_1_253' title='bbox 1748 4382 1838 4477; x_wconf 87' lang='lat' dir='ltr'>aliis,</span> <span class='ocrx_word' id='word_1_254' title='bbox 1854 4389 1892 4458; x_wconf 88' lang='lat' dir='ltr'>et</span> 
     </span>
     <span class='ocr_line' id='line_1_31' title="bbox 721 4498 1893 4597; baseline 0.004 -22"><span class='ocrx_word' id='word_1_255' title='bbox 721 4517 796 4575; x_wconf 87' lang='lat' dir='ltr'>oon</span> <span class='ocrx_word' id='word_1_256' title='bbox 820 4498 925 4572; x_wconf 87' lang='lat' dir='ltr'>duxit</span> <span class='ocrx_word' id='word_1_257' title='bbox 956 4519 1016 4574; x_wconf 89' lang='lat' dir='ltr'>me</span> <span class='ocrx_word' id='word_1_258' title='bbox 1041 4503 1195 4580; x_wconf 72' lang='lat' dir='ltr'>secum?</span> <span class='ocrx_word' id='word_1_259' title='bbox 1221 4507 1258 4574; x_wconf 88' lang='lat' dir='ltr'>et</span> <span class='ocrx_word' id='word_1_260' title='bbox 1288 4506 1412 4576; x_wconf 86' lang='lat' dir='ltr'>tamen</span> <span class='ocrx_word' id='word_1_261' title='bbox 1444 4521 1518 4575; x_wconf 90' lang='lat' dir='ltr'>uon</span> <span class='ocrx_word' id='word_1_262' title='bbox 1543 4508 1687 4597; x_wconf 87' lang='lat' dir='ltr'>poterat</span> <span class='ocrx_word' id='word_1_263' title='bbox 1711 4503 1781 4577; x_wconf 91' lang='lat' dir='ltr'>boc</span> <span class='ocrx_word' id='word_1_264' title='bbox 1811 4523 1893 4580; x_wconf 91' lang='lat' dir='ltr'>cre·</span> 
     </span>
     <span class='ocr_line' id='line_1_32' title="bbox 721 4616 1893 4719; baseline 0.004 -26"><span class='ocrx_word' id='word_1_265' title='bbox 721 4616 822 4711; x_wconf 86' lang='lat' dir='ltr'>dere,</span> <span class='ocrx_word' id='word_1_266' title='bbox 849 4617 937 4711; x_wconf 81' lang='lat' dir='ltr'>quia</span> <span class='ocrx_word' id='word_1_267' title='bbox 962 4619 1093 4694; x_wconf 86' lang='lat' dir='ltr'>totiens</span> <span class='ocrx_word' id='word_1_268' title='bbox 1118 4618 1238 4694; x_wconf 87' lang='lat' dir='ltr'>iuerat</span> <span class='ocrx_word' id='word_1_269' title='bbox 1264 4620 1330 4696; x_wconf 89' lang='lat' dir='ltr'>sibi</span> <span class='ocrx_word' id='word_1_270' title='bbox 1356 4621 1578 4716; x_wconf 88' lang='lat' dir='ltr'>promissum</span> <span class='ocrx_word' id='word_1_271' title='bbox 1605 4629 1642 4697; x_wconf 89' lang='lat' dir='ltr'>et</span> <span class='ocrx_word' id='word_1_272' title='bbox 1658 4623 1893 4719; x_wconf 67' lang='lat' dir='ltr'>praedictum</span> 
     </span>
     <span class='ocr_line' id='line_1_33' title="bbox 724 4736 1894 4838; baseline 0.008 -28"><span class='ocrx_word' id='word_1_273' title='bbox 724 4736 805 4811; x_wconf 91' lang='lat' dir='ltr'>ideo</span> <span class='ocrx_word' id='word_1_274' title='bbox 822 4737 1020 4814; x_wconf 89' lang='lat' dir='ltr'>benedicit</span> <span class='ocrx_word' id='word_1_275' title='bbox 1044 4742 1081 4813; x_wconf 82' lang='lat' dir='ltr'>in</span> <span class='ocrx_word' id='word_1_276' title='bbox 1106 4741 1240 4814; x_wconf 81' lang='lat' dir='ltr'>dobbio.</span> <span class='ocrx_word' id='word_1_277' title='bbox 1259 4741 1304 4814; x_wconf 85' lang='lat' dir='ltr'>Et</span> <span class='ocrx_word' id='word_1_278' title='bbox 1321 4741 1441 4816; x_wconf 86' lang='lat' dir='ltr'>subdit</span> <span class='ocrx_word' id='word_1_279' title='bbox 1462 4742 1735 4838; x_wconf 84' lang='lat' dir='ltr'>responsionem</span> <span class='ocrx_word' id='word_1_280' title='bbox 1753 4744 1894 4819; x_wconf 85' lang='lat' dir='ltr'>Matbii-</span> 
     </span>
     <span class='ocr_line' id='line_1_34' title="bbox 722 4857 1893 4970; baseline 0.008 -40"><span class='ocrx_word' id='word_1_281' title='bbox 722 4857 788 4950; x_wconf 91' lang='lat' dir='ltr'>dis,</span> <span class='ocrx_word' id='word_1_282' title='bbox 818 4857 964 4934; x_wconf 90' lang='lat' dir='ltr'>dicens:</span> <span class='ocrx_word' id='word_1_283' title='bbox 994 4863 1076 4934; x_wconf 71' lang='lat' dir='ltr'>ond</span> <span class='ocrx_word' id='word_1_284' title='bbox 1089 4863 1168 4956; x_wconf 81' lang='lat' dir='ltr'>etto,</span> <span class='ocrx_word' id='word_1_285' title='bbox 1202 4860 1350 4956; x_wconf 86' lang='lat' dir='ltr'>seilicet,</span> <span class='ocrx_word' id='word_1_286' title='bbox 1385 4862 1571 4962; x_wconf 73' lang='lat' dir='ltr'>mathildis,</span> <span class='ocrx_word' id='word_1_287' title='bbox 1607 4865 1745 4970; x_wconf 85' lang='lat' dir='ltr'>suppio,</span> <span class='ocrx_word' id='word_1_288' title='bbox 1779 4863 1893 4940; x_wconf 85' lang='lat' dir='ltr'>dixit:</span> 
     </span>
     <span class='ocr_line' id='line_1_35' title="bbox 724 4980 1894 5081; baseline 0.01 -29"><span class='ocrx_word' id='word_1_289' title='bbox 724 4980 802 5052; x_wconf 81' lang='lat' dir='ltr'>aedi</span> <span class='ocrx_word' id='word_1_290' title='bbox 825 4981 870 5052; x_wconf 77' lang='lat' dir='ltr'>lei</span> <span class='ocrx_word' id='word_1_291' title='bbox 892 4987 980 5054; x_wconf 81' lang='lat' dir='ltr'>sotto</span> <span class='ocrx_word' id='word_1_292' title='bbox 1005 4984 1042 5055; x_wconf 82' lang='lat' dir='ltr'>lo</span> <span class='ocrx_word' id='word_1_293' title='bbox 1063 4984 1212 5076; x_wconf 64' lang='lat' dir='ltr'>bondo,</span> <span class='ocrx_word' id='word_1_294' title='bbox 1230 5003 1342 5077; x_wconf 88' lang='lat' dir='ltr'>quam</span> <span class='ocrx_word' id='word_1_295' title='bbox 1369 4981 1415 5058; x_wconf 91' lang='lat' dir='ltr'>de</span> <span class='ocrx_word' id='word_1_296' title='bbox 1440 5004 1536 5062; x_wconf 87' lang='lat' dir='ltr'>uoxo</span> <span class='ocrx_word' id='word_1_297' title='bbox 1556 4985 1782 5081; x_wconf 86' lang='lat' dir='ltr'>produxerat</span> <span class='ocrx_word' id='word_1_298' title='bbox 1798 4985 1894 5064; x_wconf 87' lang='lat' dir='ltr'>dicta</span> 
     </span>
    </p>
   </div>
   <div class='ocr_carea' id='block_1_3' title="bbox 0 0 2208 6692">
    <p class='ocr_par' dir='ltr' id='par_1_3' title="bbox 0 0 2208 6692">
     <span class='ocr_line' id='line_1_36' title="bbox 0 0 2208 6692; baseline 0 0"><span class='ocrx_word' id='word_1_299' title='bbox 0 0 2208 6692; x_wconf 95' lang='lat' dir='ltr'> </span> 
     </span>
    </p>
   </div>
  </div>
 </body>
</html>
