4342 6692
734 890 893 960 ''cuurus
917 905 1078 960 nunnus.
1430 882 1503 964 369'

324 1039 440 1121 totam
465 1046 598 1140 vitam3
625 1047 723 1123 unde
746 1047 853 1145 virgo
878 1055 934 1123 est
958 1068 1043 1142 que
1067 1053 1192 1123 sancta
1212 1057 1268 1125 est
1288 1069 1444 1146 corpore
1463 1056 1501 1125 et

324 1165 464 1261 spiritu,
478 1170 520 1240 ut
536 1166 588 1241 ait
604 1168 801 1262 apostolus.
814 1169 907 1243 Nota
925 1168 1038 1243 etiam
1050 1167 1150 1261 quod
1165 1168 1500 1265 virginitasnobilis

322 1286 481 1363 conditio
498 1308 645 1382 semper
661 1288 729 1361 luit
745 1288 783 1362 in
803 1288 922 1383 pretio
938 1289 1049 1363 etiam
1067 1293 1155 1362 ante
1173 1288 1313 1362 cultum
1333 1288 1500 1363 christia-

323 1428 382 1483 nae
399 1407 595 1505 religionis,
609 1408 703 1482 sicut
715 1408 832 1502 patuit
848 1409 885 1482 iu
902 1408 1051 1504 orithya
1075 1408 1200 1505 regina
1213 1408 1444 1484 Amazonum
1462 1416 1499 1484 et

323 1527 361 1601 in
386 1526 589 1623 virginibus
616 1528 824 1621 vestalibus,
848 1531 992 1621 sorella,
1017 1528 1120 1621 idest,
1137 1548 1245 1602 soror
1258 1522 1296 1621 (¹)
1319 1531 1497 1605 monacha

325 1646 509 1742 monialis;
534 1653 573 1723 et
596 1647 751 1723 deberes
776 1667 1042 1744 recognoscere
1056 1638 1093 1739 (¹)
1127 1668 1188 1723 me
1214 1649 1297 1723 licet
1322 1649 1389 1723 sim
1416 1649 1499 1746 pul-

323 1766 422 1841 crior
446 1768 484 1841 in
508 1766 584 1843 rita
604 1767 684 1863 ista,
702 1786 815 1861 quam
844 1788 904 1843 me
924 1767 1057 1843 videris
1082 1768 1120 1841 in
1146 1774 1269 1844 vestra
1291 1768 1496 1863 mundana3

323 1885 440 1961 unde:
466 1909 486 1961 e
508 1909 546 1962 se
570 1892 607 1962 lo
632 1894 743 1962 nome
767 1894 828 1963 nro
852 1889 917 1961 ben
940 1891 989 1961 mi
1012 1891 1203 1981 cynardo,
1225 1889 1328 1984 idest,
1349 1890 1379 1963 si
1403 1890 1498 1965 bene

322 2026 476 2083 revocas
492 2007 537 2082 ad
562 2005 794 2101 memoriam,
811 2028 881 2081 non
907 2011 957 2081 mi
979 2011 1006 2081 n·
1029 1998 1144 2081 celero
1169 2012 1300 2083 {esser
1318 2006 1379 2102 pit
1396 2010 1494 2083 bello.

321 2126 366 2199 Et
392 2125 451 2201 liic
475 2132 562 2201 nota
586 2126 686 2221 quod
712 2126 759 2202 (le
784 2126 960 2202 Piclrarda
992 2126 1216 2222 pulcerrima
1247 2137 1348 2204 recte
1381 2129 1498 2223 potuit

320 2247 389 2321 dici
421 2248 511 2323 illud
540 2247 698 2344 Virgilii:
734 2251 881 2321 Grotior
914 2256 948 2322 et
972 2252 1099 2340 pulcro
1132 2253 1270 2322 venturo
1299 2271 1319 2322 e
1349 2270 1498 2341 corpore

322 2370 442 2441 outo
468 2368 645 2456 Quamvis
670 2368 769 2444 euim
800 2368 939 2443 Seneca
964 2367 1072 2463 dicat,
1099 2368 1198 2463 quod
1231 2368 1297 2443 sibi
1330 2368 1497 2443 videatur

321 2499 466 2564 errasse
491 2488 674 2585 Virgilius,
696 2506 770 2563 non
788 2488 894 2564 video
918 2509 1048 2583 quare,
1074 2489 1161 2583 quia
1188 2510 1262 2565 non
1287 2489 1377 2563 dixit
1397 2490 1494 2583 quod

321 2608 438 2684 virtus
464 2608 510 2683 sit
533 2608 654 2683 maior
686 2611 746 2683 vel
780 2608 974 2704 perfectior
1004 2609 1041 2682 in
1072 2611 1201 2704 pulcro
1234 2630 1401 2705 corpore,
1432 2609 1495 2683 sed

321 2730 463 2827 gratior
482 2728 621 2824 judicio
645 2729 859 2805 videntium.
878 2729 915 2803 Si
937 2728 1036 2804 enim
1061 2730 1187 2825 pulcra
1205 2730 1251 2805 sit
1267 2730 1396 2825 pudica
1416 2750 1496 2805 ma·
1530 2774 1533 2781 -

321 2850 378 2945 gis
401 2848 575 2923 laudatur
600 2855 639 2923 et
662 2848 781 2945 magis
805 2856 861 2923 est
885 2854 990 2945 grata
1017 2848 1233 2943 videntibus,
1260 2850 1343 2925 licet
1375 2850 1495 2924 torma

321 2989 395 3043 non
420 2968 466 3043 sit
491 2988 551 3042 res
575 2966 763 3060 invidiosa,
789 2967 866 3041 imo
890 2967 1023 3062 saepius
1047 2968 1235 3063 damnosa,
1253 2976 1296 3041 ut
1320 2970 1439 3066 patuit
1458 2970 1494 3041 in

320 3088 469 3181 llelena,
501 3086 632 3162 Paride
661 3092 699 3161 et
730 3086 887 3181 (lusere,
916 3108 977 3161 mo
1006 3091 1270 3180 rtwgnorecrai
1297 3092 1348 3163 ct’
1361 3093 1396 3162 io
1428 3108 1494 3161 son

320 3208 509 3300 Piceordm
538 3227 651 3301 quam
678 3214 720 3281 tu
745 3206 876 3281 novisti
901 3205 937 3280 in
965 3206 1050 3301 vita,
1073 3213 1111 3281 et
1136 3207 1182 3283 de
1208 3230 1281 3303 qua
1309 3216 1349 3282 tu
1376 3207 1493 3304 petisti

319 3330 472 3404 tratrem
498 3346 625 3401 meum
650 3326 841 3401 Foresium
877 3327 914 3401 in
946 3328 1172 3424 purgatorio.
1199 3329 1244 3401 Et
1270 3328 1384 3426 tangit
1415 3348 1495 3403 sor·

317 3455 406 3542 tem,
431 3448 575 3523 dicens:
601 3448 662 3519 cle
680 3453 786 3539 noste
801 3450 874 3539 uiri,
892 3446 1040 3539 scilicet,
1061 3447 1098 3520 iu
1119 3467 1275 3541 corpore
1295 3447 1405 3540 lunae,
1428 3468 1494 3520 con

317 3571 426 3661 queo&
441 3569 527 3641 altri
542 3567 645 3656 tent,
662 3564 808 3660 scilicet,
825 3565 1041 3663 virginibus,
1058 3567 1160 3639 moto
1183 3587 1250 3641 son
1275 3569 1367 3641 noua
1386 3586 1494 3659 spero

315 3684 377 3783 piat
401 3691 522 3779 turdo,
547 3686 694 3780 scilicet,
728 3686 838 3760 lunae.
874 3686 928 3761 ld
958 3686 1057 3780 quod
1086 3694 1142 3762 est
1171 3686 1359 3763 sciendum
1394 3687 1493 3781 quod

321 3807 575 3904 unusquisque
598 3807 743 3902 planeta
768 3806 953 3881 consumit
975 3806 1058 3901 plus
1083 3807 1142 3882 vel
1172 3807 1294 3881 minus
1320 3807 1494 3902 temporis

319 3929 357 4001 in
390 3948 601 4003 succursu
636 3925 840 4002 secundum
874 3925 1120 4000 maioritatem
1154 3927 1213 4001 vel
1245 3925 1492 4001 minoritatem

318 4047 543 4122 circulorum
569 4046 808 4139 eorumdem;
833 4045 932 4138 quia,
950 4044 1097 4141 scilicet,
1116 4044 1277 4121 circulus
1303 4046 1412 4119 unius
1437 4052 1493 4119 est

318 4167 438 4242 maior
461 4167 600 4243 circulo
623 4165 788 4259 alterius,
815 4164 1002 4258 quoniam,
1026 4170 1069 4237 ut
1095 4170 1250 4240 testatur
1274 4166 1491 4258 Macrobius

318 4306 447 4363 omnes
471 4288 627 4382 planete
650 4284 841 4379 equaliter
866 4289 1080 4378 moventur3
1100 4305 1184 4358 nam
1204 4284 1252 4359 ita
1271 4285 1342 4359 cito
1363 4285 1492 4361 transit

319 4409 406 4484 luna
430 4429 547 4483 uuum
574 4406 732 4481 stadium
758 4404 805 4479 de
830 4404 968 4479 circulo
999 4424 1068 4478 suo
1102 4404 1196 4480 sieut
1222 4406 1275 4479 sol
1303 4427 1418 4480 uuum
1445 4405 1492 4479 de

318 4549 411 4623 suo;
436 4528 519 4603 ideo
543 4528 632 4601 luna
657 4523 981 4614 videturnelocior
998 4522 1036 4597 in
1053 4530 1157 4598 motu
1176 4544 1243 4598 suo
1261 4544 1347 4599 cum
1367 4532 1491 4600 tamen

318 4668 392 4725 non
409 4648 464 4721 sit.
483 4646 553 4721 Sed
570 4645 630 4721 liic
645 4665 752 4740 spera
769 4645 867 4717 lunae
888 4641 1093 4736 appellatur
1116 4642 1231 4736 tarda,
1253 4642 1344 4718 idest
1366 4664 1490 4739 parva,

318 4769 405 4864 quia
430 4766 599 4843 describit
624 4764 805 4839 minorem
826 4762 1029 4856 circulum3
1047 4763 1105 4838 vel
1125 4763 1257 4838 dicitur
1283 4764 1386 4839 tarda
1404 4763 1490 4859 quia

378 5029 406 5091 Ρ)
421 5028 453 5079 ll.
469 5025 686 5079 marmoribus
937 5022 966 5084 (¹)
982 5028 1005 5083 ὅ,
1021 5036 1178 5088 “temere
1194 5037 1246 5075 me.

448 5134 488 5180 lv.
1327 5132 1354 5173 24
