4342 6692
621 845 758 900 cunnus
784 844 975 900 vrucsruus
1000 842 1193 897 sucunuus.
1444 827 1491 896 37

318 993 420 1069 Unde
446 991 634 1067 Vitruvius
659 989 753 1064 libro
778 988 823 1064 de
848 988 1114 1081 Architectura,
1139 1008 1212 1062 non
1236 988 1356 1062 solum
1383 992 1491 1060 vocat

318 1116 521 1190 Homerum
556 1112 733 1206 divinum,
766 1110 830 1186 sed
864 1108 1063 1205 quemdam
1097 1107 1210 1182 deum
1246 1107 1489 1202 eloquentiae3

319 1234 402 1310 ideo
428 1253 501 1308 non
526 1233 632 1328 plura
657 1231 738 1306 dico
762 1231 809 1304 de
834 1249 890 1304 eo.
909 1231 952 1302 Et
969 1229 1090 1303 subdit
1107 1228 1243 1323 vicum,
1263 1228 1297 1301 in
1316 1248 1390 1322 quo
1409 1246 1490 1301 mo·

321 1359 451 1429 rantur
476 1357 513 1428 et
538 1352 626 1446 quid
650 1356 851 1446 operantur
876 1350 914 1423 in
940 1368 997 1444 eo,
1015 1348 1157 1422 dicens:
1184 1369 1299 1440 spesse
1319 1350 1402 1440 fiae
1425 1368 1492 1420 rn-

319 1478 476 1568 oioniom
499 1475 557 1546 del
581 1479 707 1563 monte,
729 1469 876 1565 ¹scilicet,
894 1471 1066 1563 Parnaso,
1086 1467 1258 1543 Paradiso
1278 1475 1414 1563 nostro,
1432 1469 1492 1540 cle

320 1615 456 1686 sempre
480 1595 527 1665 lo
551 1595 582 1665 te
607 1594 734 1664 cunici
757 1597 876 1664 nostre
899 1611 990 1680 seco,
1008 1590 1154 1683 scilicet,
1167 1588 1329 1684 poeticas
1355 1608 1491 1682 musas,

323 1735 407 1789 narn
435 1718 592 1788 tractant
617 1711 758 1787 fabrilia
785 1711 888 1805 labri,
909 1718 949 1784 ut
973 1708 1058 1784 dicit
1079 1709 1270 1803 Horatius,
1296 1712 1354 1782 net
1374 1713 1492 1802 primo

322 1836 469 1922 ceronio,
495 1833 630 1908 scilicet
654 1831 778 1925 limbo,
805 1834 861 1904 del
883 1851 1025 1904 carcere
1050 1833 1154 1923 eicco,
1175 1830 1321 1922 scilicet,
1349 1830 1491 1923 inserui,

322 1955 384 2050 qui
399 1960 454 2030 est
466 1972 594 2028 carcer
611 1959 771 2026 aeteruus
788 1951 1047 2025 damnatorum
1062 1952 1192 2045 plenus
1207 1951 1370 2025 caecitate
1387 1951 1493 2047 igno-

322 2075 450 2150 rantiae
466 2079 503 2150 et
521 2071 771 2148 tenebrarum.
785 2111 835 2168 ,-
849 2073 1024 2164 Euripide.
1043 2071 1108 2146 llic
1129 2071 1301 2169 Virgilius
1322 2071 1408 2165 quia
1425 2091 1494 2144 no-

321 2195 526 2270 minaverat
538 2194 741 2267 Homerum
759 2191 958 2287 principem
977 2198 1170 2286 poetarum
1188 2212 1409 2288 greacorum,
1422 2190 1492 2265 sub

322 2315 428 2389 cuius
452 2313 566 2388 tutela
592 2319 678 2388 sunt
702 2332 831 2387 omnes
849 2318 977 2407 poetae,
1000 2332 1098 2386 nunc
1123 2311 1287 2387 nominat
1313 2309 1492 2406 quosdam

321 2434 411 2508 alios
437 2439 562 2528 poetam
585 2451 739 2529 graecos,
755 2432 898 2506 dicens:
916 2435 1084 2524 Euripide
1107 2435 1139 2504 u’
1153 2427 1175 2506 e*
1187 2453 1307 2524 nosco,
1325 2453 1411 2506 cum
1430 2452 1494 2505 su-

323 2553 491 2651 pradictis
516 2552 553 2626 in
579 2551 710 2628 eodem
731 2553 822 2626 loco.
842 2551 905 2626 liic
924 2551 1001 2646 luit,
1021 2559 1062 2625 ut
1079 2552 1165 2627 dicit
1181 2553 1397 2647 Macrobius,
1417 2553 1495 2626 cla-

327 2673 490 2748 rissimus
515 2677 621 2768 poeta
648 2672 819 2769 tragicus,
845 2692 956 2766 quem
983 2692 1081 2767 saepe
1105 2674 1239 2769 allegat
1260 2673 1495 2768 philosophus

324 2795 360 2868 in
385 2795 461 2868 suis
485 2794 585 2868 libris
612 2794 824 2887 moralibus,
841 2793 904 2886 qui
923 2793 1006 2868 lecit
1026 2793 1183 2868 nobilem
1211 2794 1427 2890 tragoediam
1448 2793 1495 2868 de

324 2916 519 3012 Meleagro,
539 2916 575 2989 in
595 2935 669 3008 qua
695 2913 865 2990 describit
883 2914 920 2987 in
938 2935 1013 3008 quo
1031 2914 1156 2988 habitu
1175 2914 1316 2988 venerit
1338 2915 1496 3009 quisque

324 3035 462 3110 ducum
489 3035 534 3110 ad
560 3034 779 3130 capiendum
804 3054 958 3129 aprum3
976 3040 1012 3108 et
1037 3033 1114 3128 ipse
1139 3034 1284 3108 tandem
1312 3034 1496 3108 laceratus

324 3162 429 3230 esta
460 3155 612 3230 canibus
645 3175 718 3228 non
755 3154 792 3228 in
827 3154 1020 3229 venatione
1049 3154 1179 3228 sedin
1212 3155 1297 3229 aula
1329 3154 1495 3230 Archelai

326 3275 422 3372 regis
447 3273 676 3368 Macedonia,
703 3281 736 3347 et
759 3276 946 3368 natisonis,
972 3281 1078 3368 poeta
1103 3294 1249 3370 graecus
1273 3275 1337 3368 qni
1362 3274 1496 3349 dicitur

325 3395 453 3472 iecisse
478 3395 612 3468 librum
639 3395 686 3468 de
712 3393 1009 3488 interpretatione
1028 3393 1257 3468 somniorum
1283 3401 1320 3470 et
1347 3415 1498 3490 respou-

326 3538 474 3611 sorum;
501 3517 689 3606 Simonide,
719 3521 827 3610 poeta
855 3535 1011 3610 graecus,
1038 3514 1102 3608 qui
1134 3521 1304 3589 mortuus
1334 3523 1390 3590 est
1421 3536 1498 3610 prce

327 3637 462 3734 gaudio
480 3635 602 3710 habita
620 3634 770 3710 victoria
790 3634 898 3708 unius
915 3655 992 3708 suae
1010 3633 1366 3731 tragoediamque
1383 3635 1499 3711 multa

328 3765 414 3834 sunt
437 3756 535 3852 apud
553 3755 740 3830 Valerium
763 3760 800 3828 et
817 3754 995 3848 Plinium;
1018 3760 1190 3846 nocturne,
1208 3754 1276 3830 iste
1301 3755 1368 3829 luit
1391 3762 1499 3851 poeta

328 3899 472 3976 graecus
497 3884 535 3952 et
560 3875 730 3972 tragicus.
758 3876 802 3948 Et
827 3875 928 3950 dicit:
954 3883 987 3948 et
1009 3879 1095 3949 oltn'
1114 3879 1196 3968 piae
1218 3880 1326 3968 croci,
1352 3877 1499 3972 scilicet,

329 3997 506 4094 poetae3*
535 4002 573 4070 et
610 3996 705 4070 bene
741 3994 838 4088 dicit,
873 3993 959 4088 quia
995 3994 1100 4068 multi
1137 3995 1197 4068 alii
1232 3995 1382 4069 luerunt
1412 4017 1500 4090 poe·

328 4113 459 4208 tae*i⁴l
484 4116 594 4214 graeci
622 4137 695 4190 non
727 4115 848 4189 minus
877 4115 1018 4209 fumosi,
1043 4115 1138 4189 sicut
1163 4115 1341 4189 Pindarus
1373 4116 1500 4191 theba·

329 4263 410 4333 nus,
444 4239 650 4334 Sophocles,
685 4236 875 4330 AEschilus,
909 4235 1061 4329 AlcaeuS,
1092 4255 1222 4310 omnes
1251 4237 1391 4332 tragici,
1420 4236 1501 4310 Ari·

259 4422 262 4428 .
328 4363 523 4458 stophanes
560 4357 733 4452 antiquus
762 4357 925 4432 comicus
950 4354 1033 4432 *et
1066 4357 1255 4432 Philemon
1293 4355 1502 4431 notissimus

328 4482 492 4560 comicus
508 4471 578 4572 *l²)
611 4485 648 4555 et
679 4478 803 4573 plures
826 4477 897 4567 alii,
928 4498 951 4552 a
976 4478 1112 4572 qrribus
1135 4477 1306 4551 omnibus
1332 4475 1502 4573 Virgilius

330 4604 447 4677 multa
471 4601 619 4697 accepit.
647 4601 691 4674 Et
715 4598 819 4674 dicit:
840 4601 900 4672 cle
923 4589 984 4690 old
1008 4601 1047 4672 di
1066 4603 1170 4672 lauro
1189 4621 1304 4673 maur
1321 4602 1357 4672 tu
1371 4603 1503 4693 fronte,

393 4909 420 4972 (⁸)
437 4909 473 4960 Le
489 4909 578 4972 parole
595 4907 634 4958 ln
651 4907 659 4958 l
676 4907 726 4957 due
742 4905 876 4958 mterischl
892 4919 939 4956 son
955 4907 1068 4970 supplite
1084 4907 1125 4956 dul
1140 4905 1227 4956 Codtcl
1244 4904 1382 4954 Estenree
1401 4907 1454 4954 11⁷.

395 4985 423 5052 w
439 4987 475 5038 ts
491 4985 580 5050 wrote
596 4985 637 5036 lm
653 4985 662 5036 i
678 4985 728 5036 due
744 4983 878 5036 mmischl
893 4997 940 5034 son
956 4984 1068 5047 supputo
1084 4985 1125 5034 dui
1139 4983 1227 5034 ecdici
1243 4981 1350 5032 liutem
1365 4992 1381 5030 ο
1399 4984 1452 5031 11⁷.
