4342 6692
669 876 741 965 35⁴.
1061 885 1266 941 couenruu
1291 882 1460 939 rnunorsr

667 1032 792 1107 rudius
816 1032 902 1107 solis
926 1032 1107 1107 retractus
1132 1029 1170 1105 in
1195 1028 1389 1125 superficie
1413 1025 1578 1121 corporis
1604 1025 1743 1101 lunaris
1769 1046 1844 1101 non

667 1160 763 1229 esset
787 1154 953 1229 diversus
978 1152 1015 1227 in
1040 1150 1206 1227 claritate
1230 1151 1277 1226 ub
1302 1150 1364 1225 ilio
1390 1147 1494 1223 radio
1519 1146 1582 1243 qui
1600 1146 1646 1221 sit
1663 1147 1844 1223 retractus

669 1271 765 1347 intra
790 1293 924 1368 corpus
949 1273 1047 1346 lunae
1072 1292 1187 1367 prope
1212 1277 1393 1347 centrum.
1421 1268 1475 1341 Ad
1499 1266 1753 1363 probationem
1773 1288 1845 1359 au-
1928 1350 1930 1353 ,

670 1396 747 1467 tem
766 1391 876 1465 huius
892 1390 1039 1466 adducit
1056 1390 1309 1486 probationem
1327 1390 1577 1486 speculorum,
1590 1388 1627 1461 in
1642 1388 1845 1482 quibusvi-

671 1510 817 1586 debitur
841 1512 969 1586 iumen
993 1512 1159 1587 eiusdem
1186 1512 1288 1609 ignis,
1307 1530 1382 1587 non
1407 1511 1575 1585 obstante
1600 1508 1699 1603 quod
1726 1529 1843 1583 unum

671 1633 862 1732 specuium
879 1632 926 1705 sit
943 1632 1059 1727 magis
1074 1633 1183 1729 longe
1199 1633 1248 1707 ab
1264 1631 1348 1729 igne
1366 1650 1481 1726 quum
1497 1630 1608 1706 aliud.
1624 1629 1715 1705 Dicit
1731 1650 1843 1725 ergo:

677 1759 726 1828 in
739 1754 933 1847 prendcrui
951 1760 1004 1827 tre
1019 1754 1165 1845 speccni,
1184 1773 1203 1825 o
1221 1754 1372 1826 mmuooi
1388 1754 1482 1825 idue
1498 1754 1547 1827 du
1566 1758 1610 1843 te,
1627 1750 1729 1845 idest,
1749 1770 1846 1845 pone

671 1875 829 1969 alonge
853 1880 939 1949 aute
965 1880 1014 1967 te,
1039 1876 1073 1946 α’
1086 1894 1134 1945 un
1163 1875 1281 1963 modo,
1307 1872 1409 1965 idest,
1436 1870 1636 1965 equaliter,
1662 1892 1681 1943 e
1713 1872 1845 1944 iutro

665 1987 729 2087 piri
753 1995 916 2086 rimosso,
941 1992 1044 2088 idest,
1069 1998 1108 2067 et
1141 2012 1216 2067 uno
1250 1991 1321 2067 aiio
1354 1990 1464 2065 tertio
1493 1991 1642 2087 speculo
1676 1989 1794 2085 magis
1823 2011 1846 2064 a

670 2114 780 2207 longe
805 2111 932 2207 posito,
958 2116 1001 2187 tr'
1014 2112 1118 2186 umbo
1143 2115 1170 2187 u·
1189 2114 1309 2204 primi,
1333 2110 1436 2206 idest,
1455 2111 1551 2185 iuter
1576 2110 1635 2185 illa
1661 2109 1735 2184 duo
1762 2129 1845 2205 spe-

671 2234 756 2307 euia
780 2232 911 2328 primu,
931 2235 1058 2307 ritrooi
1080 2235 1132 2324 pli
1156 2234 1251 2305 occni
1275 2234 1365 2307 moi:
1389 2234 1517 2306 ricolto
1537 2233 1586 2304 ad
1602 2234 1680 2322 essi,
1699 2229 1847 2325 scilicet,

671 2352 718 2427 ad
744 2354 803 2427 iiia
830 2354 898 2427 triu
932 2353 1081 2447 specula
1113 2352 1304 2447 praedicto3
1335 2351 1478 2445 deinde,
1505 2355 1557 2446 [α’
1574 2354 1633 2425 cite
1665 2372 1714 2425 un
1744 2355 1847 2443 tunic,

673 2472 765 2547 sicut
786 2472 910 2547 rudius
927 2472 1012 2547 solis
1029 2473 1088 2548 rei
1106 2472 1209 2569 ignis,
1228 2475 1253 2545 o·
1271 2480 1345 2546 sica
1362 2474 1454 2564 dopo
1467 2474 1493 2545 'l
1508 2474 1626 2562 docco,
1643 2492 1666 2545 a
1681 2464 1719 2564 (¹)
1742 2477 1849 2568 tergo

675 2600 754 2687 tuo,
786 2596 859 2686 cte,
889 2594 990 2687 idest,
1020 2593 1120 2688 quod
1152 2594 1289 2687 lumen,
1322 2595 1489 2684 nocenda,
1520 2591 1623 2686 idest,
1655 2590 1847 2683 illuminet,

675 2716 690 2787 i
713 2722 766 2788 tre
789 2717 934 2809 sperent,
960 2721 998 2789 et
1019 2714 1075 2788 iac
1098 2713 1197 2808 quod
1214 2712 1302 2787 iilud
1322 2714 1459 2807 lumen,
1476 2716 1685 2806 repercusso,
1703 2711 1848 2806 scilicet,

676 2853 742 2929 per
768 2834 1017 2928 reflexionem,
1041 2836 1173 2907 ritorui
1197 2855 1222 2908 a
1246 2840 1276 2907 u
1301 2836 1349 2907 du
1374 2836 1459 2925 tutti,
1479 2832 1583 2924 idest,
1604 2833 1651 2907 ob
1677 2832 1850 2906 omnibus

677 2954 794 3028 tribus
819 2955 975 3050 speculis
999 2954 1190 3050 predictis,
1208 2949 1344 3045 beneio,
1361 2952 1465 3048 idest,
1483 2953 1663 3047 quemuis,
1685 2956 1722 3026 iu
1745 2956 1847 3047 outo,

676 3073 779 3169 idest,
805 3073 895 3149 risio
921 3083 997 3170 tua,
1028 3070 1091 3169 pici
1116 3077 1274 3165 lontano,
1301 3072 1401 3167 idest,
1429 3092 1513 3166 quae
1546 3071 1689 3166 respicit
1719 3075 1852 3167 specu-

676 3195 756 3268 lum
775 3195 891 3291 magis
907 3216 930 3269 a
947 3196 1057 3292 longe
1074 3194 1246 3290 positum,
1260 3196 1508 3267 consistendo
1521 3199 1617 3267 uuo
1633 3196 1692 3267 nel
1707 3200 1850 3286 quanto,

677 3314 781 3409 idest,
805 3335 881 3389 non
905 3314 1026 3390 videat
1049 3321 1191 3389 tautum
1218 3314 1265 3389 de
1289 3312 1493 3408 quantitate
1510 3312 1668 3407 luminis,
1687 3304 1711 3387 u
1728 3316 1853 3387 vedroi

677 3456 774 3508 come
797 3437 941 3507 concion
970 3437 1020 3507 ct’
1033 3437 1246 3525 epuuimeute
1269 3436 1463 3526 conplenda,
1488 3431 1634 3526 scilicet,
1665 3434 1852 3528 quodlibet

679 3556 792 3628 trium
819 3554 1054 3649 speculorum
1080 3554 1351 3649 predictorum.
1379 3553 1423 3625 Et
1448 3558 1535 3627 nota
1557 3551 1615 3626 hic
1632 3552 1729 3648 quod
1753 3551 1851 3626 istud

680 3673 890 3770 exemplum
916 3674 1057 3749 autoris
1076 3660 1215 3770 judicio
1242 3694 1327 3749 meo
1356 3694 1430 3749 uon
1458 3674 1651 3767 convincit,
1677 3674 1752 3747 imo
1778 3672 1853 3749 uon

619 3840 626 3857 ι
681 3794 763 3869 iecit
788 3793 836 3869 ad
861 3793 1099 3889 propositum,
1126 3794 1311 3888 quianon
1337 3800 1392 3869 est
1418 3792 1536 3867 simile
1564 3794 1611 3868 de
1641 3795 1791 3889 speculo
1816 3801 1854 3869 et

681 3934 837 4009 corpore
862 3915 978 4007 lunae;
1004 3934 1090 3989 nam
1117 3913 1307 4009 specuium
1333 3934 1406 3988 uon
1432 3912 1559 4008 recipit
1581 3914 1707 3989 iumen
1728 3914 1795 3988 uisi
1815 3914 1854 3987 in

682 4033 875 4129 superficie
898 4034 1115 4130 dynphannli
1133 4033 1232 4129 politi
1250 4034 1349 4129 quod
1366 4040 1556 4109 extentum
1583 4040 1638 4109 est
1662 4041 1700 4109 et
1726 4035 1854 4109 termi-

684 4161 833 4247 natum5
860 4152 958 4228 unde
975 4153 1062 4248 quin
1086 4154 1276 4249 specuium
1304 4154 1415 4229 hebet
1440 4154 1566 4229 iumen
1585 4175 1609 4229 a
1629 4161 1735 4251 tergo
1763 4154 1854 4229 rodii

683 4294 757 4347 non
782 4278 933 4369 possunt
957 4279 1164 4368 penetrare,
1182 4273 1258 4348 imo
1274 4272 1394 4347 statim
1417 4272 1704 4370 multiplicantur
1729 4273 1767 4347 in
1792 4296 1855 4349 su·

681 4393 830 4489 perticie
855 4393 951 4487 eius,
976 4394 1041 4467 sed
1066 4394 1103 4465 in
1129 4412 1284 4489 corpore
1309 4394 1406 4468 lunae
1436 4400 1493 4469 est
1516 4414 1623 4471 secus
1651 4394 1737 4490 quin
1763 4394 1855 4471 rodii
1884 4470 1888 4477 .

681 4513 954 4609 profunduntur
979 4533 1099 4607 usque
1123 4513 1170 4588 nd
1196 4517 1376 4588 centrum.
1812 4600 1818 4609 ,

761 4638 813 4707 Or
837 4654 933 4706 conte
957 4636 995 4706 ui
1017 4636 1117 4725 colpi.
1146 4633 1215 4707 istu
1235 4617 1290 4707 est
1309 4638 1442 4727 quartu
1467 4640 1506 4709 et
1531 4632 1660 4710 ultima
1684 4656 1769 4731 pars
1789 4656 1856 4733 ge-

684 4754 829 4848 neralis,
854 4753 891 4828 in
918 4774 992 4849 qua
1017 4753 1165 4829 Beutrix
1186 4753 1371 4829 destructa
1391 4761 1428 4829 et
1445 4762 1585 4831 cassata
1601 4756 1771 4852 opiuioue
1787 4778 1856 4833 suo

748 5021 776 5085 (¹)
792 5022 824 5073 B.
840 5022 906 5074 idest
921 5036 936 5073 ι
951 5028 1035 5088 tergo.
1069 5029 1076 5034 '
