4342 6692
703 882 777 951 37⁸
1097 896 1301 953 uousnruu
1326 896 1492 951 nnnlnrsr

702 1040 821 1117 edicto
846 1040 1016 1136 principis
1032 1040 1169 1115 lactum
1189 1048 1257 1135 est,
1274 1040 1588 1137 appropinquanto
1608 1047 1775 1137 tempore
1790 1060 1878 1135 par-

703 1168 775 1255 tus,
796 1166 839 1235 ut
864 1161 1003 1235 nobiles
1028 1167 1208 1235 matronae
1227 1182 1273 1235 ex
1296 1167 1371 1235 tota
1393 1160 1509 1235 insula
1530 1166 1772 1254 vocarentur3
1792 1161 1877 1253 qui-

703 1281 774 1354 bus
799 1280 1039 1375 praesentibus
1064 1281 1135 1355 sub
1161 1280 1317 1357 tentorio
1344 1279 1444 1375 apud
1470 1281 1709 1374 Panormum,
1736 1281 1875 1377 peperit
1948 1324 1951 1329 ι

703 1399 866 1475 terribile
898 1408 1125 1493 monstrum,
1154 1400 1289 1476 scilicet
1318 1399 1544 1475 Friderieum
1568 1401 1597 1473 ll
1633 1402 1773 1475 hostem
1807 1400 1876 1473 im·

706 1521 919 1616 placabilem
949 1520 1124 1595 ecelesiae.
1160 1520 1263 1596 Unde
1300 1521 1518 1615 Fridericus,
1549 1520 1697 1614 quaudo
1731 1520 1876 1595 volebat

705 1644 827 1717 lasere
850 1640 1015 1716 solemne
1039 1646 1324 1736 sacramentum,
1351 1642 1508 1717 habebat
1532 1640 1579 1715 de
1604 1640 1874 1717 rnoreutcere:

703 1764 775 1837 Per
800 1762 888 1836 illud
914 1762 1148 1855 miraculum,
1173 1783 1249 1857 quo
1282 1770 1402 1837 mater
1437 1782 1518 1837 mea
1548 1762 1676 1859 genuit
1704 1784 1774 1855 me,
1807 1782 1877 1860 ego

704 1883 756 1958 sie
780 1882 923 1957 taciem.
947 1882 1053 1957 Nunc
1077 1882 1124 1955 ad
1150 1881 1292 1957 literam
1311 1882 1397 1957 dicit
1413 1882 1588 1957 Pieharda
1607 1882 1677 1956 siu:
1704 1888 1737 1955 E
1759 1894 1876 1978 questo

702 2005 799 2076 altro
822 2005 1002 2095 splendor,
1023 2002 1230 2095 benedicit,
1248 2002 1333 2096 quia
1352 2002 1560 2076 Constantia
1579 2020 1627 2075 ex
1652 2002 1736 2075 alto.
1748 2022 1873 2077 rerum

704 2122 866 2199 eulmine
890 2122 1025 2197 ellulsit
1042 2123 1078 2195 in
1096 2128 1222 2197 nostro
1238 2124 1329 2197 orbe
1346 2122 1569 2215 occidentali,
1589 2120 1660 2196 lilia
1679 2122 1774 2219 regis
1796 2144 1877 2197 rna·

705 2244 779 2340 gni,
807 2264 901 2317 uxor
928 2242 1077 2317 maioris
1103 2242 1352 2337 imperatoris:
1371 2250 1408 2317 et
1434 2242 1463 2315 si
1488 2242 1554 2316 luit
1571 2242 1728 2339 gloriosa
1746 2242 1781 2315 in
1799 2250 1874 2317 ter·

706 2363 756 2436 ris
781 2362 918 2437 virtute
946 2367 984 2437 et
1015 2362 1174 2456 potentia
1203 2383 1348 2459 magna,
1375 2372 1513 2456 quanto
1543 2360 1660 2457 magis
1691 2362 1727 2435 in
1758 2362 1878 2436 ooelol

706 2486 767 2557 cte
792 2486 817 2555 n·
839 2486 872 2555 ri
896 2488 1031 2561 mostra
1055 2484 1153 2571 ‹lulle
1178 2485 1249 2555 mie
1274 2486 1394 2556 uestra
1419 2491 1537 2575 porte,
1563 2482 1705 2557 ratione
1730 2482 1878 2555 maioris

709 2604 867 2697 lionoris,
893 2625 912 2675 e
935 2605 996 2677 elle
1010 2605 1212 2695 s'nrcenrle,
1235 2601 1337 2698 idest,
1357 2604 1584 2679 illuminatur
1610 2611 1646 2677 et
1671 2603 1878 2677 inllamma-

706 2730 781 2815 tur,
807 2726 845 2797 di
868 2728 952 2797 tutto
968 2726 995 2796 'l
1017 2726 1107 2798 turne
1132 2726 1222 2796 dello
1254 2744 1361 2815 spera
1393 2731 1530 2813 inostro,
1560 2722 1661 2816 idest,
1692 2722 1877 2798 inlluentia

708 2846 817 2938 luam,
844 2846 948 2939 quasi
972 2844 1069 2918 dicat
1093 2844 1191 2939 qnod
1219 2844 1284 2917 luit
1310 2865 1398 2919 vere
1428 2844 1498 2918 lilia
1530 2845 1627 2917 lunae
1647 2832 1757 2917 lanto
1783 2849 1878 2917 tem-

707 2985 798 3060 pore
816 2965 1007 3039 continens
1031 2971 1069 3038 et
1094 2984 1244 3037 servans
1263 2964 1676 3060 virginitaten13sorelle
1699 2967 1754 3057 su,
1776 2963 1877 3056 idest,

708 3085 894 3178 monialis3
920 3092 957 3159 et
982 3085 1067 3159 iacit
1092 3106 1204 3159 unam
1233 3084 1554 3179 interpositionem,
1576 3084 1711 3177 dicens,
1728 3086 1877 3173 intende,

591 3284 597 3297 ,
706 3211 747 3278 tu
774 3206 920 3297 Dentes,
946 3206 984 3278 dt
1007 3200 1047 3277 se*
1068 3198 1122 3276 citi
1147 3206 1246 3277 cl'io
1262 3207 1340 3278 dico
1357 3207 1395 3277 di
1412 3224 1475 3298 me,
1497 3204 1583 3298 quia
1609 3204 1736 3279 nolens
1753 3210 1791 3278 el
1811 3204 1877 3278 do·

705 3326 786 3399 lens
811 3330 926 3397 tracta
953 3324 1020 3398 luit
1044 3323 1091 3399 tle
1116 3322 1211 3397 dulei
1230 3323 1408 3415 claustr03
1427 3322 1525 3427 uude
1545 3322 1649 3398 dicit:
1667 3345 1686 3397 e
1706 3315 1777 3396 cosi
1792 3326 1825 3397 le
1837 3326 1877 3416 [ιι

708 3447 806 3534 tolla,
831 3444 927 3518 sicut
952 3444 1053 3537 milri,
1077 3448 1117 3517 ali
1140 3465 1229 3536 cepo
1253 3444 1410 3517 l'ornltra
1427 3446 1515 3517 delle
1534 3464 1638 3517 serre
1653 3445 1771 3535 tende,
1791 3463 1875 3516 nam

707 3584 730 3639 a
756 3564 840 3639 velo
865 3564 997 3638 villari
1022 3565 1222 3660 pretiosum
1249 3564 1431 3657 diadema,
1456 3572 1493 3638 et
1518 3564 1565 3638 ab
1591 3586 1720 3660 aspera
1755 3564 1876 3639 tunica

707 3684 873 3758 transivit
897 3684 943 3757 ad
971 3704 1173 3778 purpuram
1203 3702 1344 3779 regum.
1358 3724 1408 3739 ·-
1421 3690 1494 3758 llo.
1512 3685 1577 3758 llic
1597 3684 1772 3759 Piclrarda
1791 3704 1878 3758 uar-

709 3809 768 3878 rat
792 3804 1032 3879 constantiam
1066 3804 1177 3898 ipsius
1209 3803 1440 3897 Constante,
1466 3803 1608 3878 diceus:
1636 3809 1699 3877 Ma
1725 3806 1788 3895 poi
1817 3806 1877 3876 clre

703 3946 777 4019 pur
801 3927 841 3998 el
863 3927 992 3999 mondo
1019 3927 1061 4017 [ιι
1093 3927 1235 4017 rivolta,
1264 3925 1323 3999 illa
1355 3924 1469 4018 virgo,
1495 3930 1619 3997 corruo
1649 3944 1713 3997 suo
1729 3924 1875 4016 prado,

707 4044 811 4137 idest,
832 4051 958 4119 votum
985 4060 1095 4117 suurn
1117 4043 1378 4136 voluntarium,
1403 4065 1422 4116 e
1445 4050 1570 4117 eontra
1591 4044 1706 4116 buono
1722 4063 1872 4137 manzo,

709 4167 795 4259 quia
821 4171 948 4239 contra
975 4165 1086 4261 leges,
1112 4163 1273 4257 decretu,
1298 4169 1336 4237 et
1362 4182 1502 4257 mores,
1533 4163 1615 4238 ideo
1646 4164 1743 4238 male
1772 4164 1878 4239 cessit

708 4286 969 4378 sacerdotibus,
995 4306 1066 4359 non
1087 4290 1129 4379 [ιι
1152 4287 1216 4358 dal
1238 4287 1293 4358 vel
1315 4287 1373 4357 del
1394 4304 1481 4357 error
1510 4286 1680 4375 eluminat
1707 4287 1877 4375 malello,

708 4405 795 4499 quia
820 4424 966 4499 semper
992 4405 1029 4478 in
1054 4404 1179 4479 animo
1207 4404 1355 4498 retinuit
1373 4403 1537 4477 habitum
1561 4404 1815 4479 monasticum.
1836 4406 1878 4477 Et

707 4523 766 4599 lrie
792 4531 876 4598 nota
903 4524 1001 4619 quod
1014 4524 1152 4620 judicio
1173 4518 1256 4597 meo
1275 4522 1449 4598 Piolmrda
1468 4523 1613 4597 ridetur
1632 4523 1748 4619 magis
1765 4544 1880 4599 excu-

708 4645 820 4719 sanda
852 4665 966 4738 quam
999 4644 1224 4736 constantim
1251 4642 1382 4737 primo,
1409 4644 1494 4737 quia
1520 4643 1727 4718 Constantia
1757 4634 1904 4719 vetula

711 4765 832 4839 virum
859 4784 932 4838 non
959 4770 1112 4839 noverat
1138 4782 1257 4855 usque
1283 4762 1319 4836 iu
1344 4769 1591 4857 senectutem3
1617 4762 1684 4837 ista
1712 4782 1801 4837 vero
1818 4764 1880 4859 ju-

712 4884 866 4958 vencula
892 4890 973 4958 orat
997 4884 1077 4958 viro
1102 4884 1286 4979 aptissima
1313 4882 1348 4955 in
1374 4884 1628 4959 florentissima
1660 4882 1787 4979 patria.
1814 4884 1880 4958 Se·

712 5003 845 5096 eundo,
863 5004 949 5097 quia
968 5011 1128 5079 mentem
1149 5004 1360 5077 firmaverat
1377 5003 1577 5079 diutissime
1594 5004 1631 5077 in
1649 5023 1717 5077 suo
1734 5004 1878 5100 habitu;
