4342 6692
662 923 801 978 cunnus
826 926 1017 980 vrensnms
1041 926 1185 980 neruus.
1458 913 1503 982 15

333 1068 429 1142 viter
453 1065 584 1162 dicam,
602 1067 839 1165 Augustinus,
856 1069 1113 1166 Hieronymus,
1134 1071 1299 1165 lintinus,
1316 1071 1504 1162 Horosius,

333 1194 370 1262 et
394 1187 518 1262 caeteri
544 1187 581 1260 in
606 1189 676 1263 boc
701 1189 933 1264 concordant.
965 1188 1036 1266 Sed
1065 1191 1161 1266 bene
1185 1190 1307 1266 diuina
1333 1191 1503 1266 maiestas
1624 1274 1627 1278 ,
1743 1208 1746 1214 ·

333 1308 384 1382 sie
409 1308 535 1383 statuit
558 1316 708 1404 propter
733 1317 881 1404 peccata
903 1311 1128 1405 judaeorum,
1153 1311 1241 1405 quia
1272 1311 1318 1386 de
1349 1311 1504 1388 inimicis

335 1427 425 1503 meis
450 1427 646 1503 uindictam
665 1428 806 1504 inciam.
821 1471 870 1484 ·-
889 1436 1008 1504 Tanto.
1028 1431 1092 1505 Hic
1109 1431 1246 1506 Statius
1262 1432 1348 1525 quia
1366 1429 1503 1506 descri-

334 1557 457 1644 pserat
483 1570 523 1623 se
547 1571 570 1623 a
596 1549 705 1623 nobili
732 1550 892 1643 scientia,
913 1551 1083 1626 describit
1099 1572 1140 1627 se
1155 1573 1178 1626 a
1195 1552 1299 1626 suavi
1317 1553 1504 1645 ,eloquen-

333 1667 394 1764 tia,
420 1669 562 1744 dicens:
594 1675 704 1742 Tanto
731 1673 773 1763 su
802 1673 901 1744 dolce
930 1674 999 1744 mio
1029 1675 1149 1746 vocale
1171 1674 1293 1763 sptrto.
1319 1672 1384 1746 Hic
1408 1671 1503 1766 capit

334 1789 500 1884 spiritum
534 1797 644 1885 prout
665 1782 702 1883 (¹)
729 1791 896 1866 accidens
927 1792 1085 1888 syllabae,
1112 1792 1217 1886 quasi
1242 1793 1355 1868 dicat:
1389 1813 1504 1868 sonus

238 1929 250 1943 ·
334 1908 434 1984 vocis
464 1929 557 2008 meae
592 1916 629 1985 et
663 1911 965 2005 pronuntiationis
995 1932 1081 1986 cum
1113 1932 1248 2009 magna
1280 1913 1503 2007 eloquentia,

335 2049 419 2122 quae
445 2035 543 2124 patet
569 2049 614 2105 ex
641 2030 813 2125 operibus
838 2031 929 2124 eius,
947 2031 992 2105 de
1010 2052 1083 2124 qua
1101 2031 1185 2106 dicit
1199 2023 1236 2124 (²)
1264 2032 1449 2108 luvenalis
1465 2033 1504 2106 in

334 2149 481 2244 Satyra:
511 2152 674 2224 curritur
702 2154 753 2224 ud
784 2171 901 2224 uocem
920 2153 1120 2242 jucundam
1149 2159 1183 2225 et
1213 2174 1356 2226 carmen
1380 2157 1503 2228 cume

339 2271 541 2360 Tbebaidos,
566 2273 681 2344 letam
718 2291 795 2343 eum
828 2273 910 2364 serit
945 2275 1073 2346 Statius
1111 2271 1243 2364 urbem,
1274 2277 1504 2366 Promisitpue

332 2393 447 2483 diem,-
473 2397 571 2464 teuta
601 2393 778 2464 dulcedine
807 2399 927 2484 captos
952 2394 1062 2482 Affiul
1084 2395 1140 2466 ille
1165 2396 1302 2469 animos
1326 2401 1394 2468 etc.
1424 2397 1503 2484 ete,
1634 2429 1637 2434 ·

334 2515 446 2584 Roma
472 2514 632 2585 trussemt
661 2514 833 2585 Tolosuuo
858 2533 882 2585 a
905 2534 951 2585 se.
979 2512 1061 2586 Fuit
1082 2513 1179 2587 enirn
1201 2513 1337 2588 Statius
1362 2513 1504 2610 origine

333 2630 378 2706 de
403 2631 513 2705 nobili
547 2631 688 2725 Tolosa,
719 2651 803 2725 quae
834 2639 888 2706 est
919 2633 1045 2708 civitas
1077 2633 1113 2706 in
1144 2634 1331 2728 pmvincia
1360 2635 1503 2708 Narbo-

334 2752 448 2846 nensi,
474 2752 572 2827 unde
597 2752 695 2826 venit
720 2753 875 2828 Romam
903 2759 1069 2849 tempore
1089 2754 1309 2849 Vespasiani,
1328 2762 1366 2829 et
1382 2776 1503 2849 usque

333 2869 369 2944 in
398 2879 563 2967 tempora
592 2871 784 2947 Domitiani
818 2874 997 2968 pervenit,
1024 2855 1086 2947 ubi
1116 2873 1245 2947 enituit
1275 2875 1396 2970 fulgor
1425 2877 1501 2949 elo-

333 2991 493 3082 quentiae
517 3013 605 3066 snae.
631 2991 734 3066 Unde
758 2992 861 3067 dicit:
887 2996 975 3066 dove
992 2995 1117 3066 mertui
1133 2995 1164 3065 le
1179 2996 1299 3085 tempu
1322 3014 1438 3066 orunr
1465 2998 1504 3069 dt

334 3113 448 3184 mtrlo.
474 3112 584 3200 Quasi
609 3112 726 3187 dicat:
761 3112 811 3186 tui
837 3117 1034 3186 coronatus
1059 3111 1193 3186 merito
1225 3111 1352 3187 fronde
1377 3113 1501 3210 myrti,

333 3249 418 3323 quae
443 3238 498 3305 est
523 3232 634 3307 arbor
659 3230 773 3308 calida
797 3233 967 3326 multum,
984 3230 1031 3306 ad
1051 3232 1301 3307 denotandum
1330 3233 1501 3311 ardorem

333 3349 466 3446 ingenii
492 3351 632 3446 poetici.
663 3352 784 3426 Multae
816 3359 939 3427 tamen
968 3359 1074 3426 erant
1102 3351 1189 3426 olim
1221 3373 1369 3426 eoronae
1383 3345 1419 3446 (³)
1455 3356 1504 3430 de

332 3469 466 3563 quibus
491 3469 633 3545 dicetur
658 3471 778 3565 primo
802 3472 960 3567 capitulo
986 3471 1158 3546 Paradisi.
1176 3472 1314 3547 Deinde
1330 3473 1502 3548 describit

332 3609 372 3664 se
397 3611 419 3664 a
445 3590 593 3664 nomine
617 3591 765 3687 propriu
790 3592 931 3666 dicens:
958 3595 1114 3683 tepente
1131 3614 1244 3666 aanor
1268 3598 1318 3666 mi
1340 3615 1449 3668 nome
1465 3598 1505 3670 dt

333 3697 381 3798 td,
407 3707 553 3800 scilicet,
579 3707 616 3781 in
642 3709 780 3784 mundo
805 3709 1027 3785 viventium:
1046 3718 1083 3784 et
1108 3711 1160 3785 sic
1177 3712 1339 3805 loquitur
1355 3714 1502 3809 Statius,

333 3827 419 3919 quia
451 3828 585 3902 Dentes
616 3836 696 3905 erat
728 3829 776 3903 ibi
809 3831 937 3924 rivus3
974 3836 1104 3905 Stuzlo.
1131 3833 1207 3906 Hoc
1233 3854 1368 3908 nomen
1396 3841 1504 3910 sonat

332 3946 516 4042 enectum,
544 3948 630 4042 quia
656 3949 753 4024 stetit
778 3949 839 4024 din
865 3951 1032 4025 occultus
1055 3951 1273 4026 christianus
1300 3953 1338 4026 in
1364 3954 1438 4029 vita
1463 3960 1503 4029 et

200 4097 202 4104 v
333 4073 412 4162 post
439 4075 596 4143 mortem
624 4070 722 4144 stetit
746 4091 812 4166 per
836 4075 891 4144 tot
916 4071 1059 4165 secula,
1079 4079 1116 4146 et
1137 4071 1231 4145 sicut
1257 4073 1426 4169 Virgilius
1446 4075 1502 4150 di·

333 4192 412 4260 ctus
438 4196 492 4262 est
516 4209 539 4263 a
564 4187 680 4286 virga,
706 4189 755 4264 ita
781 4189 915 4264 Statius
939 4190 1056 4264 dictus
1086 4197 1142 4265 est
1173 4193 1345 4265 surculus
1368 4215 1392 4268 a
1417 4217 1502 4270 sur·

333 4309 428 4402 culo,
454 4309 539 4403 quie
555 4297 594 4416 (ἢ
619 4309 713 4385 idem
744 4317 859 4386 sonat.
894 4310 1030 4385 Deinde
1055 4311 1189 4385 Statius
1214 4313 1385 4388 describit
1413 4336 1455 4390 se
1479 4337 1502 4391 a
1527 4297 1530 4304 ¹

332 4413 463 4524 duplici
490 4430 643 4504 materia
668 4429 715 4505 de
739 4452 814 4524 qua
839 4431 990 4527 scripsit,
1017 4431 1159 4506 dicens:
1185 4437 1304 4506 canui
1332 4438 1370 4508 di
1404 4437 1503 4526 rete,

265 4590 268 4596 ·
331 4547 435 4641 idest,
453 4548 593 4644 poetice
618 4549 789 4646 descripsi
809 4550 999 4626 materiam
1022 4553 1240 4626 thebanam:
1259 4541 1343 4627 nam
1366 4554 1502 4631 Statius

332 4667 458 4742 videns
479 4667 740 4746 dissensionem
758 4691 839 4745 esse
855 4670 950 4745 inter
967 4671 1089 4745 Titum
1106 4679 1144 4747 et
1160 4672 1407 4749 Domitianum
1427 4675 1503 4752 lra-

331 4794 406 4864 tres
431 4790 627 4884 assumpsit
651 4791 697 4866 ad
723 4790 997 4867 instructionem
1023 4811 1153 4868 eornm
1177 4794 1272 4869 banc
1290 4814 1503 4870 memoran-

257 4965 258 4973 ’
393 4975 421 5037 (¹)
437 4975 467 5024 E.
485 4980 563 5038 prout
578 4981 617 5026 est
632 4977 758 5028 accidens.
984 4979 1012 5041 (Ἴ
1027 4979 1058 5029 Ε.
1074 4981 1139 5030 dixit
1154 4981 1285 5032 luvenalis
1301 4983 1328 5033 in
1344 4983 1436 5048 Satyra
1445 4984 1501 5036 vu.

394 5051 420 5112 (¹)
436 5051 466 5102 Ε.
482 5065 586 5102 coronae
602 5056 717 5117 poetica,
734 5054 766 5104 de
781 5053 883 5118 quibus.
984 5055 1011 5120 (⁸)
1027 5055 1058 5107 E.
1074 5057 1145 5120 qnod
1159 5062 1200 5108 est
1214 5065 1241 5109 et
1255 5066 1329 5110 sonat
1344 5060 1423 5112 tdmn.
