4342 6692
687 805 757 872 27⁰
1045 813 1249 870 GOMENTUM
1273 813 1493 870 PURGATORU

685 960 840 1058 quentis,
866 981 941 1036 non
972 953 1108 1036 tamen
1132 959 1181 1033 ita
1211 958 1310 1054 quod
1341 957 1433 1033 irem
1460 977 1526 1052 par
1556 976 1683 1032 secum
1708 963 1861 1053 propter,

684 1081 836 1158 nimiam
855 1081 1122 1157 reverentiam:
1138 1085 1247 1174 frate,
1264 1085 1374 1154 vocat
1390 1097 1478 1154 eum
1495 1077 1648 1152 tratrem
1666 1084 1708 1152 ut
1734 1084 1858 1153 osten·

616 1187 620 1194 ’
684 1203 747 1278 dat
771 1202 986 1278 iamitiarius
1010 1221 1125 1298 agere
1150 1220 1289 1294 secum,
1310 1193 1439 1293 percite*
1462 1219 1536 1272 oon
1561 1201 1728 1290 tnttcnti,
1744 1199 1857 1294 depo·

685 1324 755 1399 sito
772 1324 905 1400 timore
921 1327 959 1398 et
975 1321 1128 1417 pudore,
1148 1343 1173 1394 e
1192 1322 1434 1396 dimandmaai
1449 1320 1545 1393 omni
1565 1321 1718 1394 acuendo
1736 1327 1855 1394 meon?

686 1443 769 1520 Scio
795 1444 892 1519 enim
919 1442 1019 1538 quod
1043 1441 1149 1519 valde
1170 1441 1273 1537 cupis
1296 1448 1423 1537 petere
1439 1441 1469 1516 si
1489 1447 1590 1516 tanta
1607 1439 1746 1518 offensa
1762 1441 1855 1517 tacta

688 1565 764 1640 lieo
789 1562 826 1637 in
853 1562 988 1638 vicario
1013 1582 1082 1636 suo
1109 1561 1306 1658 praeteribit
1323 1561 1385 1636 diu
1405 1561 1774 1657 impunita-Come.
1792 1563 1856 1638 iiic

685 1688 793 1779 poeta
820 1683 975 1758 ostendit
1000 1683 1158 1779 qualiter
1184 1702 1382 1780 persuasus
1402 1703 1425 1757 a
1442 1681 1608 1758 Beatrice
1633 1682 1857 1758 commiserit

685 1823 727 1878 se
751 1810 870 1878 totum
895 1801 1048 1878 arbitrio
1073 1802 1165 1897 eius
1191 1802 1311 1877 adhuc
1345 1801 1464 1897 primo
1494 1802 1627 1877 timore
1652 1809 1690 1878 et
1720 1802 1857 1879 rubore

685 1923 855 2017 durante,
880 1943 1086 2018 peronam
1114 1921 1425 2018 comparationem
1457 1921 1694 1996 domesticam
1720 1929 1758 1997 et
1782 1923 1857 1997 cla·

687 2063 781 2136 ram,
801 2042 943 2118 dicens:
961 2048 1139 2135 deverare,
1159 2042 1262 2138 idest,
1283 2041 1445 2140 contigit,
1461 2063 1487 2115 o
1503 2063 1557 2116 me
1573 2058 1668 2116 come
1684 2064 1709 2115 n
1724 2045 1856 2135 ootoro,

685 2165 825 2260 supple,
852 2163 1037 2262 contingit,
1063 2166 1123 2238 cde
1147 2183 1235 2238 sorio
1253 2171 1378 2256 troppo
1394 2165 1567 2236 reverenti
1581 2165 1727 2237 dinanzi
1742 2166 1782 2236 ot
1795 2185 1857 2236 suo

685 2288 864 2378 mappior,
881 2283 975 2358 siout
991 2283 1189 2380 discipulus
1215 2303 1341 2358 coram
1369 2281 1557 2380 magistro,
1579 2285 1772 2376 portende,
1797 2285 1855 2358 cic

687 2427 760 2480 noo
784 2413 938 2496 cappos
963 2408 1000 2479 lo
1025 2425 1107 2478 voce
1132 2407 1214 2476 otoo
1239 2407 1276 2476 ai
1294 2406 1399 2498 denti,
1426 2410 1464 2478 et
1479 2422 1567 2478 ecce
1583 2403 1781 2498 quomodo,
1798 2405 1856 2477 cde

687 2529 920 2617 incominoici,
954 2526 1094 2621 supple,
1120 2525 1342 2619 respondere
1373 2529 1411 2600 et
1443 2523 1578 2618 dicere,
1609 2545 1719 2598 senza
1748 2527 1857 2599 iniero

688 2666 812 2738 sueno,
834 2644 936 2738 idest,
958 2665 1043 2720 cum
1070 2645 1229 2720 tremula
1256 2664 1366 2720 voce:
1390 2647 1585 2737 Modoura,
1604 2647 1662 2718 voi
1685 2652 1858 2752 cmwscete

688 2768 761 2840 mio
777 2767 937 2857 disoeno,
955 2765 1056 2860 idest,
1075 2765 1163 2860 quid
1180 2773 1236 2842 est
1259 2765 1507 2840 necessarium
1526 2763 1625 2858 mihi,
1642 2787 1661 2838 e
1677 2759 1731 2838 oid
1747 2767 1857 2838 cd'ud

687 2907 768 2960 essa
791 2882 812 2960 ὀ
834 2886 962 2978 dumio
989 2885 1091 2980 idest,
1102 2893 1147 2960 'et
1172 2885 1259 2980 quid
1279 2892 1335 2960 est
1352 2885 1441 2958 utile
1461 2884 1664 2960 necessitati
1692 2905 1797 2960 meae.
1815 2884 1859 2958 Et

687 3006 746 3080 hic
760 3012 846 3080 nota
859 3005 955 3080 bene
967 3005 1066 3099 quod
1078 3011 1186 3101 poeta
1199 3005 1363 3099 loquitur
1373 3004 1479 3080 valde
1491 3004 1672 3101 sapienter
1683 3011 1721 3080 et
1733 3011 1857 3080 caute:

688 3125 767 3200 vult
788 3125 887 3201 enim
907 3125 1030 3200 dicere
1047 3125 1174 3200 tacite:
1193 3146 1216 3201 o
1234 3125 1330 3200 bona
1347 3125 1506 3219 domina,
1521 3145 1591 3222 ego
1604 3145 1748 3221 possem
1767 3126 1860 3202 torte

688 3252 815 3340 petere
841 3244 1047 3320 defuturis
1073 3266 1156 3339 quae
1182 3266 1256 3319 non
1282 3244 1408 3321 liceret
1434 3245 1521 3320 mitri
1553 3245 1658 3340 scire,
1685 3245 1734 3320 ita
1760 3247 1857 3340 quod

686 3366 811 3462 petitio
837 3387 921 3442 mea
948 3387 1022 3442 non
1046 3371 1141 3440 esset
1167 3366 1339 3460 honesta3
1359 3366 1441 3441 ideo
1459 3385 1523 3440 vos
1541 3387 1624 3460 quae
1642 3365 1872 3462 cognoscitis

687 3486 776 3582 quid
799 3486 847 3562 sit
871 3485 959 3560 mihi
985 3486 1125 3560 bouum
1147 3487 1242 3561 scire
1266 3486 1344 3562 sine
1369 3487 1542 3582 petitione
1568 3507 1651 3562 mea
1679 3485 1859 3583 predictis

689 3608 787 3682 mihi.
806 3607 850 3680 nr
871 3605 993 3681 subdit
1019 3607 1291 3701 responsionem
1310 3607 1494 3702 Beatricis,
1512 3629 1596 3702 quae
1616 3607 1769 3682 ulterius
1786 3615 1873 3682 non¹

687 3726 824 3823 patitur
849 3731 988 3802 tantam
1017 3727 1245 3803 timiditatem
1261 3719 1298 3820 (⁴)
1326 3727 1417 3822 eius,
1442 3727 1583 3805 dicens:
1604 3735 1637 3800 ct
1652 3730 1719 3802 eila
1743 3748 1768 3800 o
1793 3748 1857 3819 me,

687 3847 826 3942 supple,
846 3846 953 3921 dixit:
970 3850 1086 3939 ooptio
1107 3850 1167 3920 ote
1191 3852 1227 3921 tu
1251 3850 1347 3922 omui
1371 3851 1397 3921 ti
1420 3850 1622 3941 disodnppe,
1641 3847 1727 3942 quia
1752 3845 1859 3921 nimis

686 3966 751 4041 diu
768 3967 954 4042 involutus
971 3987 1023 4062 es,
1040 3967 1135 4042 sicut
1160 3967 1291 4043 totiens
1315 3967 1485 4065 apparuit
1509 3989 1632 4064 supra,
1657 3971 1706 4042 da
1731 3976 1858 4042 amne

687 4089 737 4160 da
756 4107 952 4180 vernoque,
973 4086 1059 4181 quia
1085 4107 1208 4162 meam
1233 4088 1390 4184 gratiam
1418 4087 1586 4164 meruisti
1611 4095 1649 4163 et
1673 4086 1859 4163 familiari-

688 4212 801 4282 tatem
826 4206 1004 4282 Mathitdis
1020 4207 1130 4283 socie
1148 4229 1241 4284 meae
1264 4215 1301 4284 et
1325 4209 1542 4284 ancillarum
1569 4229 1751 4303 mearum,
1774 4229 1857 4304 qum

686 4326 839 4423 singntae
865 4333 903 4403 te
929 4335 1151 4422 receperunt
1176 4329 1212 4402 in
1230 4330 1422 4425 ampiexus
1439 4349 1536 4423 suos,
1554 4320 1588 4402 si
1601 4331 1660 4402 cic
1677 4350 1748 4402 noa
1761 4331 1859 4421 parti

683 4443 746 4540 pid
771 4451 859 4522 com’
871 4469 955 4523 nom
978 4449 1039 4522 cde
1055 4470 1184 4540 sopato,
1203 4449 1307 4544 quasi
1323 4449 1439 4525 dicat:
1459 4469 1532 4524 non
1549 4449 1618 4524 sub
1635 4448 1767 4547 figura,
1785 4471 1858 4527 non

686 4569 756 4675 sut)
782 4568 943 4671 imagine
967 4569 1075 4645 sieut·
1099 4571 1293 4666 hucusque
1322 4570 1447 4665 iecisti,
1478 4571 1593 4647 immo
1625 4571 1787 4667 loquaris
1811 4572 1857 4648 de

687 4689 800 4763 rebus
825 4689 933 4765 veris.
961 4689 1064 4765 Unde
1089 4689 1171 4766 vide
1196 4690 1295 4785 quod
1320 4711 1526 4785 numquam
1560 4691 1717 4787 amplius
1751 4703 1875 4792 poeta·

752 4951 780 5016 (¹)
796 4953 826 5004 E.
843 4959 941 5006 torrium
957 4954 1113 5006 mitatem.
