4342 6692
758 911 897 968 cunnus
922 911 1094 970 oestrus.
1440 899 1512 968 llll

338 1067 444 1157 futu,
469 1059 616 1149 scilicet,
641 1057 701 1134 illa
726 1059 790 1132 lux
816 1058 911 1132 lacta
935 1063 1037 1136 tauta
1054 1065 1092 1132 et
1108 1057 1200 1150 talis,
1218 1063 1351 1148 quomo
1373 1058 1514 1147 coede

343 1183 462 1258 uuo
485 1183 531 1255 ici
549 1183 613 1272 sur
633 1181 727 1271 plue,
753 1177 790 1250 in
816 1177 1066 1274 magnitudine
1090 1183 1129 1251 et
1152 1175 1349 1271 luciditate,
1366 1197 1433 1268 per
1457 1179 1514 1250 ul·

340 1306 510 1395 leprczzu
525 1319 642 1390 uuum·
659 1297 727 1372 ista
743 1298 865 1372 anima
883 1298 1003 1374 luerat
1021 1299 1105 1372 laela
1121 1298 1158 1372 in
1180 1297 1264 1393 vita,
1285 1305 1366 1372 erat
1374 1288 1411 1389 (¹)
1430 1297 1514 1372 laelu

341 1423 380 1498 in
404 1423 511 1516 eoelo,
536 1426 574 1494 el
603 1437 702 1494 nune
733 1418 842 1493 tertio
870 1417 966 1494 lacta
988 1425 1051 1494 est
1082 1419 1200 1518 laetior
1227 1419 1274 1494 ad
1302 1419 1513 1514 petitionem

342 1541 505 1636 auturis3
531 1539 630 1616 unde
663 1539 766 1614 dicit:
798 1543 859 1612 ulte
888 1543 917 1613 s'
929 1540 1106 1632 ooerebbe,
1138 1541 1242 1633 idest,
1278 1540 1513 1635 multiplicata

343 1671 411 1757 est,
436 1663 610 1754 pmnd'io
623 1662 746 1752 perlui
764 1663 833 1734 ulle
849 1662 1046 1751 aluums
1063 1680 1136 1752 suc,
1154 1663 1204 1733 mi
1218 1662 1326 1734 disse:
1342 1663 1371 1733 il
1385 1662 1515 1734 monuo

344 1786 390 1856 ω’
402 1783 482 1856 ebbe
504 1777 565 1874 pot
578 1802 669 1876 poco
685 1789 798 1874 tempo
807 1805 823 1875 ,·
839 1781 944 1875 quasi
964 1781 1078 1856 dicat:
1102 1801 1236 1876 parum
1254 1782 1327 1854 vixi
1345 1782 1383 1854 iu
1400 1789 1513 1875 terro,

343 1925 376 1994 c,
400 1924 439 1977 se
459 1898 521 1996 pel
542 1907 637 1997 sesso
660 1909 763 1995 stato,
788 1900 891 1996 idest,
908 1902 938 1975 si
958 1901 1095 1978 diutius
1112 1902 1297 1996 vixissem,
1314 1908 1352 1976 et
1367 1921 1516 1976 succes-

345 2022 473 2098 sissem
499 2021 592 2117 patri
615 2043 711 2117 meo,
729 2021 822 2097 sicut
847 2020 894 2096 de
914 2022 1002 2117 jure
1018 2021 1211 2116 debebam,
1233 2024 1340 2095 molto
1363 2013 1454 2094 sarci
1479 2025 1517 2096 di

345 2146 421 2217 mut
450 2145 510 2216 cte
537 2163 609 2216 nou
632 2141 789 2235 sarebbe,
825 2143 911 2236 quia
946 2142 1077 2217 melius
1105 2142 1370 2240 gubernassem
1401 2163 1517 2238 regna

345 2283 429 2338 meu
464 2262 689 2356 liberalitate,
724 2283 836 2356 quam
871 2263 1055 2337 Roberlus
1085 2281 1154 2336 sua
1187 2262 1395 2356 cupiditate,
1429 2283 1516 2338 cum

345 2389 422 2458 tola
447 2383 622 2479 sapientia
648 2403 727 2476 sua,
753 2382 817 2476 qui
838 2381 998 2458 'exclusit
1026 2383 1143 2456 lilium
1174 2403 1301 2456 meum
1332 2405 1355 2458 a
1390 2404 1517 2480 regno,

346 2512 388 2577 ut
412 2509 537 2598 postea
563 2503 835 2577 dicitur-Lu
860 2506 942 2576 mio.
970 2502 1034 2577 llic
1050 2502 1204 2577 Carolus
1220 2523 1403 2578 excusans
1419 2503 1519 2576 llan-

346 2629 421 2698 lem
455 2643 572 2716 quare
603 2643 676 2697 nou
708 2613 992 2719 recognoscit&
1029 2642 1129 2717 eum,
1164 2623 1369 2697 manifestat
1402 2643 1443 2697 se
1471 2623 1519 2698 ab

347 2762 477 2818 umore
501 2741 663 2837 pristino,
689 2742 832 2817 dicens:
859 2747 910 2815 La
942 2743 1013 2816 mio
1045 2745 1172 2836 leticia,
1210 2761 1294 2835 quae
1322 2742 1517 2818 coniuncta

347 2881 436 2938 cum
461 2862 545 2936 luce
571 2861 689 2936 reddit
713 2881 774 2936 me
799 2861 1063 2957 pulcerrimum
1092 2863 1189 2937 ultra
1209 2863 1361 2937 modum
1385 2863 1517 2936 buma-

349 3001 453 3076 num,
478 2985 528 3056 mi
551 2985 577 3056 li
600 2985 668 3054 lieu
692 2985 816 3072 uelato,
832 2981 935 3075 idest,
953 2981 1179 3078 incognitum
1197 2982 1271 3076 tibi,
1289 2985 1349 3057 cte
1365 2986 1415 3057 mi
1428 3005 1519 3075 rop-

348 3104 410 3192 pio
435 3103 636 3191 d’iulorno,
662 3101 764 3195 idest,
792 3101 948 3198 refulget
973 3102 1114 3176 lumine
1133 3101 1267 3195 divino,
1287 3102 1383 3177 sieut
1406 3124 1519 3198 supra

348 3220 493 3298 dicebat
504 3211 542 3314 (³)
569 3220 746 3296 Pichanla
762 3219 810 3296 de
829 3241 870 3296 su
895 3220 932 3295 in
957 3241 1064 3316 spera
1087 3222 1233 3315 lunae,e
1256 3225 1306 3294 mi
1328 3226 1519 3314 nascende,

348 3364 372 3418 a
397 3343 516 3437 simili,
542 3347 644 3434 quusi
667 3344 803 3416 animat
826 3345 863 3416 di
885 3362 952 3415 suu
976 3349 1050 3416 sete
1067 3345 1241 3437 [usuum
1258 3343 1352 3417 sicut
1370 3350 1468 3438 patet
1484 3345 1521 3418 in

352 3464 540 3540 vermibus
557 3463 773 3539 iacientibus
789 3463 963 3556 sericum,
984 3484 1146 3556 quorum
1164 3464 1283 3538 forma
1301 3463 1445 3540 inmiata
1462 3485 1521 3540 se-

352 3584 428 3660 rien
453 3605 527 3660 non
551 3589 714 3679 apparet,
740 3583 789 3657 ita
815 3589 853 3656 et
877 3582 1000 3656 anima
1021 3582 1141 3657 velata
1159 3581 1299 3657 lumine
1314 3572 1351 3675 θ)
1375 3605 1448 3659 uon
1468 3585 1523 3658 vi·
1672 3660 1675 3664 .

349 3705 470 3782 duur.
496 3707 541 3778 Et
567 3713 609 3780 ut
630 3704 781 3780 reducat
799 3725 886 3780 eum
905 3705 941 3778 in
958 3704 1204 3800 cognitionem
1221 3704 1278 3776 sui
1297 3713 1523 3780 rememorat

244 3916 248 3924 Ι
352 3825 419 3900 sibi
436 3825 727 3901 benevolentiam
746 3823 902 3918 primam
917 3823 1124 3897 inchoatam
1142 3823 1179 3896 in
1197 3828 1309 3916 terra,
1323 3843 1408 3917 quae
1424 3845 1523 3898 nunc

353 3943 540 4040 perficitur
564 3935 601 4018 i'n
627 3943 731 4037 uoelo,
744 3943 886 4017 dicens:
912 3945 1009 4015 assui
1029 3945 1074 4014 m’
1087 3945 1227 4033 amasti,
1244 3948 1283 4015 et
1302 3963 1324 4017 e
1343 3962 1522 4018 converso

352 4083 424 4161 ego
448 4068 486 4138 te
509 4063 642 4156 amavi,
669 4062 755 4156 quia
781 4061 940 4138 amicitia
969 4067 1024 4136 est
1053 4081 1161 4136 amur
1190 4068 1344 4136 mutuus
1369 4063 1523 4138 manile-

335 4191 451 4276 ‘stus3
479 4182 577 4256 unde
601 4181 704 4258 dicit:
730 4191 764 4256 et
784 4185 894 4261 aaut
909 4183 992 4255 bene
1010 4184 1114 4272 oudo,
1143 4182 1248 4275 quasi
1268 4182 1382 4256 dicat:
1399 4189 1438 4257 el
1456 4184 1524 4258 ba-

352 4303 462 4384 buisti
486 4304 582 4378 bene
608 4303 799 4378 materiam
826 4309 864 4378 el
888 4323 1038 4377 causam
1070 4302 1219 4377 amandi
1249 4323 1322 4396 me,
1351 4306 1424 4395 olle,
1448 4307 1525 4378 s'r‘o

350 4427 438 4520 fossi
467 4419 528 4515 pit
559 4409 664 4513 suto,
696 4421 834 4496 diutius
863 4422 899 4496 in
930 4422 1014 4516 vitu,
1046 4426 1082 4495 to
1116 4425 1142 4496 tt
1173 4431 1355 4496 ntoslruva
1385 4427 1423 4498 di
1452 4427 1525 4497 mio

352 4563 490 4633 more,
516 4542 579 4636 qui
605 4549 686 4618 erat
711 4541 747 4616 in
774 4537 960 4634 llore,pi1i
990 4545 1079 4615 oltre
1107 4545 1167 4615 cte
1197 4545 1228 4615 le
1255 4545 1398 4636 froude,
1424 4543 1526 4639 meu,

354 4683 487 4742 verum
515 4663 688 4737 lructum.
702 4703 752 4716 -
769 4659 909 4750 Quello.¹
926 4662 1032 4736 Nunc
1056 4662 1221 4756 Carolus,
1248 4669 1441 4758 postquam
1455 4663 1526 4739 ,de-

260 4877 261 4880 p
353 4782 496 4880 scripsit
520 4802 561 4858 se
585 4804 607 4857 a
633 4783 771 4857 virtute
794 4781 919 4875 animi,
945 4781 1117 4856 describit
1141 4803 1182 4858 se
1212 4784 1260 4857 ab
1288 4783 1526 4878 amplitudine

416 4967 445 5031 (Ἰ
461 4967 492 5018 E.
508 4972 564 5017 erat
579 4967 658 5017 eliam
676 4967 744 5018 inlu.
1036 4967 1064 5030 (²)
1079 4972 1103 5026 ι,
1120 4968 1260 5032 cognonit,

417 5044 446 5108 (⁸)
461 5043 493 5096 B.
509 5043 611 5096 aaut
626 5042 671 5094 llh
686 5043 821 5096 Plclrurde.
880 5037 882 5044 '
1038 5045 1065 5106 (⁸)
1081 5049 1106 5105 l,
1122 5045 1149 5094 in
1164 5043 1272 5095 lumlue.
1386 5089 1389 5093 ,
