4342 6692
777 926 917 983 caurus
939 925 1085 982 srxrrvs
1442 912 1513 981 lut

342 1094 421 1149 suo.
447 1073 570 1150 Gerar
592 1078 720 1148 autem
747 1071 833 1166 quia
851 1091 919 1147 uec
936 1071 1165 1166 triumphum
1186 1090 1254 1145 uec
1277 1072 1512 1146 consulatum

296 1227 302 1240 ·
342 1200 485 1288 poterat
500 1192 667 1268 obtinere
678 1191 779 1266 veuit
791 1192 1004 1267 Ravennam
1023 1190 1200 1266 famosam
1215 1189 1413 1284 civitatem,
1426 1211 1514 1285 quae

343 1319 424 1390 erat
456 1314 494 1388 in
526 1313 685 1389 confinio
710 1313 835 1388 Gallie
866 1311 1048 1407 cisalpinae
1078 1310 1275 1405 provincie
1309 1331 1398 1406 sure,
1425 1330 1512 1387 uum

342 1434 466 1508 animo
491 1433 705 1510 defendendi
732 1432 845 1508 armis
870 1452 1020 1508 causam
1045 1452 1171 1505 suam:
1189 1430 1252 1503 ubi
1269 1429 1395 1506 audito
1412 1432 1511 1525 quod

345 1555 481 1629 tribuni
507 1555 620 1649 plebis
650 1561 876 1650 protectores
908 1552 964 1628 sui
995 1559 1103 1627 erant
1136 1549 1230 1646 pulsi
1264 1571 1310 1626 er
1338 1552 1443 1647 urbe,
1468 1552 1516 1628 de

344 1683 452 1750 nocte
483 1675 704 1750 clandestine
737 1674 911 1750 recedens
944 1672 980 1747 in
1016 1693 1152 1748 aurora
1187 1671 1283 1766 oepit
1307 1671 1512 1746 Ariminum

345 1795 506 1870 evocatis
531 1793 734 1892 legionibus
761 1794 987 1888 ubicumque
1004 1799 1142 1886 essent3
1160 1799 1198 1866 et
1214 1792 1387 1867 contiuuo
1405 1800 1514 1867 terrae

315 2010 318 2016 Ι
343 1914 511 1990 ldarcbie
528 1915 773 2010 turonumve,
787 1936 873 2008 quae
888 1922 978 1989 tuuc
996 1915 1171 1989 Picenum
1192 1914 1405 2006 vocabatur,
1418 1913 1513 1988 laetae

344 2027 550 2130 paruerunt
575 2035 659 2108 sibi:
680 2035 731 2110 sic
749 2035 917 2110 Tusciam
940 2041 977 2110 et
994 2033 1182 2109 Umbriam
1201 2033 1378 2127 quesivit,
1396 2032 1514 2108 donec

343 2153 490 2229 tandem
516 2155 684 2229 transivit
709 2153 908 2230 Corfinium
935 2154 1035 2248 quod
1058 2160 1115 2228 est
1131 2159 1231 2228 terra
1248 2153 1357 2249 longe
1382 2174 1404 2226 a
1430 2153 1514 2227 Sul·

343 2293 453 2348 mone
478 2294 544 2368 por
568 2273 759 2350 duodecim
784 2273 960 2368 milliaria,
981 2274 1041 2348 ubi
1062 2273 1243 2346 Domitius
1263 2271 1414 2346 inlestus
1435 2272 1516 2347 Gae·

342 2392 413 2468 sari
433 2393 596 2488 proditus
611 2415 634 2468 a
652 2393 728 2468 suis
745 2393 878 2490 ligatus
896 2392 1002 2467 datus
1019 2401 1075 2467 est
1091 2391 1246 2486 Gaesari3
1264 2413 1375 2486 quem
1394 2393 1516 2467 Caesar

342 2513 449 2588 solvit
473 2518 510 2588 el
530 2513 641 2587 vitum
662 2513 811 2588 donavit
832 2513 965 2589 invito:
984 2511 1035 2588 sic
1051 2519 1127 2587 tota
1146 2512 1246 2587 ltalia
1267 2512 1420 2588 cedente
1435 2513 1516 2587 Cae·
1648 2539 1653 2552 ·

345 2632 430 2725 suri,
444 2633 639 2727 Pompeius
665 2632 757 2730 fugit
782 2633 1043 2723 Brundusium,
1062 2632 1124 2706 ubi
1142 2633 1265 2707 Caesar
1284 2639 1438 2707 conatus
1459 2639 1515 2708 au

345 2751 534 2828 includere
551 2751 681 2848 ipsum.
696 2753 766 2828 Sed
784 2753 980 2849 Pompeius
997 2753 1081 2828 iude
1098 2753 1224 2846 evasit,
1238 2760 1274 2828 et
1288 2753 1512 2828 Duracbium

345 2871 484 2968 appulit
508 2871 545 2946 iu
570 2873 761 2947 Graeciam.
788 2873 909 2948 Caesar
935 2873 1064 2948 deinde
1090 2873 1245 2948 Romam
1274 2873 1372 2948 veuit
1392 2881 1429 2949 et
1451 2895 1517 2947 ur·

346 2993 431 3067 bem
457 2993 661 3087 composuit
680 2993 726 3066 ad
748 2993 897 3066 modum
917 3013 1039 3074 suurn.
1061 2993 1165 3066 Nunc
1185 2993 1231 3067 ad
1248 2993 1409 3089 literam3
1430 2993 1517 3068 dicit

346 3113 583 3190 iustinianus:
605 3117 691 3202 Ouet
705 3115 765 3186 clu
781 3119 829 3208 se,
849 3113 993 3210 signum
1011 3106 1049 3207 (¹)
1063 3113 1290 3209 predictum,
1312 3117 1375 3207 pol
1388 3115 1516 3206 ct’epli

346 3227 418 3310 usui
441 3236 480 3308 di
503 3239 698 3332 ΙῐαυεηηαςΙ
723 3234 770 3310 dc
795 3236 863 3309 bae
888 3234 974 3309 dicit
989 3235 1146 3309 Plinius:
1167 3235 1341 3310 Ravenna
1367 3222 1516 3310 sabino-

348 3375 432 3428 rum
462 3354 647 3450 oppidnm.
683 3355 728 3428 lit
760 3354 817 3428 bic
850 3361 934 3429 nota
967 3355 1066 3448 quod
1099 3355 1234 3432 [lantes
1263 3361 1438 3449 tanquam
1471 3356 1519 3430 de

347 3483 448 3552 terra
473 3475 622 3550 alumna
648 3481 687 3550 et
711 3475 954 3550 benefactrice
975 3496 1041 3550 sua
1061 3476 1147 3550 lacit
1171 3476 1394 3573 singularem
1414 3496 1521 3551 meo·

348 3595 485 3672 tionem
512 3595 549 3669 in
576 3595 738 3690 quolibet
764 3595 952 3670 volumine
977 3616 1066 3670 suo:
1093 3617 1178 3669 nam
1205 3596 1241 3669 iu
1268 3597 1413 3672 lnlerno
1433 3597 1518 3671 lacit

278 3811 280 3816 Ι
348 3716 566 3792 memoriam
593 3714 639 3790 de
665 3721 810 3790 rectore
834 3715 914 3790 eius
939 3715 1002 3811 qui
1029 3716 1097 3790 luit
1121 3739 1212 3790 suus
1228 3717 1460 3792 benefactor:
1480 3717 1519 3790 in

348 3835 568 3933 Purgatorio
593 3834 640 3910 de
664 3835 771 3910 claris
796 3835 940 3910 familiis
965 3844 1002 3912 et
1028 3836 1228 3910 illustribus
1253 3837 1394 3912 uiribus
1418 3836 1518 3932 eius;
1583 3882 1587 3893 .

349 3955 407 4030 bic
433 3975 522 4030 vero
547 3955 584 4028 in
609 3955 678 4030 isto
705 3953 812 4029 nobili
839 3955 998 4049 capitulo
1023 3956 1069 4030 de
1095 3956 1186 4031 llore
1202 3962 1240 4030 et
1257 3957 1416 4051 potentia
1439 3956 1520 4031 eius

350 4074 497 4170 quando
523 4074 645 4149 Caesar
669 4072 716 4147 ibi
743 4095 887 4148 moram
914 4075 1026 4148 traxit
1050 4074 1139 4148 duro
1165 4083 1314 4170 pararet
1345 4075 1519 4151 invadere

351 4213 547 4271 romanum
573 4193 789 4288 imperium3
806 4217 825 4268 e
840 4187 931 4268 saud
948 4195 1166 4290 illtubicou3
1185 4195 1350 4270 Rubicon
1372 4202 1428 4270 cst
1449 4197 1520 4270 llu-

350 4315 431 4390 vius
451 4315 889 4410 parvulusltomanntolae
908 4335 1020 4411 prope
1037 4317 1223 4391 cesenam
1242 4316 1426 4391 civitatem
1445 4316 1519 4390 ler-

350 4435 562 4528 tllissimam,
592 4435 656 4529 orvi
687 4435 821 4509 tluvius
850 4443 906 4510 est
936 4437 1099 4510 famosus
1121 4436 1219 4532 apud
1244 4442 1405 4530 arrtores,
1432 4435 1518 4529 quia

349 4555 416 4630 luit
441 4555 526 4631 olim
555 4556 734 4630 terminus
753 4555 1038 4650 provinciarum,
1057 4563 1095 4630 et
1111 4557 1198 4650 quia
1214 4557 1335 4631 Cesar
1352 4555 1520 4630 transivit

351 4679 450 4751 bunc
475 4675 670 4750 difficulter
695 4681 844 4770 propter
869 4675 1156 4770 inundationem,
1174 4683 1211 4752 et
1229 4675 1434 4773 prodigium
1465 4675 1522 4749 vi·
1576 4713 1579 4721 ·

329 4823 330 4826 ¹
351 4817 434 4872 sum
460 4797 508 4871 de
534 4796 682 4871 bomine
699 4795 801 4889 quasi
822 4795 944 4870 divino
962 4797 1131 4891 pulsante
1148 4797 1274 4870 tubam
1294 4796 1520 4889 terribiliter3

418 5057 445 5121 (⁸)
462 5057 492 5108 E.
509 5056 608 5108 sellicct
623 5058 733 5122 alanum.
