4342 6692
663 914 801 968 111111
825 914 1042 969 rnrensnros
1066 915 1208 971 narnus
1446 901 1516 969 233

347 1058 486 1133 tricem.
514 1060 607 1135 Dicit
631 1081 741 1158 ergo:
769 1061 921 1135 Robusto
945 1082 1062 1153 cerro,
1089 1060 1191 1154 idest,
1218 1060 1319 1135 tortis
1345 1080 1517 1155 quercus,

344 1181 376 1251 si
398 1179 561 1270 11111111,
582 1180 685 1273 idest,
702 1179 907 1275 deloliatur,
925 1202 1056 1254 oooero
1078 1202 1104 1253 o
1126 1184 1267 1255 nostrat
1284 1188 1397 1271 vento,
1415 1178 1518 1273 idest,

345 1319 369 1372 a
393 1298 518 1393 borea,
539 1301 603 1395 qui
629 1300 729 1375 venit
751 1322 775 1375 a
800 1309 927 1374 nostro
945 1302 1028 1395 polo
1045 1301 1330 1396 septentrionali,
1348 1320 1477 1373 oooero
1494 1320 1519 1371 o

344 1422 435 1509 quet,
460 1420 606 1513 seilicet,
632 1428 743 1495 vento
767 1429 906 1514 austro,
928 1422 992 1516 qni
1009 1422 1109 1497 venit
1126 1443 1147 1495 a
1166 1421 1250 1517 polo
1277 1418 1516 1511 meridionali,

345 1538 409 1632 qui
435 1546 566 1613 ventus
592 1540 721 1617 transit
745 1562 811 1636 per
835 1541 1015 1635 Africam,
1043 1542 1140 1617 unde
1172 1540 1275 1615 dicit:
1302 1543 1393 1613 delto
1420 1546 1518 1611 terro

345 1662 383 1732 di
397 1661 532 1752 darton·
556 1661 684 1735 Jarbas
709 1662 807 1736 enim
834 1662 902 1735 luit
927 1680 992 1735 rex
1018 1661 1141 1757 Libyae
1167 1668 1333 1756 tempore
1358 1658 1515 1752 Didonis,

346 1787 389 1852 ut
412 1780 555 1855 dicetur
583 1781 744 1856 Paradisi
777 1782 936 1876 capitulo
962 1781 1023 1874 lx,
1052 1802 1119 1854 oon
1149 1802 1226 1853 meo
1250 1782 1288 1853 di
1311 1782 1516 1869 resistenzo,

345 1900 448 1995 idest,
474 1901 608 1975 minori
634 1901 770 1996 labore,
795 1905 894 1975 olr'to
917 1923 990 1975 noo
1016 1904 1107 1974 teoot
1131 1904 1158 1974 il
1180 1908 1305 1991 mento,
1332 1899 1434 1993 idest,
1461 1898 1516 1971 la-

344 2020 451 2114 ciem,
477 2024 516 2093 ot
538 2043 602 2094 sao
627 2025 822 2116 comondo,·
847 2029 885 2097 et
909 2023 961 2097 sie
985 2024 1080 2097 bene
1099 2022 1220 2115 recepi
1242 2021 1407 2095 dolorem
1427 2018 1516 2091 milri

344 2141 577 2234 promissum.
603 2142 648 2214 iit
677 2142 734 2215 1111
766 2149 851 2216 nota
882 2143 980 2235 quod
1010 2142 1236 2237 comparatio
1262 2148 1318 2215 est
1343 2140 1514 2236 propria:

344 2280 505 2353 quercus
529 2260 626 2333 enim
653 2261 765 2334 arbor
788 2260 890 2335 tortis
911 2262 1006 2336 bene
1025 2262 1196 2336 convenit
1214 2262 1299 2347 huie
1319 2260 1400 2334 viro
1419 2258 1522 2351 lorti,

343 2386 380 2455 et
404 2400 529 2454 sermo
553 2380 727 2454 Beatrieis
752 2380 847 2455 bene
872 2382 1041 2455 convenit
1070 2388 1181 2457 vento
1212 2380 1349 2455 boreali
1380 2386 1417 2455 et
1445 2399 1516 2453 an·

344 2499 457 2593 strali,
483 2500 570 2594 quia
594 2519 694 2573 nnnc
719 2507 876 2593 serenat,
903 2522 1002 2576 nune
1034 2502 1159 2576 turbat
1187 2522 1325 2575 aerem.
1352 2502 1396 2574 Et
1422 2500 1516 2573 sieut

345 2620 518 2695 violentia
543 2620 667 2695 boreae
692 2622 751 2695 rel
776 2620 893 2695 austri
918 2643 992 2696 non
1012 2622 1164 2697 faciliter
1180 2621 1309 2717 spoliat
1328 2620 1514 2713 arborem,

347 2742 396 2817 ita
422 2761 521 2815 nune
547 2741 708 2837 rigiditas
733 2742 913 2816 sermonis
937 2742 1110 2817 Beatrieis
1139 2740 1401 2835 vix·compulit
1425 2760 1515 2836 poe-

345 2868 420 2935 tam
454 2860 622 2935 attollere
653 2861 796 2955 laciem,
822 2862 871 2934 ita
897 2863 996 2955 qnod
1028 2860 1168 2935 laoilius
1200 2860 1325 2935 inisset
1353 2859 1515 2955 depilare

345 2981 413 3054 sibi
437 2980 603 3055 barbam.
629 2980 674 3053 llt
697 2981 854 3055 ostendit
878 2981 964 3076 quid
991 2982 1154 3057 maxime
1179 2982 1382 3055 turbaverit
1412 2999 1514 3073 eum,

249 3132 253 3140 ·
345 3100 491 3195 seilicet,
517 3098 739 3175 vocabulum
767 3103 903 3194 barbae,
923 3101 1066 3176 dicens:
1084 3123 1104 3174 e
1122 3102 1186 3174 ten
1202 3103 1347 3175 oonoddi
1361 3104 1389 3174 it
1405 3122 1513 3175 venen

342 3223 421 3295 delt'
434 3228 652 3311 argomento,
674 3220 778 3314 quasi
804 3221 911 3315 dieat,
929 3229 1154 3295 venenatum
1181 3228 1352 3316 mettum,
1370 3226 1514 3313 quondo

342 3342 451 3413 1111111
465 3343 493 3413 it
508 3344 596 3430 niso,
621 3340 768 3435 seilicet,
794 3360 935 3435 meum,
956 3362 1024 3434 per
1048 3344 1085 3413 to
1110 3343 1237 3432 dorda,
1263 3342 1368 3435 quasi
1393 3342 1513 3417 dieat:

342 3461 438 3534 bene
462 3459 634 3554 intellexi,
661 3460 759 3554 qnod
784 3461 932 3535 volebat
951 3461 1093 3535 dicere:
1111 3461 1159 3535 ah
1177 3482 1289 3537 senex
1307 3462 1433 3555 delire,
1451 3462 1515 3556 qui

342 3600 382 3653 es
407 3580 582 3654 barbatus
602 3580 681 3675 J'am
708 3600 775 3675 per
801 3580 937 3655 multos
960 3585 1096 3655 annos!

416 3706 575 3773 ticonio.
601 3700 673 3774 lsta
698 3706 765 3774 ost
779 3699 884 3774 tertia
910 3722 995 3795 pars
1019 3700 1202 3797 generalis
1225 3702 1334 3776 huius
1355 3703 1512 3798 capituli,

340 3820 478 3914 inqua
508 3827 616 3915 poeta
647 3819 803 3895 ostendit
833 3820 1019 3914 quomodo
1049 3820 1230 3916 poenitens
1262 3829 1299 3897 et
1327 3824 1514 3898 consessus
1605 3901 1609 3913 ,

340 3940 451 4015 luerit
475 3941 571 4014 lotus
596 3941 633 4013 in
658 3940 804 4015 Letlrreo
836 3947 874 4014 et
905 3940 1060 4013 traditus
1091 3942 1305 4016 virtutibus:
1333 3949 1370 4017 et
1395 3944 1513 4037 primo

342 4062 490 4155 quidem
517 4060 672 4137 ostendit
697 4059 855 4154 qualiter
879 4060 1000 4157 angeli
1025 4060 1207 4136 dederunt
1228 4063 1293 4136 sibi
1311 4064 1435 4136 loenm
1457 4062 1513 4135 vi·

341 4182 449 4257 dendi
473 4180 689 4275 Beatricem,
715 4179 801 4274 qnia
826 4186 1064 4255 cessaverunt
1093 4182 1141 4255 ab
1173 4202 1285 4276 opere
1315 4202 1394 4256 sno.
1420 4182 1513 4257 Dicit

342 4323 451 4399 ergo:
478 4308 512 4375 E
525 4304 634 4393 quote
654 4304 770 4393 prime
793 4310 966 4392 meamne,
992 4299 1139 4395 seilicet,
1157 4301 1290 4398 angeli,
1309 4301 1370 4395 qni
1394 4302 1513 4396 primo

341 4429 561 4519 rogaverant
585 4442 653 4517 pro
683 4440 740 4515 eo,
762 4422 920 4513 posarsi,
949 4421 997 4494 ab
1027 4421 1239 4516 aspersione
1269 4422 1416 4515 tiorum,
1442 4423 1512 4497 sub

340 4562 501 4637 quornm
527 4542 628 4617 nube
651 4540 799 4615 Beatrir
821 4541 968 4635 latebat,
986 4546 1028 4613 ut
1047 4540 1186 4614 dictum
1213 4548 1267 4615 est
1292 4541 1513 4636 praecedenti

339 4662 515 4757 eapitul03
541 4684 560 4735 e
584 4664 607 4734 t’
619 4664 737 4734 oootto
753 4682 932 4753 comprese
955 4663 994 4734 di
1019 4664 1075 4735 tor
1101 4664 1310 4755 apporsion,
1328 4662 1431 4755 idest,
1448 4668 1514 4757 ap-⁴

339 4782 529 4877 paritione,
555 4802 652 4853 come
683 4784 720 4853 to
744 4784 817 4853 mio
845 4784 962 4875 soemo
989 4783 1023 4854 si
1050 4784 1185 4875 distose,
1220 4802 1350 4856 versus
1381 4781 1512 4857 faeiem

339 4902 523 4977 Beatrieis.
550 4902 594 4975 Et
618 4901 734 4998 tangit
758 4902 946 4994 quomodo
977 4903 1108 4978 viderit
1138 4924 1233 4998 eam,
1259 4903 1399 4977 dicens:
1432 4926 1451 4977 e
1482 4906 1513 4977 le

267 5122 271 5129 v
342 5027 408 5096 mie
433 5026 513 5115 tuot,
529 5022 633 5118 idest,
649 5023 759 5119 oculi,
776 5043 889 5097 onoor
908 5042 1001 5117 poco
1024 5026 1150 5118 strare,
1174 5004 1257 5099 licet
1281 5023 1401 5120 angeli
1427 5024 1511 5100 red-
