4342 6692
707 892 778 959 Μ
1065 902 1270 958 conmuni
1294 901 1518 957 runorronu

700 1053 793 1143 lucr,
818 1049 920 1143 idest,
947 1048 1031 1123 lacit
1056 1052 1260 1141 amorium,
1286 1049 1372 1139 puel
1399 1050 1483 1137 pirro
1517 1049 1640 1138 utnon,
1664 1046 1768 1142 idest,
1795 1047 1879 1142 qui-

701 1189 865 1263 cumque
890 1170 1072 1266 gubernat
1106 1168 1229 1243 navim
1262 1168 1299 1242 iu
1335 1167 1429 1241 mari
1462 1174 1599 1261 nostro,
1630 1184 1696 1261 po*
1731 1172 1831 1243 Μὶν
1853 1191 1880 1243 ι

699 1285 875 1383 periodi:
903 1289 983 1364 vult
1006 1310 1098 1386 ergo
1122 1288 1245 1363 dicere
1271 1287 1370 1382 quod
1394 1288 1609 1382 septemtrio
1633 1290 1802 1384 superior
1819 1310 1880 1366 se·

702 1416 803 1505 ptem
828 1410 1135 1484 candelabrorum
1161 1407 1384 1501 ardentium,
1402 1406 1524 1503 dirigit
1542 1426 1692 1485 omnem
1720 1409 1879 1485 niutau·

705 1534 782 1605 tem
806 1529 844 1603 in
869 1530 937 1604 ista
961 1528 1115 1605 ecclesia
1140 1527 1187 1603 ad
1212 1535 1360 1623 portum
1386 1528 1524 1622 salutis,
1545 1528 1640 1603 sicut
1666 1528 1817 1604 ioierior
1841 1529 1880 1603 iu

707 1654 846 1743 septem
874 1649 984 1723 stellis
1009 1648 1229 1741 lucentibus
1253 1647 1376 1743 dirigit
1400 1668 1550 1723 omnem
1581 1648 1816 1746 navigantem
1841 1650 1879 1724 iu

707 1774 834 1842 nostro
860 1768 954 1841 mari
978 1766 1142 1843 interiori
1167 1768 1214 1843 ad
1238 1775 1387 1863 portum
1410 1768 1553 1863 quietis
1568 1806 1618 1823 -
1633 1774 1675 1843 ut
1698 1771 1879 1845 cultione

706 1895 815 1983 poeta
839 1887 1011 1963 describit
1035 1888 1201 1963 solemne
1226 1889 1359 1963 testum
1386 1896 1423 1963 et
1446 1888 1624 1985 gaudium
1651 1890 1878 1965 celebratum

706 2028 818 2105 supra
844 2030 1002 2084 currum
1026 2016 1063 2083 et
1086 2010 1293 2107 gryphum:
1312 2017 1350 2085 et
1365 2010 1485 2105 primo
1510 2009 1659 2105 quidem
1684 2010 1880 2085 introducit

708 2151 825 2205 unum
861 2150 987 2205 senem
1021 2136 1230 2205 cantantem
1257 2130 1384 2205 laudes
1421 2129 1534 2225 ipsius
1566 2129 1738 2205 ecclesiae.
1767 2130 1810 2203 ut
1833 2129 1881 2205 ad

706 2251 981 2347 intelligentiam
1007 2250 1123 2325 literae
1147 2250 1259 2325 debes
1285 2250 1390 2345 scire,
1409 2250 1507 2345 quod
1530 2250 1587 2325 lric
1609 2257 1689 2325 erat
1707 2250 1879 2326 Salomon

707 2373 771 2467 qui
795 2374 891 2448 inter
915 2372 1007 2447 alios
1031 2370 1115 2447 lecit
1139 2371 1274 2446 librum
1301 2372 1363 2467 qui
1384 2371 1590 2447 intitulatur
1611 2372 1758 2447 Cantica
1783 2372 1881 2447 Can·-

708 2493 878 2586 deorum,
897 2492 935 2565 in
954 2511 1030 2586 quo
1047 2491 1116 2566 sub
1133 2496 1219 2587 typo
1239 2491 1408 2567 describit
1425 2498 1561 2565 statum
1588 2492 1750 2567 ecclcsiae
1767 2493 1882 2567 intro-

708 2610 847 2687 ducens
867 2632 1040 2707 sponsum
1063 2617 1100 2688 et
1117 2632 1300 2707 sponsam,
1318 2612 1410 2689 idest
1426 2612 1610 2687 Christum
1628 2616 1665 2686 et
1690 2613 1881 2689 ecclesiam
2000 2692 2008 2708 ,

710 2732 758 2807 ad
791 2732 1018 2827 loquendum
1044 2738 1196 2826 mutuo;
1226 2731 1308 2807 ideo
1335 2732 1467 2807 merito
1496 2738 1602 2828 poeto
1632 2732 1828 2809 introducit
1841 2724 1878 2825 (ἢ

711 2852 944 2927 Salomonem
970 2852 1251 2946 protestantem,
1272 2852 1415 2928 dicens:
1441 2858 1486 2927 Et
1500 2873 1548 2925 un
1572 2856 1610 2926 di
1634 2856 1726 2944 loro,
1747 2852 1793 2927 de
1812 2874 1883 2927 nu-

711 2991 818 3047 mero
843 2971 991 3046 illorum
1017 2972 1217 3066 seniorum,
1245 2971 1380 3046 scilicet
1406 2971 1589 3066 Salomon,
1613 2975 1714 3063 puori
1735 2974 1799 3045 dot
1821 2975 1886 3045 ciel

711 3110 836 3183 mro,
863 3092 949 3187 quia
975 3092 1148 3167 Salomon
1174 3090 1302 3167 habuit
1323 3090 1538 3187 sapientiam
1564 3112 1586 3165 a
1612 3091 1769 3166 Domino
1784 3080 1820 3184 (³)
1847 3099 1884 3168 et

712 3213 874 3288 maxima
898 3212 995 3287 dona
1019 3212 1237 3309 gratiarum,
1260 3217 1298 3285 et
1323 3217 1449 3286 tomen
1475 3218 1665 3305 tamquam
1692 3212 1804 3287 homo
1830 3212 1885 3286 ni·

711 3333 782 3408 mis
805 3334 1007 3409 enormiter
1032 3333 1189 3426 erravit3
1216 3332 1296 3407 ideo
1322 3331 1423 3426 dirit,
1450 3336 1552 3425 puori
1574 3324 1679 3424 prtdd
1703 3334 1882 3407 contundo

711 3462 765 3527 tre
789 3459 898 3528 ootte:
930 3457 1024 3543 Veni,
1039 3474 1185 3547 monuo,
1211 3456 1254 3527 dc
1281 3454 1422 3526 Ltdooo.
1449 3453 1520 3527 Isto
1546 3454 1660 3527 verbo
1685 3450 1816 3548 scripta
1843 3453 1884 3527 in

711 3573 884 3668 predicto
906 3572 999 3648 libro
1015 3573 1252 3648 canticorum
1271 3580 1358 3647 sunt
1374 3574 1487 3649 rerba
1504 3574 1638 3667 sponsi,
1656 3573 1757 3667 idest,
1778 3573 1885 3647 Cirri-

711 3692 768 3786 sti,
794 3692 858 3786 qui
881 3692 967 3766 dicit
991 3691 1038 3767 ad
1063 3713 1246 3787 sponsam,
1273 3692 1364 3767 idest
1397 3692 1610 3769 ecclesiam:
1638 3693 1726 3768 Veni
1753 3714 1884 3788 sporrsa

714 3831 798 3887 mea
824 3811 1017 3886 odorifera.
1042 3812 1222 3886 libanum
1250 3812 1347 3887 enim
1366 3820 1421 3887 est
1439 3832 1545 3887 moos
1561 3813 1717 3907 tlrahiae,
1735 3812 1798 3887 ubi
1817 3834 1885 3888 nr·

713 3933 828 4007 scitor
853 3933 938 4007 tlrus
962 3933 1192 4027 quodetiam
1210 3933 1342 4008 dicitur
1365 3934 1565 4029 olibanum,
1586 3933 1680 4009 sicut
1700 3941 1799 4029 patet
1818 3954 1885 4030 per

714 4052 955 4147 Bernardum,
974 4054 1038 4148 qui
1063 4054 1191 4148 pulcre
1216 4054 1340 4129 scribit
1358 4074 1470 4150 super
1490 4056 1602 4129 istum
1623 4056 1757 4130 librum
1774 4044 1831 4150 (⁸);
1848 4063 1886 4131 et

715 4173 840 4249 oeteri
863 4172 1180 4249 confirmaverunt
1203 4173 1341 4250 dictum
1367 4175 1581 4250 Salomonis.
1609 4176 1710 4251 Unde
1734 4176 1842 4251 dicit:
1867 4196 1887 4251 e

714 4297 789 4369 tutti
816 4297 868 4385 pli
899 4296 995 4386 altri,
1026 4294 1174 4388 scilicet,
1209 4296 1383 4390 seniores,
1412 4314 1595 4389 oppresso,
1630 4298 1887 4373 clamaverunt
2042 4320 2046 4330 ’

714 4412 963 4489 monnon-
978 4416 1091 4503 Quod
1111 4414 1176 4489 llic
1193 4421 1311 4510 poeta,
1328 4420 1476 4501 ostenso
1494 4416 1592 4511 qood
1610 4418 1783 4493 Salomon
1799 4438 1887 4493 cum
1949 4490 1952 4497 .

713 4533 790 4609 suis
806 4532 1011 4608 senioribus
1028 4534 1235 4609 decantarit
1261 4535 1386 4609 laudes
1404 4556 1556 4631 sponsor,
1575 4536 1771 4613 introducit
1789 4538 1888 4612 mul·

713 4652 905 4728 uounem
942 4654 1161 4750 angelornm
1194 4654 1466 4729 decantantium
1502 4655 1628 4731 lauder
1654 4656 1786 4752 sponsi,
1821 4676 1888 4753 por

776 4872 804 4933 (¹)
819 4868 850 4921 li.
867 4885 885 4921 a
897 4877 990 4935 ponor
1005 4872 1071 4923 utile
1086 4885 1151 4937 erpo
1166 4878 1214 4934 ost.
1230 4876 1258 4923 et
1273 4872 1330 4923 rult
1346 4872 1440 4925 dicere.

777 4942 805 5010 θ
822 4946 853 4997 Β.
868 4948 1010 4999 introducit
1026 4960 1124 5009 oencm,
1142 4948 1207 5000 idest
1222 4946 1396 5000 Salomonem.

778 5022 1270 5087 machinationum.
1326 5046 1331 5052 ·
1395 5022 1827 5091 dil-diminutiomrot
