4342 6692
653 832 725 901 386
1044 844 1249 903 consonum
1273 845 1438 900 nannoni

652 989 788 1066 iormat
815 1011 856 1067 se
877 990 966 1085 Deo,
979 984 1101 1083 nost,
1117 1010 1204 1065 cnm
1222 1011 1298 1085 qno
1315 990 1412 1066 Dens
1429 989 1649 1085 loquebatur
1670 990 1761 1067 iaoie
1776 990 1823 1067 ad

651 1110 1158 1207 iaciem,Somoe1,propheta
1185 1132 1353 1209 magnus,
1375 1110 1438 1205 qni
1460 1111 1603 1185 inunxit
1625 1111 1739 1187 David
1764 1132 1824 1187 re-

651 1252 750 1328 gem,
765 1214 799 1304 ¹o
823 1234 902 1323 quel
928 1233 1105 1304 Gwoonm
1129 1234 1214 1323 quoi
1233 1234 1389 1323 prender
1419 1232 1548 1323 oaoyii,
1574 1229 1721 1326 scilieet,
1748 1238 1824 1307 tam

653 1350 862 1447 Baptistam,
880 1372 993 1445 quam
1010 1350 1293 1447 Evangeiistam,
1311 1352 1357 1426 de
1374 1371 1535 1445 quorum
1553 1352 1669 1427 altero
1686 1351 1822 1427 dictum

654 1478 710 1547 est
725 1477 816 1546 inter
828 1478 931 1545 notos
943 1474 1125 1545 mulierum
1138 1476 1219 1566 eto,
1231 1472 1325 1547 aiter
1338 1491 1428 1547 vero
1447 1471 1615 1547 recubuit
1631 1492 1743 1567 supra
1761 1494 1826 1568 po-

655 1597 736 1665 otns
753 1590 909 1685 Domini,
926 1594 963 1664 io
979 1593 1071 1684 doto,
1086 1612 1161 1665 non
1177 1596 1312 1683 Matio,
1325 1591 1429 1687 quasi
1446 1591 1553 1687 dicat,
1571 1593 1681 1669 etiam
1700 1594 1824 1688 Maria,

656 1730 740 1805 qnae
764 1717 820 1787 est
851 1710 1043 1807 gloriosior
1076 1711 1114 1785 in
1148 1713 1243 1786 coeio
1271 1710 1450 1808 praedietis
1477 1732 1550 1787 non
1581 1712 1727 1803 nabent,
1753 1734 1825 1787 non

653 1832 774 1905 nonno
797 1834 810 1904 t
834 1836 913 1905 loro
937 1835 1074 1924 scanni,
1100 1832 1203 1926 idest,
1228 1832 1365 1929 grados
1394 1832 1534 1929 gloriae,
1557 1834 1595 1905 in
1624 1837 1717 1907 altro
1741 1838 1826 1911 nicto

653 1955 714 2025 ote
738 1955 852 2044 quenti
873 1955 1000 2045 spiriti,
1024 1952 1235 2047 mulierum,
1261 1955 1320 2025 ote
1345 1972 1402 2025 mo
1427 1955 1450 2025 t'
1462 1956 1650 2045 opponiro,
1675 1954 1712 2028 in
1742 1976 1827 2030 cor-

655 2091 745 2168 pore
769 2072 879 2165 luna,
903 2069 950 2147 ne*
971 2075 1091 2147 nonno
1106 2076 1167 2147 ott
1180 2094 1274 2147 esser
1299 2075 1355 2145 lor
1371 2068 1433 2165 pini
1457 2093 1479 2144 o
1505 2094 1584 2147 meo
1603 2077 1703 2164 onai,
1720 2076 1827 2170 quasi

656 2192 770 2269 dieat:
796 2192 889 2267 siout
915 2213 989 2267 non
1013 2192 1367 2267 circumscribuntur
1394 2193 1485 2287 ioco,
1512 2192 1561 2267 ita
1588 2214 1656 2269 nec
1684 2202 1827 2290 tempos

658 2310 773 2385 currit
789 2312 852 2406 eis,
875 2312 939 2385 nbi
964 2321 1020 2387 est
1043 2312 1228 2387 aeternitas
1253 2312 1539 2387 interminabilis.
1567 2314 1610 2387 Et
1637 2315 1757 2389 subdit
1769 2309 1829 2407 (¹):

658 2452 720 2506 mo
743 2436 817 2505 tato
837 2437 952 2527 sonno
980 2434 1066 2507 aeuo
1095 2436 1123 2506 tt
1143 2436 1263 2526 ptimo
1294 2436 1388 2524 niro,
1414 2433 1559 2528 scilicet,
1586 2434 1722 2509 ooeinm
1749 2456 1831 2511 em-

661 2574 829 2649 pyreum,
846 2576 866 2627 e
884 2556 954 2626 ton
971 2555 1069 2627 dolce
1084 2556 1169 2643 vito,
1187 2553 1333 2647 scilieet,
1354 2554 1512 2648 beatam,
1530 2557 1831 2648 differentemento,

660 2672 863 2748 secundnm
890 2674 971 2769 pius
995 2679 1033 2749 et
1059 2673 1180 2748 minus
1204 2673 1349 2770 gioriae3
1375 2674 1473 2748 unde
1497 2673 1600 2749 dicit:
1615 2696 1680 2767 per
1706 2680 1833 2751 sentire

657 2789 719 2887 piat
743 2815 762 2867 e
787 2814 865 2867 men
890 2797 1040 2869 temno
1055 2797 1168 2887 spiro,
1186 2792 1289 2886 idest,
1309 2793 1465 2889 gratiam
1484 2796 1597 2869 sancti
1613 2796 1832 2891 Spiritus-

666 2917 775 3003 Quini.
802 2915 867 2988 Hic
891 2914 1038 2990 Beatrix
1062 2914 1223 3009 assignat
1248 2934 1399 2988 cansam
1418 2934 1535 3008 quare
1551 2917 1684 2989 animae
1708 2924 1833 2993 osten-

660 3036 796 3113 dantur
821 3036 857 3108 in
884 3034 1030 3131 propria
1056 3036 1172 3127 steila,
1197 3034 1340 3110 dicens:
1364 3038 1465 3123 ouini
1487 3039 1519 3107 si
1543 3044 1715 3131 mostron,
1740 3057 1834 3132 prae-

660 3156 745 3231 dicti
761 3155 909 3251 spiritns
926 3154 963 3229 in
981 3156 1047 3229 ista
1065 3155 1170 3229 steila
1190 3154 1326 3249 infima,
1346 3176 1419 3228 non
1434 3148 1562 3247 pereto*
1575 3163 1694 3247 onesta
1713 3178 1834 3249 spero,

659 3275 806 3369 scilicet,
831 3274 983 3369 lunaris,
1008 3278 1065 3349 sio
1087 3278 1213 3348 sortito
1239 3277 1332 3364 loro,
1358 3273 1460 3368 idest,
1487 3275 1666 3351 destinata
1688 3276 1746 3352 vei
1771 3277 1837 3353 de-

661 3400 788 3489 putata
814 3393 886 3487 eis;
912 3415 972 3467 mo
993 3415 1060 3486 per
1084 3414 1192 3485 senno
1225 3396 1318 3467 delio
1349 3396 1510 3485 celestini,
1542 3394 1688 3490 scilieet,
1718 3416 1835 3491 spera,

663 3514 722 3589 vei
752 3517 914 3607 spotoot
948 3517 1037 3587 dito
1070 3535 1149 3589 men
1182 3517 1301 3606 sotto,
1332 3514 1434 3609 idest,
1468 3514 1649 3589 minorem
1679 3515 1834 3613 gradum

611 3650 615 3655 ’
663 3634 895 3711 beatitudinis
912 3634 950 3708 in
966 3634 1152 3729 paradiso;
1175 3634 1279 3728 quasi
1296 3633 1392 3710 dicat
1414 3656 1488 3710 ono
1506 3636 1633 3729 verbo,
1656 3636 1721 3710 ista
1741 3636 1837 3711 fictio

666 3755 749 3829 ideo
773 3755 868 3829 iacta
894 3754 1023 3829 estad
1055 3755 1283 3829 innuendum
1314 3755 1384 3830 sub
1417 3754 1536 3851 figora
1571 3754 1835 3831 distinctionem

664 3875 851 3973 graduum
877 3873 912 3947 in
938 3895 1114 3969 supremo
1139 3875 1244 3948 coelo.
1272 3875 1316 3948 Et
1345 3894 1432 3949 ecce
1456 3895 1627 3949 cansam:
1654 3876 1742 3970 qnia
1766 3867 1839 3949 cosi

662 3999 796 4089 partor
812 3998 988 4069 consonat
1003 3998 1043 4069 ot
1061 4002 1181 4069 vostro
1200 3998 1366 4086 tonantio,
1383 3994 1528 4088 scilicet,
1547 3996 1721 4089 hnmano,
1739 3996 1839 4090 quod

666 4137 741 4191 non
765 4116 861 4210 capit
886 4115 1085 4211 spiritualia
1110 4115 1234 4209 aiiter3
1260 4113 1359 4189 unde
1383 4114 1487 4189 dicit:
1507 4107 1594 4207 pero
1613 4118 1770 4197 otesolo
1790 4118 1841 4190 do

665 4244 805 4313 sensato
821 4239 1000 4330 apprende
1018 4228 1071 4309 oto
1087 4239 1147 4311 cite
1160 4240 1203 4329 so
1213 4239 1339 4327 poscio
1355 4239 1389 4309 d'
1397 4239 1557 4311 intellecto
1576 4239 1715 4330 deono;
1735 4237 1841 4330 quasi

668 4348 831 4450 dicentii:
857 4356 944 4451 quia
970 4356 1089 4430 omnis
1106 4361 1231 4429 nostra
1249 4354 1407 4451 cognitio
1425 4355 1642 4431 intellectiva
1662 4355 1843 4451 dependet

665 4500 689 4553 a
706 4477 875 4553 sensitiva
892 4476 1017 4571 aliquo
1035 4475 1164 4568 modo;
1184 4475 1281 4551 unde
1299 4496 1372 4551 non
1394 4497 1589 4570 possumus
1606 4476 1674 4551 nisi
1692 4496 1739 4551 ex
1757 4496 1843 4553 sen-

667 4598 829 4674 sibilibus
854 4596 1053 4673 ascendere
1079 4595 1125 4670 ad
1152 4596 1315 4671 notitiam
1342 4604 1609 4692 separatorum,
1634 4596 1731 4671 circa
1756 4617 1842 4690 qoae

668 4719 842 4814 sapientia
858 4718 1017 4793 totaliter
1034 4717 1340 4809 versatum-unde
1366 4717 1452 4792 nihii
1475 4738 1671 4813 possumus
1687 4717 1840 4811 discere,

670 4959 674 4965 ⁵
733 4976 761 5041 (¹)
777 4977 809 5027 B.
825 4976 912 5027 anton
927 4976 1023 5026 noem.
1289 4974 1317 5037 (¹)
1334 4976 1365 5027 Ε.
1382 4977 1462 5027 dicat:
1478 4978 1570 5029 omnio.
