4342 6692
688 879 732 945 10
1045 893 1249 950 cononum
1275 893 1493 950 runouronn

682 1037 761 1110 tulo
786 1037 843 1131 lV,
870 1045 907 1111 et
930 1038 1049 1133 giosat
1074 1037 1215 1114 dictum
1239 1059 1364 1131 suum,
1389 1037 1529 1112 dicens:
1555 1041 1643 1112 door
1670 1043 1718 1112 to
1746 1043 1774 1113 it
1800 1045 1854 1114 oi·

680 1160 781 1229 como
798 1161 836 1232 di
852 1163 971 1232 Pietro
996 1161 1026 1230 le
1046 1162 1187 1252 piontc;
1213 1159 1301 1252 quia
1324 1159 1479 1254 angelus
1494 1157 1639 1232 Domini
1664 1160 1727 1252 qui
1754 1159 1851 1256 figu-

683 1283 739 1350 rat
764 1278 991 1352 sacerdotem
1018 1277 1119 1353 sedet
1144 1278 1182 1352 in
1207 1279 1332 1353 limine
1352 1285 1467 1373 porte
1492 1287 1530 1353 et
1553 1285 1655 1354 tenet
1678 1281 1789 1374 pedes
1813 1282 1850 1355 in

679 1417 827 1472 summo
851 1398 981 1495 gradu.
1008 1398 1101 1471 Dicit
1124 1419 1233 1495 ergo:
1258 1406 1371 1472 acmo
1392 1393 1565 1492 sorscpid
1582 1394 1655 1489 pit,
1673 1399 1767 1474 inira
1795 1401 1850 1474 di-

680 1524 780 1590 ctum
807 1518 977 1613 gradum,
999 1539 1092 1610 poro
1114 1540 1138 1591 o
1163 1522 1279 1610 ossoi3
1313 1519 1399 1612 utria
1430 1517 1470 1596 fit
1499 1526 1733 1594 terraemotus
1762 1541 1849 1616 par·

680 1657 749 1712 vus
766 1639 824 1711 vei
841 1658 1016 1732 maguus3
1035 1645 1071 1712 et
1089 1638 1204 1734 tangit
1220 1659 1370 1712 causam
1388 1630 1424 1731 (¹)
1445 1645 1690 1733 terremotus,
1707 1641 1847 1715 dicens:

679 1777 751 1850 mo,
774 1779 842 1850 per
872 1765 971 1831 moto
1000 1761 1061 1832 ode
1084 1761 1122 1831 'o
1150 1766 1249 1830 tora
1277 1761 1310 1830 si
1337 1761 1533 1850 ouscoodo,
1561 1779 1635 1830 ooo
1664 1781 1706 1832 so
1738 1781 1846 1851 come,

679 1878 783 1970 quasi
808 1877 922 1952 dicat:
947 1879 1286 1972 qualitercumque,
1304 1878 1379 1972 sed,
1396 1873 1614 1969 grassiaco
1630 1872 1741 1952 trono
1757 1883 1843 1975 moi,

677 1998 823 2092 scilicet,
848 2019 915 2094 per
940 1999 1037 2074 viam
1065 1999 1174 2074 venti.
1201 1999 1246 2072 Et
1271 1999 1427 2074 finaliter
1447 1998 1583 2072 Statius
1606 2000 1767 2096 assignat
1785 2021 1848 2075 vc·

679 2139 758 2193 ram
784 2139 935 2193 causam
962 2118 1056 2192 iilius
1083 2125 1318 2193 terraemotus
1337 2119 1563 2213 spiritualem
1589 2128 1627 2194 et
1653 2123 1846 2216 moralem,

676 2238 817 2312 dicens:
844 2242 988 2312 nemori
1012 2242 1157 2330 quorrdo
1182 2241 1449 2312 ocuooooimo
1475 2243 1618 2334 moruzio,
1639 2241 1741 2335 idest,
1760 2263 1846 2337 per·

675 2356 770 2433 iec'te
796 2366 963 2454 purgata,
988 2362 1020 2432 si
1041 2367 1147 2450 seue,
1163 2351 1194 2432 si
1209 2361 1269 2431 cte
1284 2379 1407 2452 surgo,
1430 2359 1524 2433 sicut
1548 2361 1651 2435 avari
1668 2361 1845 2456 jacentes,

677 2501 699 2552 o
723 2482 783 2552 otc
798 2482 830 2551 si
846 2500 986 2570 mooou,
1003 2479 1097 2555 sicut
1115 2480 1176 2553 aiii
1197 2501 1268 2554 non
1282 2480 1457 2576 jacentes,
1479 2483 1536 2556 vei
1554 2503 1628 2556 non
1645 2482 1764 2577 ligati3
1778 2505 1846 2576 per

675 2603 765 2674 scio
789 2622 844 2690 su,
863 2600 909 2674 ad
934 2601 1048 2675 alium
1067 2601 1224 2697 gradum
1245 2601 1485 2696 superiorem,
1503 2623 1522 2673 c
1546 2605 1598 2674 tot
1611 2585 1729 2696 prado,
1750 2624 1845 2696 qua·
1952 2584 1955 2589 ’

677 2720 749 2795 lem
767 2721 948 2814 audivisti,
961 2721 1107 2814 scilicet,
1120 2720 1236 2816 gioria
1250 2721 1285 2793 in
1299 2721 1451 2795 excelsis
1462 2721 1550 2815 Deo,
1562 2726 1728 2812 soconda,
1741 2722 1844 2816 idest,

676 2843 843 2934 sequitur
880 2841 1090 2915 immediate
1128 2844 1518 2915 tremorem-netto
1553 2846 1742 2916 mondizio.
1780 2844 1844 2918 iiic

677 2961 813 3034 Statius
840 2959 1032 3055 respondet
1057 2960 1249 3054 quaestioni
1274 2961 1408 3035 tacitae:
1426 2967 1570 3056 poterat
1587 2963 1686 3036 euim
1705 2955 1740 3054 ς’)
1760 2963 1844 3038 Vir·
1987 3018 1991 3026 .

672 3081 780 3177 gilius
806 3080 926 3156 statim
959 3087 1108 3175 petere:
1134 3080 1181 3154 ad
1211 3080 1298 3172 quid
1327 3081 1385 3155 rei
1409 3079 1596 3174 quomodo
1625 3083 1858 3178 cognoscitis

635 3187 639 3194 ’
673 3223 739 3277 vos
764 3201 862 3295 quod
887 3201 1010 3294 aliqua
1039 3201 1161 3275 anima
1188 3200 1232 3274 sit
1258 3205 1435 3296 purgata?
1461 3202 1656 3296 respondet
1683 3203 1841 3277 Statius:

611 3415 612 3420 Ν
672 3326 700 3396 o
730 3327 785 3396 sot
816 3327 926 3413 octor,
960 3322 1060 3415 idest,
1096 3323 1172 3395 soia
1205 3322 1384 3415 voluntas,
1415 3326 1465 3416 sa.
1487 3343 1627 3415 pruooo
1658 3326 1730 3415 circ,
1756 3331 1841 3399 tutto
1947 3304 1951 3314 ¹

585 3535 587 3543 y
670 3443 791 3534 tidcro,
817 3442 895 3516 sine
929 3443 1051 3534 aliqua
1078 3441 1302 3533 necessitate,
1328 3445 1456 3514 tuturo
1487 3447 1681 3535 soprcndc
1708 3465 1733 3515 o
1763 3467 1840 3519 mu·

605 3643 607 3652 ,
669 3539 728 3635 tor
744 3569 924 3651 convento,
942 3561 1087 3654 scilicet,
1105 3581 1297 3636 ascensum
1315 3561 1363 3634 ad
1381 3561 1549 3636 altiorem
1569 3563 1727 3658 gradum
1751 3587 1842 3660 pur—

630 3717 632 3725 *
668 3683 809 3778 gatorii,
836 3685 915 3756 cdi
939 3684 1036 3758 ootcr
1060 3684 1093 3754 lc
1115 3685 1234 3772 mono,
1252 3681 1354 3774 idest,
1371 3688 1409 3754 et
1433 3687 1522 3756 tunc
1541 3682 1696 3757 delectat
1722 3685 1837 3779 ipsam

585 3863 587 3871 ,
649 3802 830 3876 animam
861 3801 964 3890 velle¹
989 3807 1135 3875 mutare
1166 3807 1401 3875 conventum.
1428 3800 1471 3875 Et
1502 3802 1678 3878 contiuuo
1703 3805 1837 3879 Statius

631 3915 633 3924 ’
668 3921 754 3998 iacit
778 3923 886 3995 aliam
912 3921 1190 4015 antipophoram
1216 3917 1440 4014 necessario,
1458 3921 1546 4014 quia
1564 3921 1735 4018 Virgilius
1755 3935 1838 4000 erat
1959 3923 1964 3932 ’

665 4041 790 4116 statim
809 4041 992 4116 dicturus:
1012 4040 1208 4134 quomodo,
1230 4061 1351 4114 nonne
1371 4042 1452 4114 vult
1470 4061 1625 4136 semper
1638 4043 1741 4118 exire
1758 4066 1840 4140 poe·

579 4165 584 4182 '
667 4168 781 4248 namt
808 4164 1001 4258 respondet
1026 4163 1173 4256 Statius,
1191 4161 1288 4256 quod
1309 4163 1401 4256 vult,
1418 4162 1482 4236 sed
1507 4183 1581 4236 non
1606 4164 1731 4258 libere,
1750 4166 1836 4259 quia

633 4365 634 4372 Ν
664 4283 789 4357 anima
815 4291 943 4379 sponte
967 4283 1113 4357 subiicit
1137 4303 1177 4356 se
1202 4282 1318 4375 cuipae
1334 4273 1370 4372 (³)
1399 4283 1569 4379 erigente
1585 4284 1707 4358 divina
1728 4285 1838 4380 justi-

611 4433 614 4444 ·
666 4402 726 4478 tia.
752 4405 844 4479 Dicit
870 4425 981 4500 ergo:
995 4407 1117 4496 primo
1136 4405 1218 4475 occi
1231 4403 1328 4492 douc,
1345 4401 1491 4496 scilicet,
1510 4411 1657 4478 mutare
1679 4407 1835 4500 gradum

665 4523 724 4598 illa
750 4523 873 4598 anima
898 4532 1099 4616 antequam
1123 4523 1269 4596 recedat
1292 4542 1313 4597 a
1339 4542 1460 4616 poena,
1485 4543 1546 4594 mo
1568 4526 1597 4597 it
1620 4528 1745 4598 talento
1764 4547 1838 4600 ooo

466 4617 468 4626 Α
606 4672 608 4680 ’
651 4637 787 4734 'torno
813 4641 916 4735 idest,
940 4642 1122 4737 appetitus
1149 4662 1222 4714 non
1252 4641 1448 4735 permittit3
1475 4643 1578 4735 quasi
1603 4643 1710 4738 dicat,
1737 4647 1835 4740 quod

690 4859 693 4870 '
725 4860 752 4920 (¹)
770 4860 823 4918 11⁷,
840 4871 943 4907 musam
960 4857 1131 4920 gencrutionis
1148 4861 1321 4906 urraemotuc

723 4935 751 4995 (¹)
768 4935 799 4984 Ε.
815 4935 885 4984 enim
902 4935 988 4984 dicero
1005 4934 1128 4997 Virgilius
1142 4940 1171 4984 et
1185 4935 1282 4984 statim.
1382 4936 1386 4946 “

726 5011 753 5074 (⁸)
770 5015 824 5069 ¹¹⁷»
841 5023 932 5073 poenae,
948 5011 1015 5062 sicut
1030 5015 1121 5074 sponte
1136 5011 1231 5062 obiecit
1247 5024 1275 5060 sc
1290 5009 1374 5074 culpe
1390 5013 1517 5076 exigente.
