4342 6692
753 909 892 967 murus
916 911 1095 978 noturus
1442 898 1512 966 389

342 1062 437 1133 Dice.
462 1057 529 1133 liic
552 1055 716 1131 declarat
738 1056 855 1151 ipsam
881 1056 1098 1131 senteutiam
1125 1055 1284 1131 Platonis
1309 1054 1513 1130 secundum

341 1200 475 1254 sonum
501 1176 714 1251 verborum.
732 1177 778 1249 ut
791 1175 840 1250 ad
860 1176 970 1250 buius
990 1175 1105 1252 literae
1121 1177 1223 1249 fortis
1241 1175 1513 1272 intelligentiam

342 1308 400 1375 est
422 1296 690 1373 advertendum
715 1303 897 1391 notanter,
911 1297 1011 1391 quod
1026 1297 1148 1391 opinio
1167 1297 1336 1390 Platonis,
1357 1297 1516 1371 Socratis

343 1425 383 1494 et
406 1416 711 1493 Academicorum
729 1415 808 1509 luit,
828 1416 969 1491 animas
985 1416 1209 1492 descendere
1233 1439 1256 1492 a
1281 1416 1516 1511 comparibus

344 1538 466 1631 stellis,
485 1543 522 1612 el
540 1544 622 1631 post
646 1542 804 1610 mortem
823 1536 959 1611 reverti
976 1536 1023 1610 ad
1040 1556 1233 1631 compares
1253 1537 1384 1611 stellas.
1406 1536 1516 1611 Stella

345 1666 472 1735 autem
497 1677 649 1751 compar
673 1657 876 1733 recabatur
901 1657 961 1731 illa
985 1657 1092 1731 cuius
1120 1664 1240 1732 motor
1266 1658 1303 1731 in
1330 1656 1517 1731 nativitate

344 1778 406 1853 dat
422 1777 563 1853 semina
588 1776 672 1852 vitae
697 1782 735 1853 et
759 1776 984 1870 intellectus,
1002 1784 1040 1851 et
1055 1777 1108 1850 sic
1129 1777 1249 1873 posuit
1269 1777 1431 1851 animam
1453 1776 1519 1851 de-

345 1899 523 1975 mendene
549 1919 573 1973 a
605 1896 743 1973 eoelesti
768 1917 924 1992 corpore
956 1896 1003 1971 ad
1036 1917 1170 1993 corpus
1201 1905 1386 1973 terrestre
1418 1898 1519 1972 Sicut

346 2038 436 2116 ergo
453 2020 634 2094 elementa
653 2024 893 2093 revertuntur
908 2016 955 2091 ad
972 2038 1060 2092 suas
1076 2017 1247 2114 origines,
1268 2019 1319 2093 sic
1328 2011 1364 2111 (¹)
1384 2018 1517 2093 animm

345 2139 393 2214 ad
425 2159 532 2213 suam
564 2138 745 2236 originem
776 2139 983 2213 coelestem:
1015 2143 1052 2211 et
1085 2138 1175 2211 dixit
1210 2139 1247 2211 in
1281 2139 1403 2211 anima
1439 2158 1519 2213 esse

344 2280 495 2334 omnem
522 2258 688 2333 habitum
708 2258 852 2332 virtutis
877 2264 915 2332 et
940 2258 1110 2351 scientim,
1132 2266 1169 2333 et
1182 2258 1250 2333 isto
1269 2259 1379 2334 modo
1399 2260 1519 2335 studia

348 2387 385 2455 et
409 2378 692 2453 amuelactiones
717 2399 790 2452 non
816 2377 1010 2452 conterunt
1027 2376 1128 2452 aliud
1149 2378 1390 2454 intellectibus
1411 2386 1448 2453 et
1466 2379 1520 2453 al-

347 2501 513 2594 lectibus,
530 2499 598 2573 nisi
615 2498 715 2593 quud
732 2504 926 2574 removent
941 2499 1169 2573 contrarium
1188 2500 1408 2595 impediens,
1426 2500 1520 2574 sicut

348 2620 516 2695 ridemus
540 2618 578 2692 in
602 2618 747 2693 ebrioso
772 2624 809 2693 et
834 2618 1045 2714 epilentico3
1076 2619 1141 2693 sed
1171 2620 1307 2694 veritas
1336 2627 1392 2695 est
1421 2619 1519 2713 quud

348 2759 415 2835 per
439 2738 601 2813 studium
626 2744 664 2812 et
689 2737 991 2812 assuefactionem
1013 2739 1093 2813 baec
1112 2739 1236 2812 omnia
1261 2738 1517 2833 acquiruntur.

349 2859 440 2934 Dicit
464 2879 574 2953 ergo:
601 2860 698 2951 Dice,
718 2857 864 2951 scilicet,
890 2856 950 2931 ille
974 2857 1144 2952 limans,
1165 2860 1224 2930 clte
1247 2861 1391 2948 latmo,
1418 2859 1519 2955 idest,

348 2977 472 3054 anima
497 2979 671 3070 bumana,
697 2979 1113 3071 marcescamus,
1143 2984 1223 3072 post
1250 2986 1408 3053 mortem
1435 3000 1521 3054 cor·

350 3098 459 3195 poris,
484 3099 658 3171 credendo
682 3099 796 3188 quello
821 3118 933 3170 essere
956 3099 1073 3170 metra
1098 3100 1231 3189 quadi,
1257 3098 1392 3175 scilicet
1417 3102 1520 3175 stella

349 3240 429 3312 sua,
455 3220 597 3309 quondo
620 3224 753 3291 namra
773 3238 840 3309 per
861 3220 983 3311 formo
1008 3220 1044 3290 ln
1068 3218 1179 3309 dade,
1204 3216 1268 3312 ipsi
1294 3221 1439 3314 corpori
1457 3241 1521 3295 ur-

348 3338 480 3435 ganico
506 3344 672 3433 tempure
697 3337 901 3411 nativitatis.
915 3376 965 3391 -
977 3342 1010 3409 E
1020 3340 1128 3430 sorae.
1148 3335 1213 3411 Hic
1230 3338 1375 3412 Beatrix
1395 3328 1528 3416 nititur

349 3459 494 3533 salvare
505 3449 543 3550 (³)
562 3456 771 3552 opinionem
788 3458 959 3552 Platonis,
977 3462 1014 3531 et
1031 3457 1171 3533 reducit
1188 3458 1301 3553 ipsam
1324 3460 1370 3534 ad
1388 3482 1520 3535 sanum

351 3579 588 3672 intellectum,
614 3577 761 3672 scilicet,
787 3577 887 3672 quod
912 3586 1016 3652 actus
1041 3579 1192 3652 bomani
1223 3580 1286 3673 qui
1315 3587 1523 3675 sequuntur

351 3708 552 3777 causantur
577 3720 599 3773 a
625 3699 730 3793 coelo,
754 3704 791 3772 et
815 3719 839 3773 a
864 3700 1025 3773 motibus
1041 3705 1078 3774 et
1095 3699 1300 3794 aspectibus
1320 3702 1520 3776 stellarum.
1558 3721 1560 3729 ’

352 3820 445 3895 Dicit
470 3838 580 3915 ergo:
606 3823 641 3891 Ε
658 3822 756 3912 forse
780 3837 847 3891 suu
869 3822 1047 3891 amtenza'o
1072 3816 1149 3893 dd'
1163 3821 1258 3892 ultra
1279 3824 1394 3912 parsu,
1421 3822 1522 3915 idest,

352 3938 503 4015 alterius
528 3938 668 4031 lormae,
686 3939 745 4010 cde
768 3939 806 4010 tc
831 3956 913 4009 voce
931 3958 1002 4011 non
1019 3958 1145 4028 saona,
1166 3939 1269 4032 idest,
1287 3960 1399 4033 quam
1419 3940 1523 4016 litera

354 4059 489 4134 vocalis
513 4077 647 4145 sonare
671 4056 850 4131 videatur.
876 4058 920 4130 Et
945 4058 1109 4152 loquitur
1135 4059 1335 4152 prudenter
1361 4060 1430 4133 sub
1455 4061 1524 4133 du-

354 4177 538 4270 bitatione,
564 4175 722 4270 quiade
748 4175 802 4250 rei
827 4176 982 4250 veritate
1007 4176 1075 4251 ista
1101 4176 1247 4253 videtur
1267 4178 1378 4253 luisse
1403 4178 1524 4274 opinio

355 4298 523 4391 Platonis,
538 4316 622 4391 quae
639 4296 761 4371 luerat
776 4303 885 4371 antea
899 4298 1130 4393 Pytbagorae,
1145 4304 1182 4371 et
1202 4300 1325 4394 magni
1344 4300 1525 4393 sapientes

354 4419 524 4494 ridentur
548 4418 599 4491 sic
624 4417 771 4510 sentire,
788 4416 883 4491 sicut
907 4418 1058 4511 Tullius,
1075 4418 1266 4515 Virgilium
1284 4419 1359 4494 imo
1379 4420 1524 4495 Boetius

352 4537 671 4613 christianissimus
696 4537 841 4612 videtur
858 4537 970 4612 luisse
986 4537 1089 4612 istius
1109 4539 1295 4633 opinionis.
1314 4542 1525 4621 ldeoautor

354 4658 504 4753 corrigit
527 4656 665 4731 dictum
692 4656 861 4751 Platonis,
877 4656 1021 4731 dicens:
1040 4665 1076 4731 cl
1093 4679 1188 4732 esser
1202 4665 1306 4751 puoto
1322 4682 1388 4734 con
1412 4664 1525 4737 inlen-

356 4779 436 4849 zion
461 4779 510 4849 da
534 4797 607 4849 non
631 4798 725 4849 esser
749 4779 881 4865 derisa,
899 4777 1076 4870 quianon
1099 4798 1267 4873 erronea,
1290 4802 1363 4855 non
1388 4782 1525 4860 absona
1596 4822 1598 4829 v

420 5033 449 5099 (¹)
467 5034 498 5085 ll.
513 5034 550 5085 ric
564 5038 593 5085 et
607 5036 693 5086 amma
708 5037 750 5089 ad.
998 5034 1027 5100 (Ἴ
1042 5043 1066 5097 t,
1079 5050 1192 5089 serrare.
