4342 6692
726 882 798 949 396
1117 892 1320 947 contumuit
1345 890 1511 945 censuim

725 1046 782 1113 rat
807 1044 964 1133 patrem,
989 1043 1032 1111 ut
1055 1036 1116 1111 alii
1141 1036 1339 1110 salventur.
1367 1035 1451 1111 ldeo
1476 1035 1579 1111 dicit:
1602 1058 1669 1129 per
1690 1041 1813 1131 proptr
1832 1060 1897 1131 pe-

722 1160 841 1249 riodo,
854 1158 956 1250 idest,
971 1176 1085 1231 causa
1100 1155 1234 1230 vitandi
1248 1156 1468 1251 periculum,
1484 1164 1643 1229 cmttroc
1658 1166 1777 1249 proto,
1791 1156 1893 1249 idest,

722 1285 849 1352 contra
868 1279 1113 1370 voluntatem3
1136 1276 1230 1352 sicut
1254 1298 1390 1350 avarus
1407 1276 1549 1371 proiicit
1567 1296 1710 1353 merces
1726 1284 1893 1373 tempore

723 1399 946 1493 tempestatis
964 1406 1005 1471 ut
1020 1400 1194 1472 salvetur.
1212 1399 1254 1471 Et
1271 1397 1464 1471 confirmat
1481 1397 1618 1471 dictum
1637 1420 1747 1471 suum
1764 1418 1893 1473 exeru-

722 1518 783 1613 plo
808 1518 1000 1591 manifesto
1024 1518 1253 1610 Alcmeonis,
1274 1518 1336 1611 qui
1361 1517 1532 1591 mactavit
1552 1525 1707 1592 matrem
1726 1518 1763 1591 in
1785 1518 1893 1591 ultio·

722 1657 807 1713 nem
840 1638 962 1733 patris,
988 1639 1034 1713 de
1065 1658 1141 1731 quo
1171 1638 1264 1712 iacta
1294 1642 1349 1711 θεῖ
1380 1637 1517 1713 mentio
1548 1638 1631 1713 alibi
1653 1639 1732 1733 iam
1759 1640 1830 1733 bis;
1855 1646 1894 1714 et

721 1755 932 1831 Aristoteles
956 1756 1200 1853 exemplificat
1225 1756 1336 1831 etiam
1365 1756 1412 1831 de
1441 1777 1497 1831 eo.
1529 1756 1620 1831 Dicit
1652 1778 1763 1853 ergo:
1796 1780 1894 1831 corre

721 1880 887 1950 Almeonc
909 1880 980 1970 cte,
1007 1881 1045 1951 di
1068 1871 1122 1951 oid
1143 1885 1294 1971 propalo
1319 1880 1383 1951 dcl
1401 1880 1518 1970 pudre
1541 1898 1618 1970 suo,
1640 1880 1785 1974 scilicet,
1803 1881 1892 1954 ilm-

721 1998 872 2094 phiarao
897 1999 1038 2073 famoso
1062 2018 1221 2095 augure,
1245 2020 1377 2092 sperus,
1403 1998 1506 2093 idest,
1531 1999 1722 2093 interiecit,
1745 2004 1783 2075 la
1804 2022 1894 2094 pro-

718 2122 803 2211 pn'c
827 2121 964 2208 madre,
989 2119 1125 2193 scilicet
1151 2118 1356 2214 Eriphylam
1388 2138 1472 2211 quae
1497 2117 1705 2212 prodiderat
1728 2140 1818 2195 eum
1848 2121 1894 2195 ad

721 2245 892 2311 mortem.
918 2239 964 2311 nt
987 2238 1096 2312 dicit:
1126 2260 1194 2331 per
1222 2260 1294 2311 oon
1320 2241 1451 2330 perder
1482 2228 1577 2330 pictd
1607 2242 1639 2312 si
1664 2242 1710 2333 [θ’
1726 2243 1895 2334 spirtum,-

721 2359 835 2453 pietas
851 2359 950 2432 enim
964 2366 1020 2433 est
1036 2380 1143 2433 amor
1160 2360 1205 2434 ad
1219 2366 1407 2454 parentes;
1425 2358 1535 2432 modo
1549 2359 1733 2433 Alcmaeon
1752 2368 1795 2435 ut
1815 2382 1894 2437 ser·

721 2484 827 2553 raret
852 2480 1024 2573 pietatem
1047 2500 1137 2575 erga
1157 2486 1297 2574 patrem
1321 2500 1409 2553 usus
1427 2486 1482 2553 θεῖ
1500 2479 1685 2575 impietate
1701 2501 1790 2577 erga
1813 2502 1893 2557 ma-

720 2605 829 2673 trem.
864 2600 963 2673 ldem
995 2599 1079 2674 lecit
1109 2600 1271 2693 Orestes,
1303 2600 1349 2673 de
1383 2620 1457 2693 quo
1492 2599 1635 2673 dicetur
1664 2601 1701 2674 in
1735 2602 1893 2697 capitulo

722 2719 1006 2813 sequenti-A
1033 2727 1161 2817 queso.
1193 2720 1258 2795 llic
1289 2720 1436 2794 Beatrix
1467 2720 1663 2815 persuadet
1692 2723 1825 2817 autori,
1851 2730 1893 2797 ut

720 2840 926 2915 consideret
949 2840 1047 2914 circa
1073 2840 1287 2935 praedictum
1307 2860 1454 2935 passum
1473 2861 1559 2915 cum
1581 2842 1807 2917 distinctione
1824 2864 1893 2937 pro

719 2959 966 3034 declaratione
994 2980 1073 3053 sua,
1100 2960 1241 3033 dicens:
1276 2966 1306 3032 A
1343 2966 1459 3049 questo
1486 2968 1595 3051 puoto
1625 2964 1742 3051 nuptio
1772 2964 1832 3035 clu
1856 2968 1892 3035 ta

718 3100 836 3171 pense,
864 3082 924 3152 cle
948 3082 986 3153 lo
1007 3084 1117 3173 [crza
1141 3083 1172 3151 si
1196 3082 1339 3152 mmclria
1356 3083 1395 3151 al
1411 3083 1520 3169 noter,
1538 3088 1575 3155 et
1598 3080 1649 3153 sic
1668 3080 1705 3153 fit
1723 3082 1892 3155 voluntas

722 3201 847 3294 mixta,
882 3205 1036 3295 efauno
1059 3193 1091 3273 sl
1122 3202 1181 3273 cte
1211 3221 1336 3272 scusor
1365 3220 1438 3273 oon
1466 3203 1655 3292 siposson
1686 3204 1717 3274 Ie
1747 3206 1888 3295 offense,

720 3320 822 3413 idest,
850 3326 1019 3415 peccata3
1046 3319 1145 3393 unde
1169 3320 1309 3393 subdit:
1329 3322 1446 3411 nuptia
1466 3324 1620 3395 assotuta
1639 3342 1712 3395 noo
1734 3329 1893 3395 canente

721 3444 761 3514 ol
782 3444 915 3532 danum
945 3440 1047 3533 idest,
1076 3446 1240 3533 peccato,
1270 3446 1307 3513 et
1336 3439 1365 3511 si
1400 3441 1590 3534 consentit,
1615 3441 1773 3515 efficitur
1804 3448 1891 3515 tunc

721 3560 851 3652 mixta3
879 3559 977 3633 unde
1001 3558 1105 3633 dicit:
1127 3580 1185 3631 mo
1210 3563 1402 3631 comentem
1417 3563 1454 3633 io
1472 3568 1581 3653 tanto,
1605 3565 1641 3633 in
1661 3568 1791 3652 quanto
1807 3568 1892 3633 terne

719 3684 829 3753 ruder
852 3684 890 3752 io
912 3674 974 3771 piri
1004 3684 1165 3771 ossanna,
1192 3680 1336 3773 scilicet,
1365 3679 1400 3752 in
1433 3680 1550 3753 maius
1582 3680 1773 3774 damnum,
1799 3680 1893 3755 sicut

721 3806 820 3895 patet
844 3799 881 3872 in
906 3820 952 3873 eo
977 3799 1041 3892 qui
1059 3798 1206 3873 violavit
1224 3799 1416 3894 virginem,
1434 3800 1497 3892 qui
1520 3806 1560 3873 ut
1581 3799 1712 3873 evadat
1731 3820 1754 3873 a
1773 3806 1892 3873 morte

719 3920 914 4014 desponsat
938 3940 1035 4010 cam,
1060 3938 1172 4012 quam
1202 3939 1391 4011 nunquam
1424 3918 1530 3992 aliter
1560 3919 1821 4013 desponsasset.
1848 3918 1892 3991 Et

720 4040 772 4116 sic
797 4044 897 4135 patet
921 4038 1020 4133 quod
1046 4039 1216 4111 voluntas
1241 4046 1368 4112 coacta
1395 4037 1562 4113 voluntas
1582 4046 1646 4113 est.
1666 4039 1710 4111 Et
1730 4037 1788 4111 liic
1805 4044 1891 4113 nom

720 4161 819 4255 quod
844 4161 874 4233 si
899 4160 945 4233 sit
970 4159 1081 4233 timor
1107 4160 1239 4233 cadens
1265 4158 1300 4231 in
1331 4166 1556 4233 constantem
1588 4158 1707 4233 virum
1741 4164 1892 4233 excusat

719 4282 756 4354 in
783 4281 863 4354 loro
888 4279 984 4353 civili
1009 4286 1047 4353 et
1071 4280 1181 4353 etiam
1216 4278 1252 4351 in
1284 4278 1362 4352 loro
1393 4279 1535 4371 morali,
1560 4278 1624 4354 sed
1647 4298 1719 4353 non
1741 4277 1892 4351 omnino

719 4399 819 4495 apud
845 4401 987 4492 Deum3
1014 4419 1111 4492 saepe
1136 4398 1245 4471 etiam
1277 4404 1332 4471 est
1366 4397 1548 4472 laudabile
1582 4418 1655 4471 non
1687 4398 1819 4472 cedere
1845 4396 1891 4471 ti·

716 4519 825 4613 mori,
851 4519 937 4613 quia
963 4519 1099 4593 scilicet
1126 4518 1256 4593 melius
1282 4524 1337 4593 est
1362 4517 1512 4614 diligere
1537 4519 1745 4611 honestum,
1776 4537 1888 4610 quam

717 4643 851 4715 timere
884 4660 1052 4735 poenam:
1089 4640 1180 4713 tales
1212 4658 1302 4734 ergo
1335 4638 1565 4733 operationes
1596 4645 1681 4711 sunt
1710 4638 1891 4733 quodam·

718 4761 828 4834 modo
843 4760 1071 4853 voluntariae,
1084 4758 1358 4854 quodammodo
1376 4751 1808 4833 involuntariam-Perti.
1828 4757 1892 4831 llic

718 4880 864 4955 Beatrix
890 4880 1077 4975 praemissa
1103 4879 1330 4953 distinctione
1356 4880 1562 4952 necessaria
1583 4878 1765 4953 concludit
1790 4878 1892 4952 solu-

721 5001 858 5075 tionem
885 5000 1093 5093 quaestionis
1118 4998 1309 5074 verificans
1337 5005 1540 5092 utrumqne
1569 4998 1720 5092 dictum,
1745 4997 1890 5073 dicens:
