<?xml version="1.0" encoding="UTF-8"?>
<!DOCTYPE html PUBLIC "-//W3C//DTD XHTML 1.0 Transitional//EN"
    "http://www.w3.org/TR/xhtml1/DTD/xhtml1-transitional.dtd">
<html xmlns="http://www.w3.org/1999/xhtml" xml:lang="en" lang="en">
 <head>
  <title>
</title>
<meta http-equiv="Content-Type" content="text/html;charset=utf-8" />
  <meta name='ocr-system' content='tesseract 3.04.00' />
  <meta name='ocr-capabilities' content='ocr_page ocr_carea ocr_par ocr_line ocrx_word'/>
</head>
<body>
  <div class='ocr_page' id='page_1' title='image "benevenutideram01lacagoog_0472.png"; bbox 0 0 4342 6692; ppageno 0'>
   <div class='ocr_carea' id='block_1_1' title="bbox 677 860 1460 932">
    <p class='ocr_par' dir='ltr' id='par_1_1' title="bbox 677 860 1460 932">
     <span class='ocr_line' id='line_1_1' title="bbox 677 860 1460 932; baseline -0.011 -2"><span class='ocrx_word' id='word_1_1' title='bbox 677 860 748 932; x_wconf 69' lang='lat' dir='ltr'><strong>tta</strong></span> <span class='ocrx_word' id='word_1_2' title='bbox 1065 869 1269 928; x_wconf 66' lang='lat' dir='ltr'><strong>conanum</strong></span> <span class='ocrx_word' id='word_1_3' title='bbox 1292 868 1460 926; x_wconf 80' lang='lat' dir='ltr'><strong>rrnsnrn</strong></span> 
     </span>
    </p>
   </div>
   <div class='ocr_carea' id='block_1_2' title="bbox 610 1011 1855 4240">
    <p class='ocr_par' dir='ltr' id='par_1_2' title="bbox 610 1011 1855 4240">
     <span class='ocr_line' id='line_1_2' title="bbox 676 1011 1848 1111; baseline -0.007 -17"><span class='ocrx_word' id='word_1_4' title='bbox 676 1016 824 1096; x_wconf 79' lang='lat' dir='ltr'><strong>uomim</strong></span> <span class='ocrx_word' id='word_1_5' title='bbox 848 1021 1023 1110; x_wconf 86' lang='lat' dir='ltr'><strong>corrupto</strong></span> <span class='ocrx_word' id='word_1_6' title='bbox 1049 1035 1123 1094; x_wconf 91' lang='lat' dir='ltr'><strong>non</strong></span> <span class='ocrx_word' id='word_1_7' title='bbox 1148 1015 1316 1111; x_wconf 61' lang='lat' dir='ltr'><strong>integrm</strong></span> <span class='ocrx_word' id='word_1_8' title='bbox 1342 1033 1429 1092; x_wconf 86' lang='lat' dir='ltr'><strong>uam</strong></span> <span class='ocrx_word' id='word_1_9' title='bbox 1454 1011 1599 1088; x_wconf 84' lang='lat' dir='ltr'><strong>Bentrir</strong></span> <span class='ocrx_word' id='word_1_10' title='bbox 1635 1031 1721 1089; x_wconf 88' lang='lat' dir='ltr'><strong>cum</strong></span> <span class='ocrx_word' id='word_1_11' title='bbox 1750 1017 1848 1088; x_wconf 84' lang='lat' dir='ltr'><strong>esset</strong></span> 
     </span>
     <span class='ocr_line' id='line_1_3' title="bbox 675 1133 1847 1233; baseline -0.005 -21"><span class='ocrx_word' id='word_1_12' title='bbox 675 1138 850 1220; x_wconf 82' lang='lat' dir='ltr'><strong>inlautuia</strong></span> <span class='ocrx_word' id='word_1_13' title='bbox 877 1135 1080 1212; x_wconf 87' lang='lat' dir='ltr'><strong>vocabatur</strong></span> <span class='ocrx_word' id='word_1_14' title='bbox 1106 1135 1308 1233; x_wconf 75' lang='lat' dir='ltr'><strong>vulgariter</strong></span> <span class='ocrx_word' id='word_1_15' title='bbox 1337 1138 1420 1210; x_wconf 78' lang='lat' dir='ltr'><strong>ilice</strong></span> <span class='ocrx_word' id='word_1_16' title='bbox 1443 1133 1624 1210; x_wconf 85' lang='lat' dir='ltr'><strong>roonbuio</strong></span> <span class='ocrx_word' id='word_1_17' title='bbox 1649 1135 1847 1227; x_wconf 70' lang='lat' dir='ltr'><strong>syncopato</strong></span> 
     </span>
     <span class='ocr_line' id='line_1_4' title="bbox 675 1251 1848 1352; baseline -0.009 -16"><span class='ocrx_word' id='word_1_18' title='bbox 675 1257 878 1336; x_wconf 81' lang='lat' dir='ltr'><strong>secuudum</strong></span> <span class='ocrx_word' id='word_1_19' title='bbox 904 1256 1208 1334; x_wconf 73' lang='lat' dir='ltr'><strong>consuetudinem</strong></span> <span class='ocrx_word' id='word_1_20' title='bbox 1234 1255 1372 1352; x_wconf 87' lang='lat' dir='ltr'><strong>patriae,</strong></span> <span class='ocrx_word' id='word_1_21' title='bbox 1398 1254 1493 1331; x_wconf 87' lang='lat' dir='ltr'><strong>sicui</strong></span> <span class='ocrx_word' id='word_1_22' title='bbox 1518 1253 1690 1330; x_wconf 77' lang='lat' dir='ltr'><strong>Bononia</strong></span> <span class='ocrx_word' id='word_1_23' title='bbox 1714 1251 1848 1330; x_wconf 73' lang='lat' dir='ltr'><strong>occur</strong></span> 
     </span>
     <span class='ocr_line' id='line_1_5' title="bbox 675 1374 1848 1474; baseline -0.003 -20"><span class='ocrx_word' id='word_1_24' title='bbox 675 1399 773 1474; x_wconf 79' lang='lat' dir='ltr'><strong>saepe</strong></span> <span class='ocrx_word' id='word_1_25' title='bbox 800 1381 926 1454; x_wconf 80' lang='lat' dir='ltr'><strong>Ooiuus</strong></span> <span class='ocrx_word' id='word_1_26' title='bbox 951 1398 1019 1473; x_wconf 92' lang='lat' dir='ltr'><strong>pro</strong></span> <span class='ocrx_word' id='word_1_27' title='bbox 1043 1377 1203 1454; x_wconf 86' lang='lat' dir='ltr'><strong>Nicoiao.</strong></span> <span class='ocrx_word' id='word_1_28' title='bbox 1220 1377 1307 1454; x_wconf 89' lang='lat' dir='ltr'><strong>ideo</strong></span> <span class='ocrx_word' id='word_1_29' title='bbox 1326 1377 1430 1452; x_wconf 88' lang='lat' dir='ltr'><strong>dicit:</strong></span> <span class='ocrx_word' id='word_1_30' title='bbox 1447 1397 1519 1470; x_wconf 83' lang='lat' dir='ltr'><strong>pur</strong></span> <span class='ocrx_word' id='word_1_31' title='bbox 1530 1397 1598 1469; x_wconf 86' lang='lat' dir='ltr'><strong>per</strong></span> <span class='ocrx_word' id='word_1_32' title='bbox 1613 1375 1648 1468; x_wconf 86' lang='lat' dir='ltr'><strong>b,</strong></span> <span class='ocrx_word' id='word_1_33' title='bbox 1667 1393 1770 1466; x_wconf 75' lang='lat' dir='ltr'><strong>oper</strong></span> <span class='ocrx_word' id='word_1_34' title='bbox 1784 1374 1848 1462; x_wconf 82' lang='lat' dir='ltr'><strong>ire,</strong></span> 
     </span>
     <span class='ocr_line' id='line_1_6' title="bbox 677 1495 1849 1596; baseline -0.009 -20"><span class='ocrx_word' id='word_1_35' title='bbox 677 1499 780 1593; x_wconf 85' lang='lat' dir='ltr'><strong>quasi</strong></span> <span class='ocrx_word' id='word_1_36' title='bbox 807 1499 914 1594; x_wconf 82' lang='lat' dir='ltr'><strong>dicat,</strong></span> <span class='ocrx_word' id='word_1_37' title='bbox 945 1498 1057 1574; x_wconf 91' lang='lat' dir='ltr'><strong>babui</strong></span> <span class='ocrx_word' id='word_1_38' title='bbox 1081 1497 1120 1572; x_wconf 92' lang='lat' dir='ltr'><strong>in</strong></span> <span class='ocrx_word' id='word_1_39' title='bbox 1147 1519 1281 1596; x_wconf 79' lang='lat' dir='ltr'><strong>magna</strong></span> <span class='ocrx_word' id='word_1_40' title='bbox 1307 1495 1625 1590; x_wconf 63' lang='lat' dir='ltr'><strong>reverentiaque</strong></span> <span class='ocrx_word' id='word_1_41' title='bbox 1649 1500 1705 1570; x_wconf 87' lang='lat' dir='ltr'><strong>esi</strong></span> <span class='ocrx_word' id='word_1_42' title='bbox 1731 1495 1849 1570; x_wconf 75' lang='lat' dir='ltr'><strong>boum</strong></span> 
     </span>
     <span class='ocr_line' id='line_1_7' title="bbox 677 1616 1849 1713; baseline -0.005 -17"><span class='ocrx_word' id='word_1_43' title='bbox 677 1640 764 1696; x_wconf 89' lang='lat' dir='ltr'><strong>corn</strong></span> <span class='ocrx_word' id='word_1_44' title='bbox 792 1619 935 1713; x_wconf 89' lang='lat' dir='ltr'><strong>timore,</strong></span> <span class='ocrx_word' id='word_1_45' title='bbox 954 1619 1059 1694; x_wconf 89' lang='lat' dir='ltr'><strong>istam</strong></span> <span class='ocrx_word' id='word_1_46' title='bbox 1084 1618 1271 1694; x_wconf 90' lang='lat' dir='ltr'><strong>dominam</strong></span> <span class='ocrx_word' id='word_1_47' title='bbox 1291 1639 1315 1693; x_wconf 97' lang='lat' dir='ltr'><strong>a</strong></span> <span class='ocrx_word' id='word_1_48' title='bbox 1332 1617 1488 1713; x_wconf 87' lang='lat' dir='ltr'><strong>pueritia</strong></span> <span class='ocrx_word' id='word_1_49' title='bbox 1514 1616 1551 1691; x_wconf 93' lang='lat' dir='ltr'><strong>iu</strong></span> <span class='ocrx_word' id='word_1_50' title='bbox 1576 1623 1688 1708; x_wconf 88' lang='lat' dir='ltr'><strong>terra,</strong></span> <span class='ocrx_word' id='word_1_51' title='bbox 1710 1619 1849 1708; x_wconf 85' lang='lat' dir='ltr'><strong>quantu</strong></span> 
     </span>
     <span class='ocr_line' id='line_1_8' title="bbox 678 1733 1848 1836; baseline -0.005 -22"><span class='ocrx_word' id='word_1_52' title='bbox 678 1739 807 1816; x_wconf 88' lang='lat' dir='ltr'><strong>lortius</strong></span> <span class='ocrx_word' id='word_1_53' title='bbox 832 1740 945 1836; x_wconf 90' lang='lat' dir='ltr'><strong>ipsam</strong></span> <span class='ocrx_word' id='word_1_54' title='bbox 974 1739 1173 1834; x_wconf 85' lang='lat' dir='ltr'><strong>perlectam</strong></span> <span class='ocrx_word' id='word_1_55' title='bbox 1208 1738 1246 1812; x_wconf 91' lang='lat' dir='ltr'><strong>in</strong></span> <span class='ocrx_word' id='word_1_56' title='bbox 1276 1740 1382 1830; x_wconf 88' lang='lat' dir='ltr'><strong>coeio,</strong></span> <span class='ocrx_word' id='word_1_57' title='bbox 1408 1740 1457 1812; x_wconf 79' lang='lat' dir='ltr'><strong>mi</strong></span> <span class='ocrx_word' id='word_1_58' title='bbox 1479 1738 1677 1826; x_wconf 61' lang='lat' dir='ltr'><strong>memnona,</strong></span> <span class='ocrx_word' id='word_1_59' title='bbox 1700 1733 1848 1827; x_wconf 70' lang='lat' dir='ltr'><strong>smiioei,</strong></span> 
     </span>
     <span class='ocr_line' id='line_1_9' title="bbox 677 1855 1848 1954; baseline -0.007 -16"><span class='ocrx_word' id='word_1_60' title='bbox 677 1859 724 1938; x_wconf 89' lang='lat' dir='ltr'><strong>ad</strong></span> <span class='ocrx_word' id='word_1_61' title='bbox 757 1879 809 1954; x_wconf 86' lang='lat' dir='ltr'><strong>se,</strong></span> <span class='ocrx_word' id='word_1_62' title='bbox 840 1880 935 1934; x_wconf 79' lang='lat' dir='ltr'><strong>corne</strong></span> <span class='ocrx_word' id='word_1_63' title='bbox 967 1857 1459 1951; x_wconf 65' lang='lat' dir='ltr'><strong>remoraminaque</strong></span> <span class='ocrx_word' id='word_1_64' title='bbox 1492 1855 1624 1932; x_wconf 86' lang='lat' dir='ltr'><strong>iiebam</strong></span> <span class='ocrx_word' id='word_1_65' title='bbox 1658 1855 1778 1930; x_wconf 87' lang='lat' dir='ltr'><strong>lentus</strong></span> <span class='ocrx_word' id='word_1_66' title='bbox 1809 1861 1848 1930; x_wconf 89' lang='lat' dir='ltr'><strong>et</strong></span> 
     </span>
     <span class='ocr_line' id='line_1_10' title="bbox 678 1975 1849 2072; baseline -0.007 -16"><span class='ocrx_word' id='word_1_67' title='bbox 678 1979 783 2072; x_wconf 83' lang='lat' dir='ltr'><strong>quasi</strong></span> <span class='ocrx_word' id='word_1_68' title='bbox 808 1979 1059 2054; x_wconf 86' lang='lat' dir='ltr'><strong>somnolentus</strong></span> <span class='ocrx_word' id='word_1_69' title='bbox 1084 1997 1132 2054; x_wconf 83' lang='lat' dir='ltr'><strong>er</strong></span> <span class='ocrx_word' id='word_1_70' title='bbox 1161 1977 1363 2071; x_wconf 74' lang='lat' dir='ltr'><strong>timiditate,</strong></span> <span class='ocrx_word' id='word_1_71' title='bbox 1393 1997 1461 2052; x_wconf 91' lang='lat' dir='ltr'><strong>nec</strong></span> <span class='ocrx_word' id='word_1_72' title='bbox 1489 1975 1672 2052; x_wconf 81' lang='lat' dir='ltr'><strong>audebam</strong></span> <span class='ocrx_word' id='word_1_73' title='bbox 1705 1976 1849 2050; x_wconf 86' lang='lat' dir='ltr'><strong>soluere</strong></span> 
     </span>
     <span class='ocr_line' id='line_1_11' title="bbox 679 2093 1851 2196; baseline -0.004 -23"><span class='ocrx_word' id='word_1_74' title='bbox 679 2099 841 2196; x_wconf 81' lang='lat' dir='ltr'><strong>linguam</strong></span> <span class='ocrx_word' id='word_1_75' title='bbox 869 2117 917 2172; x_wconf 90' lang='lat' dir='ltr'><strong>ne</strong></span> <span class='ocrx_word' id='word_1_76' title='bbox 943 2097 1174 2172; x_wconf 80' lang='lat' dir='ltr'><strong>incurrerem</strong></span> <span class='ocrx_word' id='word_1_77' title='bbox 1201 2096 1457 2172; x_wconf 85' lang='lat' dir='ltr'><strong>temeritatem.</strong></span> <span class='ocrx_word' id='word_1_78' title='bbox 1470 2101 1637 2170; x_wconf 86' lang='lat' dir='ltr'><strong>-Pooo</strong></span> <span class='ocrx_word' id='word_1_79' title='bbox 1658 2093 1724 2169; x_wconf 87' lang='lat' dir='ltr'><strong>iiic</strong></span> <span class='ocrx_word' id='word_1_80' title='bbox 1740 2100 1851 2170; x_wconf 87' lang='lat' dir='ltr'><strong>autor</strong></span> 
     </span>
     <span class='ocr_line' id='line_1_12' title="bbox 678 2213 1850 2311; baseline -0.002 -19"><span class='ocrx_word' id='word_1_81' title='bbox 678 2218 834 2294; x_wconf 85' lang='lat' dir='ltr'><strong>ostendit</strong></span> <span class='ocrx_word' id='word_1_82' title='bbox 859 2216 1045 2311; x_wconf 84' lang='lat' dir='ltr'><strong>qrromodo</strong></span> <span class='ocrx_word' id='word_1_83' title='bbox 1071 2217 1218 2292; x_wconf 82' lang='lat' dir='ltr'><strong>Beairix</strong></span> <span class='ocrx_word' id='word_1_84' title='bbox 1244 2215 1480 2311; x_wconf 78' lang='lat' dir='ltr'><strong>explicaverit</strong></span> <span class='ocrx_word' id='word_1_85' title='bbox 1496 2215 1736 2310; x_wconf 66' lang='lat' dir='ltr'><strong>questionem</strong></span> <span class='ocrx_word' id='word_1_86' title='bbox 1758 2213 1850 2308; x_wconf 84' lang='lat' dir='ltr'><strong>eius,</strong></span> 
     </span>
     <span class='ocr_line' id='line_1_13' title="bbox 680 2337 1848 2432; baseline -0.004 -19"><span class='ocrx_word' id='word_1_87' title='bbox 680 2339 822 2414; x_wconf 83' lang='lat' dir='ltr'><strong>dicens:</strong></span> <span class='ocrx_word' id='word_1_88' title='bbox 859 2340 1028 2429; x_wconf 76' lang='lat' dir='ltr'><strong>beatrice,</strong></span> <span class='ocrx_word' id='word_1_89' title='bbox 1060 2359 1144 2432; x_wconf 76' lang='lat' dir='ltr'><strong>quae</strong></span> <span class='ocrx_word' id='word_1_90' title='bbox 1179 2357 1252 2412; x_wconf 90' lang='lat' dir='ltr'><strong>non</strong></span> <span class='ocrx_word' id='word_1_91' title='bbox 1286 2343 1367 2414; x_wconf 85' lang='lat' dir='ltr'><strong>erat</strong></span> <span class='ocrx_word' id='word_1_92' title='bbox 1400 2337 1558 2431; x_wconf 87' lang='lat' dir='ltr'><strong>amplius</strong></span> <span class='ocrx_word' id='word_1_93' title='bbox 1582 2339 1676 2429; x_wconf 80' lang='lat' dir='ltr'><strong>ilice,</strong></span> <span class='ocrx_word' id='word_1_94' title='bbox 1702 2340 1848 2428; x_wconf 75' lang='lat' dir='ltr'><strong>sufferre</strong></span> 
     </span>
     <span class='ocr_line' id='line_1_14' title="bbox 676 2453 1850 2552; baseline -0.002 -22"><span class='ocrx_word' id='word_1_95' title='bbox 676 2479 767 2552; x_wconf 84' lang='lat' dir='ltr'><strong>poco</strong></span> <span class='ocrx_word' id='word_1_96' title='bbox 791 2478 846 2530; x_wconf 81' lang='lat' dir='ltr'><strong>noc</strong></span> <span class='ocrx_word' id='word_1_97' title='bbox 870 2461 974 2548; x_wconf 83' lang='lat' dir='ltr'><strong>rotat,</strong></span> <span class='ocrx_word' id='word_1_98' title='bbox 1000 2456 1101 2551; x_wconf 84' lang='lat' dir='ltr'><strong>idest,</strong></span> <span class='ocrx_word' id='word_1_99' title='bbox 1129 2477 1202 2532; x_wconf 91' lang='lat' dir='ltr'><strong>non</strong></span> <span class='ocrx_word' id='word_1_100' title='bbox 1227 2456 1391 2552; x_wconf 84' lang='lat' dir='ltr'><strong>permisit</strong></span> <span class='ocrx_word' id='word_1_101' title='bbox 1415 2456 1573 2552; x_wconf 92' lang='lat' dir='ltr'><strong>amplius</strong></span> <span class='ocrx_word' id='word_1_102' title='bbox 1599 2474 1660 2530; x_wconf 87' lang='lat' dir='ltr'><strong>mo</strong></span> <span class='ocrx_word' id='word_1_103' title='bbox 1685 2453 1850 2550; x_wconf 83' lang='lat' dir='ltr'><strong>torqueri</strong></span> 
     </span>
     <span class='ocr_line' id='line_1_15' title="bbox 679 2578 1850 2671; baseline -0.001 -18"><span class='ocrx_word' id='word_1_104' title='bbox 679 2578 737 2656; x_wconf 87' lang='lat' dir='ltr'><strong>siti</strong></span> <span class='ocrx_word' id='word_1_105' title='bbox 764 2599 846 2656; x_wconf 91' lang='lat' dir='ltr'><strong>mea</strong></span> <span class='ocrx_word' id='word_1_106' title='bbox 873 2579 967 2654; x_wconf 83' lang='lat' dir='ltr'><strong>sicut</strong></span> <span class='ocrx_word' id='word_1_107' title='bbox 992 2579 1078 2654; x_wconf 92' lang='lat' dir='ltr'><strong>olim</strong></span> <span class='ocrx_word' id='word_1_108' title='bbox 1105 2579 1143 2654; x_wconf 89' lang='lat' dir='ltr'><strong>in</strong></span> <span class='ocrx_word' id='word_1_109' title='bbox 1168 2586 1268 2654; x_wconf 89' lang='lat' dir='ltr'><strong>terra</strong></span> <span class='ocrx_word' id='word_1_110' title='bbox 1294 2601 1356 2655; x_wconf 88' lang='lat' dir='ltr'><strong>me</strong></span> <span class='ocrx_word' id='word_1_111' title='bbox 1384 2579 1445 2654; x_wconf 89' lang='lat' dir='ltr'><strong>diu</strong></span> <span class='ocrx_word' id='word_1_112' title='bbox 1477 2578 1582 2654; x_wconf 84' lang='lat' dir='ltr'><strong>torsit</strong></span> <span class='ocrx_word' id='word_1_113' title='bbox 1608 2597 1739 2653; x_wconf 88' lang='lat' dir='ltr'><strong>amore</strong></span> <span class='ocrx_word' id='word_1_114' title='bbox 1768 2597 1850 2671; x_wconf 85' lang='lat' dir='ltr'><strong>suu,</strong></span> 
     </span>
     <span class='ocr_line' id='line_1_16' title="bbox 679 2692 1850 2796; baseline -0.002 -22"><span class='ocrx_word' id='word_1_115' title='bbox 679 2692 904 2790; x_wconf 71' lang='lat' dir='ltr'><strong>eremitorio,</strong></span> <span class='ocrx_word' id='word_1_116' title='bbox 930 2701 1057 2796; x_wconf 83' lang='lat' dir='ltr'><strong>supple</strong></span> <span class='ocrx_word' id='word_1_117' title='bbox 1083 2699 1196 2794; x_wconf 86' lang='lat' dir='ltr'><strong>ioqui,</strong></span> <span class='ocrx_word' id='word_1_118' title='bbox 1220 2703 1472 2792; x_wconf 79' lang='lat' dir='ltr'><strong>ruppiuadomi</strong></span> <span class='ocrx_word' id='word_1_119' title='bbox 1501 2702 1536 2774; x_wconf 72' lang='lat' dir='ltr'><strong>cf</strong></span> <span class='ocrx_word' id='word_1_120' title='bbox 1548 2720 1598 2772; x_wconf 81' lang='lat' dir='ltr'><strong>un</strong></span> <span class='ocrx_word' id='word_1_121' title='bbox 1625 2702 1714 2792; x_wconf 79' lang='lat' dir='ltr'><strong>riso,</strong></span> <span class='ocrx_word' id='word_1_122' title='bbox 1747 2697 1850 2790; x_wconf 79' lang='lat' dir='ltr'><strong>idest,</strong></span> 
     </span>
     <span class='ocr_line' id='line_1_17' title="bbox 681 2819 1850 2916; baseline -0.002 -22"><span class='ocrx_word' id='word_1_123' title='bbox 681 2819 815 2913; x_wconf 80' lang='lat' dir='ltr'><strong>latitia,</strong></span> <span class='ocrx_word' id='word_1_124' title='bbox 842 2826 883 2894; x_wconf 90' lang='lat' dir='ltr'><strong>ut</strong></span> <span class='ocrx_word' id='word_1_125' title='bbox 907 2820 1013 2895; x_wconf 89' lang='lat' dir='ltr'><strong>daret</strong></span> <span class='ocrx_word' id='word_1_126' title='bbox 1030 2819 1119 2895; x_wconf 91' lang='lat' dir='ltr'><strong>mibi</strong></span> <span class='ocrx_word' id='word_1_127' title='bbox 1136 2841 1251 2916; x_wconf 87' lang='lat' dir='ltr'><strong>spem,</strong></span> <span class='ocrx_word' id='word_1_128' title='bbox 1269 2825 1331 2913; x_wconf 86' lang='lat' dir='ltr'><strong>tui,</strong></span> <span class='ocrx_word' id='word_1_129' title='bbox 1346 2823 1408 2896; x_wconf 76' lang='lat' dir='ltr'><strong>cic</strong></span> <span class='ocrx_word' id='word_1_130' title='bbox 1423 2824 1481 2894; x_wconf 83' lang='lat' dir='ltr'><strong>uei</strong></span> <span class='ocrx_word' id='word_1_131' title='bbox 1494 2825 1599 2915; x_wconf 74' lang='lat' dir='ltr'><strong>[uoco</strong></span> <span class='ocrx_word' id='word_1_132' title='bbox 1612 2821 1713 2913; x_wconf 75' lang='lat' dir='ltr'><strong>suria</strong></span> <span class='ocrx_word' id='word_1_133' title='bbox 1737 2821 1850 2892; x_wconf 79' lang='lat' dir='ltr'><strong>tuoni</strong></span> 
     </span>
     <span class='ocr_line' id='line_1_18' title="bbox 677 2941 1850 3040; baseline 0.002 -26"><span class='ocrx_word' id='word_1_134' title='bbox 677 2943 787 3033; x_wconf 84' lang='lat' dir='ltr'><strong>selice,</strong></span> <span class='ocrx_word' id='word_1_135' title='bbox 816 2942 986 3035; x_wconf 87' lang='lat' dir='ltr'><strong>quamuis</strong></span> <span class='ocrx_word' id='word_1_136' title='bbox 1011 2941 1104 3040; x_wconf 77' lang='lat' dir='ltr'><strong>ignis</strong></span> <span class='ocrx_word' id='word_1_137' title='bbox 1129 2943 1175 3017; x_wconf 92' lang='lat' dir='ltr'><strong>sit</strong></span> <span class='ocrx_word' id='word_1_138' title='bbox 1200 2945 1360 3017; x_wconf 90' lang='lat' dir='ltr'><strong>muitum</strong></span> <span class='ocrx_word' id='word_1_139' title='bbox 1386 2943 1558 3038; x_wconf 82' lang='lat' dir='ltr'><strong>poenaiis3</strong></span> <span class='ocrx_word' id='word_1_140' title='bbox 1583 2942 1647 3016; x_wconf 83' lang='lat' dir='ltr'><strong>sed</strong></span> <span class='ocrx_word' id='word_1_141' title='bbox 1671 2941 1701 3015; x_wconf 88' lang='lat' dir='ltr'><strong>si</strong></span> <span class='ocrx_word' id='word_1_142' title='bbox 1727 2942 1850 3017; x_wconf 86' lang='lat' dir='ltr'><strong>anima</strong></span> 
     </span>
     <span class='ocr_line' id='line_1_19' title="bbox 680 3059 1852 3158; baseline 0.002 -24"><span class='ocrx_word' id='word_1_143' title='bbox 680 3059 795 3154; x_wconf 87' lang='lat' dir='ltr'><strong>posita</strong></span> <span class='ocrx_word' id='word_1_144' title='bbox 820 3060 857 3136; x_wconf 91' lang='lat' dir='ltr'><strong>in</strong></span> <span class='ocrx_word' id='word_1_145' title='bbox 887 3060 971 3158; x_wconf 84' lang='lat' dir='ltr'><strong>igne</strong></span> <span class='ocrx_word' id='word_1_146' title='bbox 1003 3061 1169 3136; x_wconf 77' lang='lat' dir='ltr'><strong>infernali</strong></span> <span class='ocrx_word' id='word_1_147' title='bbox 1194 3062 1335 3138; x_wconf 87' lang='lat' dir='ltr'><strong>videret</strong></span> <span class='ocrx_word' id='word_1_148' title='bbox 1367 3063 1486 3138; x_wconf 85' lang='lat' dir='ltr'><strong>Deum</strong></span> <span class='ocrx_word' id='word_1_149' title='bbox 1520 3067 1617 3136; x_wconf 87' lang='lat' dir='ltr'><strong>esset</strong></span> <span class='ocrx_word' id='word_1_150' title='bbox 1649 3062 1755 3136; x_wconf 89' lang='lat' dir='ltr'><strong>beata</strong></span> <span class='ocrx_word' id='word_1_151' title='bbox 1781 3062 1852 3136; x_wconf 89' lang='lat' dir='ltr'><strong>du·</strong></span> 
     </span>
     <span class='ocr_line' id='line_1_20' title="bbox 681 3179 1851 3276; baseline 0 -22"><span class='ocrx_word' id='word_1_152' title='bbox 681 3187 786 3256; x_wconf 88' lang='lat' dir='ltr'><strong>rante</strong></span> <span class='ocrx_word' id='word_1_153' title='bbox 811 3179 949 3258; x_wconf 85' lang='lat' dir='ltr'><strong>visione</strong></span> <span class='ocrx_word' id='word_1_154' title='bbox 975 3181 1047 3256; x_wconf 86' lang='lat' dir='ltr'><strong>lali.</strong></span> <span class='ocrx_word' id='word_1_155' title='bbox 1074 3183 1118 3255; x_wconf 84' lang='lat' dir='ltr'><strong>Et</strong></span> <span class='ocrx_word' id='word_1_156' title='bbox 1142 3202 1230 3257; x_wconf 88' lang='lat' dir='ltr'><strong>ecce</strong></span> <span class='ocrx_word' id='word_1_157' title='bbox 1254 3182 1342 3276; x_wconf 87' lang='lat' dir='ltr'><strong>quid</strong></span> <span class='ocrx_word' id='word_1_158' title='bbox 1366 3181 1475 3256; x_wconf 84' lang='lat' dir='ltr'><strong>dixit:</strong></span> <span class='ocrx_word' id='word_1_159' title='bbox 1501 3201 1597 3254; x_wconf 80' lang='lat' dir='ltr'><strong>corne</strong></span> <span class='ocrx_word' id='word_1_160' title='bbox 1626 3183 1742 3271; x_wconf 80' lang='lat' dir='ltr'><strong>piustu</strong></span> <span class='ocrx_word' id='word_1_161' title='bbox 1768 3202 1851 3254; x_wconf 87' lang='lat' dir='ltr'><strong>ocu-</strong></span> 
     </span>
     <span class='ocr_line' id='line_1_21' title="bbox 680 3301 1852 3398; baseline 0 -22"><span class='ocrx_word' id='word_1_162' title='bbox 680 3303 785 3392; x_wconf 80' lang='lat' dir='ltr'><strong>uena,</strong></span> <span class='ocrx_word' id='word_1_163' title='bbox 811 3301 905 3376; x_wconf 86' lang='lat' dir='ltr'><strong>lacta</strong></span> <span class='ocrx_word' id='word_1_164' title='bbox 931 3322 997 3398; x_wconf 91' lang='lat' dir='ltr'><strong>per</strong></span> <span class='ocrx_word' id='word_1_165' title='bbox 1023 3309 1180 3378; x_wconf 86' lang='lat' dir='ltr'><strong>mortem</strong></span> <span class='ocrx_word' id='word_1_166' title='bbox 1207 3302 1337 3378; x_wconf 80' lang='lat' dir='ltr'><strong>Christi</strong></span> <span class='ocrx_word' id='word_1_167' title='bbox 1354 3303 1402 3378; x_wconf 90' lang='lat' dir='ltr'><strong>de</strong></span> <span class='ocrx_word' id='word_1_168' title='bbox 1421 3307 1570 3397; x_wconf 88' lang='lat' dir='ltr'><strong>peccato</strong></span> <span class='ocrx_word' id='word_1_169' title='bbox 1590 3301 1698 3396; x_wconf 91' lang='lat' dir='ltr'><strong>primi</strong></span> <span class='ocrx_word' id='word_1_170' title='bbox 1720 3322 1852 3397; x_wconf 88' lang='lat' dir='ltr'><strong>paren·</strong></span> 
     </span>
     <span class='ocr_line' id='line_1_22' title="bbox 682 3421 1852 3526; baseline -0.003 -29"><span class='ocrx_word' id='word_1_171' title='bbox 682 3421 737 3514; x_wconf 78' lang='lat' dir='ltr'><strong>tis,</strong></span> <span class='ocrx_word' id='word_1_172' title='bbox 761 3424 885 3512; x_wconf 81' lang='lat' dir='ltr'><strong>punita</strong></span> <span class='ocrx_word' id='word_1_173' title='bbox 907 3426 1001 3516; x_wconf 81' lang='lat' dir='ltr'><strong>fosse</strong></span> <span class='ocrx_word' id='word_1_174' title='bbox 1024 3426 1263 3514; x_wconf 65' lang='lat' dir='ltr'><strong>pincianicam,</strong></span> <span class='ocrx_word' id='word_1_175' title='bbox 1282 3423 1418 3526; x_wconf 79' lang='lat' dir='ltr'><strong>scilicet</strong></span> <span class='ocrx_word' id='word_1_176' title='bbox 1434 3442 1500 3517; x_wconf 88' lang='lat' dir='ltr'><strong>per</strong></span> <span class='ocrx_word' id='word_1_177' title='bbox 1515 3421 1650 3514; x_wconf 81' lang='lat' dir='ltr'><strong>litum,</strong></span> <span class='ocrx_word' id='word_1_178' title='bbox 1667 3424 1745 3495; x_wconf 76' lang='lat' dir='ltr'><strong>tiu</strong></span> <span class='ocrx_word' id='word_1_179' title='bbox 1764 3425 1852 3496; x_wconf 78' lang='lat' dir='ltr'><strong>miso</strong></span> 
     </span>
     <span class='ocr_line' id='line_1_23' title="bbox 682 3541 1852 3637; baseline 0.003 -23"><span class='ocrx_word' id='word_1_180' title='bbox 682 3543 719 3614; x_wconf 84' lang='lat' dir='ltr'><strong>in</strong></span> <span class='ocrx_word' id='word_1_181' title='bbox 739 3544 893 3634; x_wconf 73' lang='lat' dir='ltr'><strong>persici,</strong></span> <span class='ocrx_word' id='word_1_182' title='bbox 921 3541 1023 3636; x_wconf 78' lang='lat' dir='ltr'><strong>idest,</strong></span> <span class='ocrx_word' id='word_1_183' title='bbox 1051 3543 1171 3637; x_wconf 84' lang='lat' dir='ltr'><strong>posuit</strong></span> <span class='ocrx_word' id='word_1_184' title='bbox 1196 3550 1233 3618; x_wconf 87' lang='lat' dir='ltr'><strong>ie</strong></span> <span class='ocrx_word' id='word_1_185' title='bbox 1258 3543 1295 3617; x_wconf 92' lang='lat' dir='ltr'><strong>in</strong></span> <span class='ocrx_word' id='word_1_186' title='bbox 1320 3565 1462 3636; x_wconf 88' lang='lat' dir='ltr'><strong>curam,</strong></span> <span class='ocrx_word' id='word_1_187' title='bbox 1492 3541 1596 3637; x_wconf 83' lang='lat' dir='ltr'><strong>quasi</strong></span> <span class='ocrx_word' id='word_1_188' title='bbox 1628 3542 1741 3616; x_wconf 88' lang='lat' dir='ltr'><strong>dicat:</strong></span> <span class='ocrx_word' id='word_1_189' title='bbox 1768 3543 1852 3617; x_wconf 88' lang='lat' dir='ltr'><strong>iecit</strong></span> 
     </span>
     <span class='ocr_line' id='line_1_24' title="bbox 684 3660 1851 3759; baseline 0 -21"><span class='ocrx_word' id='word_1_190' title='bbox 684 3667 720 3738; x_wconf 82' lang='lat' dir='ltr'><strong>io</strong></span> <span class='ocrx_word' id='word_1_191' title='bbox 744 3660 930 3756; x_wconf 83' lang='lat' dir='ltr'><strong>dubitare3</strong></span> <span class='ocrx_word' id='word_1_192' title='bbox 957 3670 994 3737; x_wconf 92' lang='lat' dir='ltr'><strong>et</strong></span> <span class='ocrx_word' id='word_1_193' title='bbox 1019 3663 1124 3737; x_wconf 89' lang='lat' dir='ltr'><strong>dicit:</strong></span> <span class='ocrx_word' id='word_1_194' title='bbox 1142 3667 1291 3738; x_wconf 73' lang='lat' dir='ltr'><strong>secondo</strong></span> <span class='ocrx_word' id='word_1_195' title='bbox 1308 3668 1378 3738; x_wconf 87' lang='lat' dir='ltr'><strong>mio</strong></span> <span class='ocrx_word' id='word_1_196' title='bbox 1397 3666 1576 3759; x_wconf 68' lang='lat' dir='ltr'><strong>insuttbiie</strong></span> <span class='ocrx_word' id='word_1_197' title='bbox 1597 3667 1730 3753; x_wconf 74' lang='lat' dir='ltr'><strong>uoobo,</strong></span> <span class='ocrx_word' id='word_1_198' title='bbox 1746 3661 1851 3756; x_wconf 77' lang='lat' dir='ltr'><strong>idest,</strong></span> 
     </span>
     <span class='ocr_line' id='line_1_25' title="bbox 683 3781 1852 3880; baseline -0.002 -22"><span class='ocrx_word' id='word_1_199' title='bbox 683 3781 886 3858; x_wconf 86' lang='lat' dir='ltr'><strong>secundum</strong></span> <span class='ocrx_word' id='word_1_200' title='bbox 908 3782 1086 3877; x_wconf 88' lang='lat' dir='ltr'><strong>judicium</strong></span> <span class='ocrx_word' id='word_1_201' title='bbox 1115 3804 1243 3858; x_wconf 91' lang='lat' dir='ltr'><strong>meum</strong></span> <span class='ocrx_word' id='word_1_202' title='bbox 1272 3786 1370 3878; x_wconf 87' lang='lat' dir='ltr'><strong>quod</strong></span> <span class='ocrx_word' id='word_1_203' title='bbox 1402 3783 1473 3859; x_wconf 90' lang='lat' dir='ltr'><strong>iaiii</strong></span> <span class='ocrx_word' id='word_1_204' title='bbox 1507 3804 1582 3860; x_wconf 93' lang='lat' dir='ltr'><strong>non</strong></span> <span class='ocrx_word' id='word_1_205' title='bbox 1610 3789 1739 3880; x_wconf 76' lang='lat' dir='ltr'><strong>potest,</strong></span> <span class='ocrx_word' id='word_1_206' title='bbox 1765 3783 1852 3877; x_wconf 88' lang='lat' dir='ltr'><strong>quia</strong></span> 
     </span>
     <span class='ocr_line' id='line_1_26' title="bbox 682 3900 1853 3999; baseline -0.001 -21"><span class='ocrx_word' id='word_1_207' title='bbox 682 3921 787 3978; x_wconf 84' lang='lat' dir='ltr'><strong>sacra</strong></span> <span class='ocrx_word' id='word_1_208' title='bbox 812 3900 992 3996; x_wconf 88' lang='lat' dir='ltr'><strong>scriptura</strong></span> <span class='ocrx_word' id='word_1_209' title='bbox 1018 3924 1092 3977; x_wconf 94' lang='lat' dir='ltr'><strong>uon</strong></span> <span class='ocrx_word' id='word_1_210' title='bbox 1117 3903 1305 3978; x_wconf 83' lang='lat' dir='ltr'><strong>mentitur.</strong></span> <span class='ocrx_word' id='word_1_211' title='bbox 1331 3905 1376 3978; x_wconf 82' lang='lat' dir='ltr'><strong>Et</strong></span> <span class='ocrx_word' id='word_1_212' title='bbox 1400 3903 1576 3999; x_wconf 87' lang='lat' dir='ltr'><strong>promittit</strong></span> <span class='ocrx_word' id='word_1_213' title='bbox 1605 3903 1673 3978; x_wconf 89' lang='lat' dir='ltr'><strong>sibi</strong></span> <span class='ocrx_word' id='word_1_214' title='bbox 1702 3901 1853 3978; x_wconf 86' lang='lat' dir='ltr'><strong>solutio·</strong></span> 
     </span>
     <span class='ocr_line' id='line_1_27' title="bbox 683 4013 1855 4117; baseline -0.002 -19"><span class='ocrx_word' id='word_1_215' title='bbox 683 4041 781 4115; x_wconf 84' lang='lat' dir='ltr'><strong>nem,</strong></span> <span class='ocrx_word' id='word_1_216' title='bbox 808 4027 845 4096; x_wconf 91' lang='lat' dir='ltr'><strong>et</strong></span> <span class='ocrx_word' id='word_1_217' title='bbox 874 4020 959 4096; x_wconf 85' lang='lat' dir='ltr'><strong>iacit</strong></span> <span class='ocrx_word' id='word_1_218' title='bbox 992 4043 1080 4097; x_wconf 93' lang='lat' dir='ltr'><strong>eum</strong></span> <span class='ocrx_word' id='word_1_219' title='bbox 1105 4029 1300 4117; x_wconf 88' lang='lat' dir='ltr'><strong>attentum,</strong></span> <span class='ocrx_word' id='word_1_220' title='bbox 1329 4023 1473 4098; x_wconf 87' lang='lat' dir='ltr'><strong>dicens:</strong></span> <span class='ocrx_word' id='word_1_221' title='bbox 1503 4044 1565 4096; x_wconf 85' lang='lat' dir='ltr'><strong>mu</strong></span> <span class='ocrx_word' id='word_1_222' title='bbox 1593 4026 1629 4096; x_wconf 84' lang='lat' dir='ltr'><strong>io</strong></span> <span class='ocrx_word' id='word_1_223' title='bbox 1658 4025 1684 4096; x_wconf 78' lang='lat' dir='ltr'><strong>a·</strong></span> <span class='ocrx_word' id='word_1_224' title='bbox 1715 4013 1855 4097; x_wconf 61' lang='lat' dir='ltr'><strong>rotund</strong></span> 
     </span>
     <span class='ocr_line' id='line_1_28' title="bbox 610 4131 1853 4240; baseline 0.002 -24"><span class='ocrx_word' id='word_1_225' title='bbox 610 4131 611 4137; x_wconf 49' lang='lat'>‘</span> <span class='ocrx_word' id='word_1_226' title='bbox 684 4149 771 4216; x_wconf 82' lang='lat' dir='ltr'><strong>torio</strong></span> <span class='ocrx_word' id='word_1_227' title='bbox 795 4143 832 4216; x_wconf 86' lang='lat' dir='ltr'><strong>iu</strong></span> <span class='ocrx_word' id='word_1_228' title='bbox 856 4150 979 4235; x_wconf 84' lang='lat' dir='ltr'><strong>menie,</strong></span> <span class='ocrx_word' id='word_1_229' title='bbox 1005 4164 1090 4238; x_wconf 84' lang='lat' dir='ltr'><strong>quae</strong></span> <span class='ocrx_word' id='word_1_230' title='bbox 1115 4143 1225 4240; x_wconf 78' lang='lat' dir='ltr'><strong>ligata</strong></span> <span class='ocrx_word' id='word_1_231' title='bbox 1250 4151 1306 4218; x_wconf 88' lang='lat' dir='ltr'><strong>eet</strong></span> <span class='ocrx_word' id='word_1_232' title='bbox 1329 4149 1430 4218; x_wconf 88' lang='lat' dir='ltr'><strong>tanto</strong></span> <span class='ocrx_word' id='word_1_233' title='bbox 1455 4143 1578 4235; x_wconf 89' lang='lat' dir='ltr'><strong>dubio,</strong></span> <span class='ocrx_word' id='word_1_234' title='bbox 1603 4165 1622 4216; x_wconf 83' lang='lat' dir='ltr'><strong>e</strong></span> <span class='ocrx_word' id='word_1_235' title='bbox 1645 4150 1682 4216; x_wconf 84' lang='lat' dir='ltr'><strong>tu</strong></span> <span class='ocrx_word' id='word_1_236' title='bbox 1706 4146 1853 4234; x_wconf 71' lang='lat' dir='ltr'><strong>monim,</strong></span> 
     </span>
    </p>
   </div>
   <div class='ocr_carea' id='block_1_3' title="bbox 572 4260 1852 4359">
    <p class='ocr_par' dir='ltr' id='par_1_3' title="bbox 572 4260 1852 4359">
     <span class='ocr_line' id='line_1_29' title="bbox 572 4260 1852 4359; baseline 0 -21"><span class='ocrx_word' id='word_1_237' title='bbox 572 4309 574 4315; x_wconf 66' lang='lat'><em>,</em></span> <span class='ocrx_word' id='word_1_238' title='bbox 684 4262 785 4358; x_wconf 87' lang='lat' dir='ltr'><strong>idest,</strong></span> <span class='ocrx_word' id='word_1_239' title='bbox 810 4269 948 4340; x_wconf 90' lang='lat' dir='ltr'><strong>attente</strong></span> <span class='ocrx_word' id='word_1_240' title='bbox 973 4269 1071 4357; x_wconf 90' lang='lat' dir='ltr'><strong>nota,</strong></span> <span class='ocrx_word' id='word_1_241' title='bbox 1097 4260 1159 4339; x_wconf 71' lang='lat' dir='ltr'><strong>cii</strong></span> <span class='ocrx_word' id='word_1_242' title='bbox 1182 4267 1213 4337; x_wconf 81' lang='lat' dir='ltr'><strong>lc</strong></span> <span class='ocrx_word' id='word_1_243' title='bbox 1236 4267 1303 4337; x_wconf 82' lang='lat' dir='ltr'><strong>mie</strong></span> <span class='ocrx_word' id='word_1_244' title='bbox 1322 4268 1450 4358; x_wconf 83' lang='lat' dir='ltr'><strong>puroie</strong></span> <span class='ocrx_word' id='word_1_245' title='bbox 1481 4267 1508 4338; x_wconf 84' lang='lat' dir='ltr'><strong>ti</strong></span> <span class='ocrx_word' id='word_1_246' title='bbox 1536 4269 1650 4359; x_wconf 78' lang='lat' dir='ltr'><strong>soron</strong></span> <span class='ocrx_word' id='word_1_247' title='bbox 1681 4269 1852 4357; x_wconf 68' lang='lat' dir='ltr'><strong>macab,</strong></span> 
     </span>
    </p>
   </div>
   <div class='ocr_carea' id='block_1_4' title="bbox 684 4381 1857 5081">
    <p class='ocr_par' dir='ltr' id='par_1_4' title="bbox 684 4381 1857 5081">
     <span class='ocr_line' id='line_1_30' title="bbox 684 4381 1857 4482; baseline -0.001 -25"><span class='ocrx_word' id='word_1_248' title='bbox 684 4381 786 4476; x_wconf 82' lang='lat' dir='ltr'><strong>idest,</strong></span> <span class='ocrx_word' id='word_1_249' title='bbox 814 4403 962 4478; x_wconf 86' lang='lat' dir='ltr'><strong>munus,</strong></span> <span class='ocrx_word' id='word_1_250' title='bbox 987 4384 1065 4458; x_wconf 87' lang='lat' dir='ltr'><strong>sive</strong></span> <span class='ocrx_word' id='word_1_251' title='bbox 1097 4383 1236 4458; x_wconf 89' lang='lat' dir='ltr'><strong>donum</strong></span> <span class='ocrx_word' id='word_1_252' title='bbox 1272 4405 1460 4482; x_wconf 77' lang='lat' dir='ltr'><strong>magnum,</strong></span> <span class='ocrx_word' id='word_1_253' title='bbox 1489 4384 1539 4459; x_wconf 90' lang='lat' dir='ltr'><strong>ita</strong></span> <span class='ocrx_word' id='word_1_254' title='bbox 1568 4383 1668 4476; x_wconf 81' lang='lat' dir='ltr'><strong>quoii</strong></span> <span class='ocrx_word' id='word_1_255' title='bbox 1695 4389 1857 4476; x_wconf 67' lang='lat' dir='ltr'><strong>merente</strong></span> 
     </span>
     <span class='ocr_line' id='line_1_31' title="bbox 684 4501 1857 4601; baseline 0.002 -23"><span class='ocrx_word' id='word_1_256' title='bbox 684 4509 739 4578; x_wconf 85' lang='lat' dir='ltr'><strong>est</strong></span> <span class='ocrx_word' id='word_1_257' title='bbox 758 4501 816 4578; x_wconf 90' lang='lat' dir='ltr'><strong>bic</strong></span> <span class='ocrx_word' id='word_1_258' title='bbox 833 4524 968 4580; x_wconf 89' lang='lat' dir='ltr'><strong>nomen</strong></span> <span class='ocrx_word' id='word_1_259' title='bbox 986 4525 1060 4580; x_wconf 92' lang='lat' dir='ltr'><strong>non</strong></span> <span class='ocrx_word' id='word_1_260' title='bbox 1077 4503 1321 4601; x_wconf 85' lang='lat' dir='ltr'><strong>participium,</strong></span> <span class='ocrx_word' id='word_1_261' title='bbox 1334 4508 1372 4579; x_wconf 84' lang='lat' dir='ltr'><strong>di</strong></span> <span class='ocrx_word' id='word_1_262' title='bbox 1382 4526 1479 4597; x_wconf 62' lang='lat' dir='ltr'><strong>mun</strong></span> <span class='ocrx_word' id='word_1_263' title='bbox 1494 4507 1691 4600; x_wconf 59' lang='lat' dir='ltr'><strong>semaraim</strong></span> <span class='ocrx_word' id='word_1_264' title='bbox 1707 4511 1745 4580; x_wconf 91' lang='lat' dir='ltr'><strong>et</strong></span> <span class='ocrx_word' id='word_1_265' title='bbox 1760 4503 1857 4580; x_wconf 91' lang='lat' dir='ltr'><strong>bene</strong></span> 
     </span>
     <span class='ocr_line' id='line_1_32' title="bbox 684 4619 1856 4720; baseline 0.002 -24"><span class='ocrx_word' id='word_1_266' title='bbox 684 4619 780 4716; x_wconf 79' lang='lat' dir='ltr'><strong>uicit,</strong></span> <span class='ocrx_word' id='word_1_267' title='bbox 800 4643 886 4698; x_wconf 89' lang='lat' dir='ltr'><strong>uam</strong></span> <span class='ocrx_word' id='word_1_268' title='bbox 906 4622 935 4698; x_wconf 90' lang='lat' dir='ltr'><strong>si</strong></span> <span class='ocrx_word' id='word_1_269' title='bbox 952 4624 1179 4699; x_wconf 86' lang='lat' dir='ltr'><strong>iustinianus</strong></span> <span class='ocrx_word' id='word_1_270' title='bbox 1195 4624 1231 4698; x_wconf 92' lang='lat' dir='ltr'><strong>in</strong></span> <span class='ocrx_word' id='word_1_271' title='bbox 1250 4624 1469 4720; x_wconf 70' lang='lat' dir='ltr'><strong>procedenti</strong></span> <span class='ocrx_word' id='word_1_272' title='bbox 1495 4624 1655 4720; x_wconf 89' lang='lat' dir='ltr'><strong>capitulo</strong></span> <span class='ocrx_word' id='word_1_273' title='bbox 1673 4623 1756 4698; x_wconf 89' lang='lat' dir='ltr'><strong>iecit</strong></span> <span class='ocrx_word' id='word_1_274' title='bbox 1772 4624 1856 4720; x_wconf 91' lang='lat' dir='ltr'><strong>pui-</strong></span> 
     </span>
     <span class='ocr_line' id='line_1_33' title="bbox 684 4742 1857 4840; baseline -0.003 -20"><span class='ocrx_word' id='word_1_275' title='bbox 684 4761 792 4820; x_wconf 84' lang='lat' dir='ltr'><strong>crum</strong></span> <span class='ocrx_word' id='word_1_276' title='bbox 818 4742 958 4818; x_wconf 87' lang='lat' dir='ltr'><strong>donum</strong></span> <span class='ocrx_word' id='word_1_277' title='bbox 983 4744 1106 4820; x_wconf 90' lang='lat' dir='ltr'><strong>autori</strong></span> <span class='ocrx_word' id='word_1_278' title='bbox 1131 4746 1179 4819; x_wconf 90' lang='lat' dir='ltr'><strong>de</strong></span> <span class='ocrx_word' id='word_1_279' title='bbox 1198 4744 1353 4820; x_wconf 87' lang='lat' dir='ltr'><strong>materia</strong></span> <span class='ocrx_word' id='word_1_280' title='bbox 1379 4744 1510 4818; x_wconf 88' lang='lat' dir='ltr'><strong>morali</strong></span> <span class='ocrx_word' id='word_1_281' title='bbox 1533 4764 1619 4818; x_wconf 93' lang='lat' dir='ltr'><strong>cum</strong></span> <span class='ocrx_word' id='word_1_282' title='bbox 1646 4743 1754 4818; x_wconf 84' lang='lat' dir='ltr'><strong>claris</strong></span> <span class='ocrx_word' id='word_1_283' title='bbox 1770 4763 1857 4840; x_wconf 89' lang='lat' dir='ltr'><strong>per·</strong></span> 
     </span>
     <span class='ocr_line' id='line_1_34' title="bbox 686 4861 1854 4970; baseline 0.003 -37"><span class='ocrx_word' id='word_1_284' title='bbox 686 4861 926 4958; x_wconf 87' lang='lat' dir='ltr'><strong>suasionibus,</strong></span> <span class='ocrx_word' id='word_1_285' title='bbox 940 4863 1085 4938; x_wconf 86' lang='lat' dir='ltr'><strong>Beairix</strong></span> <span class='ocrx_word' id='word_1_286' title='bbox 1103 4864 1140 4938; x_wconf 91' lang='lat' dir='ltr'><strong>in</strong></span> <span class='ocrx_word' id='word_1_287' title='bbox 1161 4864 1331 4959; x_wconf 66' lang='lat' dir='ltr'><strong>presenti</strong></span> <span class='ocrx_word' id='word_1_288' title='bbox 1348 4865 1507 4970; x_wconf 87' lang='lat' dir='ltr'><strong>capitulo</strong></span> <span class='ocrx_word' id='word_1_289' title='bbox 1524 4863 1608 4938; x_wconf 87' lang='lat' dir='ltr'><strong>iacit</strong></span> <span class='ocrx_word' id='word_1_290' title='bbox 1625 4863 1658 4938; x_wconf 90' lang='lat' dir='ltr'><strong>ei</strong></span> <span class='ocrx_word' id='word_1_291' title='bbox 1676 4883 1854 4960; x_wconf 80' lang='lat' dir='ltr'><strong>magnum</strong></span> 
     </span>
     <span class='ocr_line' id='line_1_35' title="bbox 686 4978 1855 5081; baseline 0.005 -29"><span class='ocrx_word' id='word_1_292' title='bbox 686 4978 824 5054; x_wconf 86' lang='lat' dir='ltr'><strong>donum</strong></span> <span class='ocrx_word' id='word_1_293' title='bbox 850 4983 897 5058; x_wconf 90' lang='lat' dir='ltr'><strong>de</strong></span> <span class='ocrx_word' id='word_1_294' title='bbox 922 4983 1076 5059; x_wconf 88' lang='lat' dir='ltr'><strong>materia</strong></span> <span class='ocrx_word' id='word_1_295' title='bbox 1097 4983 1219 5060; x_wconf 87' lang='lat' dir='ltr'><strong>divina</strong></span> <span class='ocrx_word' id='word_1_296' title='bbox 1244 5004 1330 5059; x_wconf 92' lang='lat' dir='ltr'><strong>cum</strong></span> <span class='ocrx_word' id='word_1_297' title='bbox 1356 4985 1606 5060; x_wconf 79' lang='lat' dir='ltr'><strong>subtilioribus</strong></span> <span class='ocrx_word' id='word_1_298' title='bbox 1631 4981 1855 5081; x_wconf 89' lang='lat' dir='ltr'><strong>rationibus;</strong></span> 
     </span>
    </p>
   </div>
   <div class='ocr_carea' id='block_1_5' title="bbox 0 0 2189 6692">
    <p class='ocr_par' dir='ltr' id='par_1_5' title="bbox 0 0 2189 6692">
     <span class='ocr_line' id='line_1_36' title="bbox 0 0 2189 6692; baseline 0 0"><span class='ocrx_word' id='word_1_299' title='bbox 0 0 2189 6692; x_wconf 95' lang='lat' dir='ltr'><strong> </strong></span> 
     </span>
    </p>
   </div>
  </div>
 </body>
</html>
