4342 6692
769 890 909 946 cunnus
933 891 1075 946 antuus.
1434 881 1502 948 321

333 1033 574 1110 strumentis?
598 1033 733 1110 Musica
758 1034 938 1128 siquidem
966 1034 1125 1129 quadam
1152 1035 1427 1132 participatione
1452 1038 1504 1112 le-

334 1153 423 1228 titiae
449 1162 590 1230 mentes
615 1156 796 1246 humanas
820 1154 931 1229 trahit
956 1154 1003 1229 ad
1031 1154 1242 1231 societatem
1273 1157 1503 1253 angelorum,

333 1273 439 1348 cuius
464 1275 624 1350 suavitas
650 1282 749 1350 tanta
775 1281 841 1368 est,
864 1274 970 1369 quod
988 1274 1136 1370 expellit
1160 1295 1269 1351 curas
1296 1277 1343 1350 ab
1368 1277 1504 1372 animo,

335 1393 485 1468 morbos
508 1415 531 1468 a
556 1387 723 1489 corpore,
749 1394 894 1469 labores
919 1393 1123 1490 temperat3
1152 1395 1248 1471 unde
1273 1397 1504 1493 Pythagorici

334 1514 532 1589 utebantur
558 1514 739 1590 cantilena
763 1514 801 1588 in
826 1514 947 1590 studio
976 1514 1131 1590 scientes
1163 1516 1260 1611 quod
1292 1516 1505 1612 compositio
1610 1525 1613 1535 ’

333 1633 467 1708 animae
491 1641 529 1710 et
553 1634 715 1730 corporis
732 1640 788 1708 est
804 1634 998 1708 coniuncta
1017 1654 1081 1729 per
1101 1633 1300 1729 musicam3
1319 1637 1417 1712 unde
1434 1637 1505 1711 lle-

334 1752 511 1828 mocritus
535 1754 667 1830 dicitur
693 1753 892 1829 ostendisse
909 1753 1035 1848 pulsus
1052 1752 1172 1828 cordis
1191 1753 1397 1850 Hippocrati
1424 1775 1504 1829 me-

332 1873 425 1948 dico.
451 1875 569 1949 lmmo
594 1875 734 1951 musica
760 1875 906 1969 expellit
930 1874 1123 1968 daemnne3
1150 1874 1248 1950 unde
1274 1894 1370 1949 cum
1388 1876 1502 1950 David

333 1983 501 2089 pulsabat
525 1995 716 2088 citharam,
743 1995 830 2070 Saul
856 2015 961 2069 socer
991 1994 1072 2069 eius
1105 1993 1226 2068 minus
1251 1996 1502 2070 vexabatura

331 2116 494 2212 maligno
519 2116 657 2210 spiritu.
684 2115 769 2190 ldeo
795 2116 890 2190 bene
908 2115 995 2189 dicit
1011 2115 1169 2189 lsidorus
1191 2115 1289 2209 quod
1314 2117 1392 2190 sine
1419 2137 1502 2189 mu-

331 2235 404 2310 sica
424 2229 523 2309 nulla
540 2235 724 2330 disciplina
743 2241 958 2330 potestesse
975 2236 1145 2330 perlecta.
1164 2236 1391 2332 Pythagoras
1411 2257 1501 2311 vero

331 2353 475 2429 dicebat
500 2356 597 2428 hunc
623 2354 804 2428 mundum
830 2349 1126 2430 esseconditum
1158 2375 1223 2449 per
1256 2355 1435 2430 musicam
1466 2361 1503 2430 et

331 2493 398 2568 per
414 2467 451 2566 (¹)
478 2473 655 2548 musicam
681 2474 906 2570 gubernari:
932 2495 1050 2568 quare
1074 2475 1222 2550 Boetius
1247 2474 1284 2548 in
1310 2474 1501 2570 prohemio

333 2594 485 2669 musicae
508 2586 710 2670 concludit:
741 2601 891 2688 apparet
913 2598 1020 2686 ipitur
1044 2599 1211 2668 murum
1235 2598 1285 2670 ito
1310 2596 1408 2669 nous
1432 2617 1501 2668 na-

331 2717 491 2787 turaliter
519 2735 592 2788 esse
619 2716 850 2807 coniunctum,
878 2721 1011 2787 utnon
1038 2717 1211 2807 possimus
1242 2735 1315 2788 esse
1350 2717 1424 2789 rinc
1459 2737 1502 2788 eu

331 2837 434 2906 etium
456 2837 490 2907 si
512 2836 662 2908 velimus.
693 2833 829 2908 Musica
855 2832 964 2930 igitur
994 2833 1079 2906 vitae
1102 2832 1388 2927 condimentum,
1415 2855 1500 2909 sua-

330 2952 423 3028 ritas
448 2953 573 3048 animi,
593 2953 801 3048 jocunditas
824 2953 956 3027 divinae
986 2952 1114 3048 laudis,
1136 2953 1304 3048 jubilatio
1338 2954 1502 3030 devotio-

331 3073 398 3166 nis,
423 3073 627 3169 gratiarum
653 3073 760 3168 actio,
785 3073 872 3169 luga
897 3072 1121 3167 demonum,
1143 3073 1358 3148 exercitium
1385 3095 1500 3171 ange-

323 3192 465 3267 lorum.
490 3193 596 3267 Nunc
625 3191 750 3266 audita
783 3198 890 3267 esta
924 3198 1031 3287 poeta
1060 3212 1147 3266 cum
1179 3192 1332 3269 intraret
1360 3193 1496 3268 coelum

329 3332 416 3387 cum
443 3311 608 3387 Beatrice
634 3311 751 3386 multo
768 3310 963 3406 perlectius
988 3317 1026 3386 et
1049 3311 1192 3387 dulcius
1211 3332 1325 3405 quam
1352 3313 1499 3409 quando

329 3431 479 3507 intravit
503 3432 760 3528 purgatorium
785 3451 871 3505 cum
890 3430 1056 3526 Virgilio:
1075 3436 1112 3506 et
1133 3437 1226 3507 tacta
1253 3431 1445 3508 dulcedine
1460 3424 1496 3526 (¹)

329 3553 420 3647 soni,
450 3553 565 3648 tangit
596 3557 703 3646 poeta
736 3551 939 3626 claritatem
974 3550 1133 3645 luminis,
1166 3551 1312 3628 dicens:
1340 3556 1502 3646 purocrni

329 3675 436 3767 attor,
464 3671 553 3746 dum
579 3677 716 3745 starem
737 3671 789 3745 sic
813 3677 974 3746 attentus
999 3670 1045 3744 ad
1061 3691 1207 3766 sonum,
1225 3679 1322 3746 unu
1339 3675 1396 3748 det
1413 3675 1498 3747 cteto

329 3807 449 3868 occaso
473 3795 572 3867 dalla
594 3794 742 3884 fiumma
766 3792 825 3864 det
845 3793 931 3880 sote,
956 3789 1021 3885 qui
1041 3791 1119 3885 jam
1153 3790 1253 3866 visus
1280 3792 1399 3867 luerat
1429 3790 1497 3865 sibi

329 3912 516 4007 duplicari,
543 3917 584 3985 nt
609 3909 725 4006 patuit
750 3910 860 4005 paulo
877 3929 989 4002 supra
1004 3933 1014 3981 ε
1031 3916 1068 3984 et
1086 3909 1248 3984 declarat
1265 3911 1414 3985 coeleste
1430 3931 1497 4005 per

329 4041 504 4109 terrestre
524 4031 651 4125 simile,
670 4030 812 4104 dicens:
838 4031 898 4103 cte
916 4032 1066 4121 pioppta
1082 4050 1104 4102 o
1118 4031 1223 4122 fiume
1238 4051 1311 4103 non
1325 4035 1398 4124 [ece
1414 4032 1497 4119 lopo

330 4157 433 4227 utonn
449 4160 545 4226 tanto
564 4153 700 4226 tonso.
718 4149 922 4243 Aliquando
939 4149 1038 4224 enim
1059 4147 1182 4244 pluvia
1202 4156 1315 4246 auget
1332 4148 1494 4244 flumina,

329 4273 607 4368 qnaeinnndant
622 4291 771 4365 campos
789 4270 950 4365 vicin0s;
968 4277 1005 4344 et
1020 4269 1217 4365 aliquando
1242 4269 1319 4364 ipsa
1344 4269 1495 4344 flumina

329 4393 534 4468 redundant
564 4377 698 4466 desui
732 4397 865 4466 natura
890 4391 1000 4466 etiam
1030 4391 1109 4465 sine
1138 4389 1271 4485 pluvia,
1298 4397 1335 4465 et
1359 4390 1496 4465 iaciunt

329 4533 482 4610 magnas
507 4512 619 4587 valles
644 4518 680 4586 et
706 4497 856 4586 lacunas
880 4511 974 4585 sicut
1000 4511 1120 4585 Padus
1145 4510 1183 4585 io
1207 4510 1436 4585 lombardia.

402 4637 455 4704 Lo
477 4621 597 4704 nonitd
623 4632 682 4704 det
703 4651 826 4704 scorto.
855 4631 926 4704 Ista
958 4637 1014 4704 est
1043 4638 1174 4727 quarta
1200 4651 1284 4727 pars
1315 4628 1496 4727 generalis

332 4751 442 4828 huius
466 4748 699 4847 prohemialis
723 4749 881 4844 capituli,
908 4748 946 4823 iu
971 4771 1045 4844 qua
1070 4755 1178 4846 poeta
1202 4750 1337 4824 Dantes
1366 4749 1497 4846 probat

390 5015 418 5078 (¹)
433 5015 464 5065 lt.
479 5018 508 5066 ct
523 5026 570 5078 per
585 5013 703 5065 cumdum
719 5013 868 5078 gubernari.
994 5011 1021 5074 (¹)
1037 5011 1068 5062 E.
1084 5010 1221 5062 dulcedius
1237 5011 1284 5061 riu
1301 5013 1365 5062 sont.
1419 5041 1423 5054 .·

459 5121 498 5166 Ν
1335 5119 1361 5163 m
