4342 6692
711 881 786 947 -llt
1105 892 1309 949 comm
1334 896 1499 951 runnrsr

709 1039 772 1135 pli,
796 1039 828 1113 ei
853 1038 936 1134 quis
961 1058 1116 1114 narrans
1142 1058 1255 1113 unam
1282 1058 1362 1115 rern
1387 1038 1589 1133 iocundum
1620 1058 1709 1113 cunr
1737 1060 1887 1120 summa

707 1160 950 1237 delectatione
981 1165 1020 1235 et
1047 1158 1241 1235 dulcedine
1265 1160 1347 1255 jann
1382 1160 1535 1255 cepisset
1564 1158 1708 1233 animos
1731 1159 1887 1238 andien-

710 1282 817 1374 tium,
834 1287 872 1355 et
887 1280 1087 1355 dimitteret
1104 1278 1351 1356 narrationem
1367 1273 1406 1371 (¹)
1424 1280 1644 1371 innitentem,
1662 1285 1801 1373 quanto
1821 1300 1888 1355 ar-

707 1401 801 1477 dore
824 1398 1074 1475 desiderarent
1098 1398 1229 1475 audire
1253 1398 1470 1475 residuum?
1491 1398 1573 1475 ideo
1593 1398 1696 1475 dicit:
1722 1422 1742 1472 e
1762 1421 1830 1492 per
1855 1408 1887 1480 te

709 1522 836 1595 cedei
853 1541 951 1598 come
974 1522 1419 1597 m’eratndulodudire
1435 1522 1485 1593 du
1503 1524 1625 1615 quad,
1643 1520 1795 1614 scilicet,
1813 1521 1885 1617 spi-

711 1640 852 1735 ritibus,
878 1640 942 1734 qui
967 1639 1150 1715 iaciebant
1176 1640 1264 1716 mibi
1290 1646 1433 1720 lantum
1460 1640 1639 1738 gandium
1665 1648 1702 1717 et
1727 1642 1884 1734 leolum

707 1764 767 1833 lor
790 1764 992 1837 condicioni
1014 1765 1161 1835 siccem
1184 1766 1259 1854 uoti
1277 1766 1374 1837 necti
1393 1766 1485 1853 ndei,
1502 1762 1819 1858 intellectualibus,
1835 1768 1887 1836 mi

705 1885 770 1976 [ur
793 1886 977 1977 manifesti
991 1922 1042 1937 -
1057 1887 1099 1956 0.
1126 1884 1231 1957 Nunc
1247 1889 1357 1957 antor
1378 1880 1575 1957 introducit
1594 1881 1696 1956 illnnr
1714 1882 1881 1977 spiritum

707 2001 1023 2098 gloriosissimum,
1048 2004 1113 2099 qui
1138 2002 1340 2097 exorditur,
1366 2009 1504 2095 narrat,
1529 2010 1567 2077 et
1592 2002 1700 2079 ollert
1732 2024 1773 2079 se
1802 2003 1881 2097 s‘dti,

708 2121 852 2197 dicens:
882 2124 1013 2197 Otene
1034 2132 1134 2215 mlo,
1160 2122 1263 2215 idest,
1287 2142 1311 2197 o
1336 2122 1481 2216 Dentes,
1499 2128 1584 2197 nate
1605 2121 1642 2196 in
1662 2122 1760 2197 bona
1777 2124 1878 2217 bora,

707 2262 733 2313 u
756 2245 813 2315 cut
825 2247 971 2334 praete,
987 2244 1135 2335 scilicet,
1155 2242 1289 2336 divina,
1315 2245 1462 2315 cmtoede
1486 2244 1590 2315 ceder
1606 2245 1632 2317 ti
1648 2245 1755 2335 cod,
1779 2243 1881 2337 idest,

706 2360 825 2456 sedes,
848 2365 907 2437 det
929 2367 1060 2457 ebuso
1091 2366 1257 2453 etemete,
1287 2362 1389 2453 idest,
1420 2362 1678 2457 triumphantis
1707 2364 1879 2450 ecclesie,

707 2483 829 2555 'nurci
850 2486 911 2557 cle
927 2488 965 2559 to
982 2487 1116 2559 nutele
1131 2486 1160 2557 t
1169 2484 1383 2575 abbundom',
1401 2482 1506 2577 quasi
1525 2482 1621 2556 dicat
1645 2481 1682 2556 in
1706 2483 1779 2558 vita
1794 2490 1882 2559 ante

708 2610 879 2699 mortem,
914 2604 1013 2700 qnod
1039 2604 1129 2679 nolli
1155 2603 1227 2678 alio
1254 2622 1420 2698 unquam
1446 2602 1624 2679 concessit
1654 2604 1716 2677 tali
1745 2604 1879 2699 modo,

706 2725 769 2797 troi
791 2745 887 2797 sento
911 2728 1024 2799 occest'
1045 2726 1105 2799 det
1127 2726 1229 2815 lune,
1255 2723 1401 2815 scilicet,
1427 2722 1560 2817 divino,
1586 2725 1645 2796 ebe
1664 2744 1733 2815 per
1758 2730 1842 2799 uuo
1858 2728 1884 2797 ’1

706 2846 773 2917 ciet
791 2848 826 2917 si
848 2848 987 2939 spozto,
1023 2843 1127 2939 idest,
1157 2864 1233 2938 quo
1262 2863 1392 2919 omnes
1420 2842 1504 2917 coeli
1534 2843 1738 2938 replentur;
1764 2850 1801 2918 et
1828 2844 1882 2919 sic

707 2964 902 3060 respondet
925 2965 972 3040 de
995 2964 1264 3041 conditionibus
1288 2964 1336 3038 de
1361 2963 1494 3057 quibus
1519 2969 1629 3038 antor
1652 2963 1882 3041 desiderabat

704 3085 810 3161 scire.
837 3086 881 3159 Et
905 3085 1009 3161 dicit:
1035 3078 1178 3181 eperd,
1205 3106 1243 3159 se
1267 3087 1360 3178 disti,
1379 3085 1410 3157 si
1434 3104 1502 3179 pro
1527 3083 1625 3179 qnia,
1647 3088 1685 3159 di
1699 3089 1761 3159 noi
1784 3088 1882 3159 cb'n-

703 3208 800 3298 rirtt,
824 3207 890 3301 qui
914 3206 1084 3283 videmur
1110 3206 1174 3281 tibi
1203 3207 1254 3281 ita
1283 3205 1384 3293 clari,
1418 3226 1443 3277 u
1472 3212 1530 3279 tuo
1554 3208 1678 3297 piocer
1709 3210 1735 3280 n·
1761 3211 1876 3303 sucin,

703 3326 790 3419 qnia
817 3328 972 3403 libenter
996 3328 1148 3403 babebis
1173 3332 1352 3422 optatum.
1379 3326 1422 3401 Et
1448 3325 1630 3401 concludit
1654 3332 1784 3401 autor:
1810 3322 1880 3403 cosi

654 3440 658 3448 ’
703 3450 753 3521 de
776 3469 825 3521 uo
849 3451 887 3522 di
910 3452 1014 3541 puelli
1033 3451 1137 3541 spr'rti
1154 3450 1219 3541 pti,
1236 3448 1384 3542 scilicet,
1402 3467 1425 3521 a
1445 3445 1573 3541 spiritu
1595 3446 1797 3542 iustiniani,
1815 3450 1878 3543 qni

703 3566 771 3639 luit
789 3566 913 3662 justus
937 3576 976 3642 et
1000 3567 1096 3663 pius,
1112 3570 1203 3643 detto
1220 3570 1269 3641 mi
1282 3569 1323 3660 su
1331 3594 1347 3661 ,·
1364 3588 1383 3639 e
1402 3568 1451 3641 de
1470 3569 1642 3659 Rentrtce,
1659 3565 1788 3642 deinde
1802 3574 1878 3644 ste-

703 3686 778 3762 tim,
793 3686 932 3761 dictum
959 3687 1045 3761 luit:
1077 3690 1125 3761 di'
1146 3690 1193 3761 dr'
1209 3690 1452 3778 acaronem,
1482 3685 1568 3780 qnia
1601 3687 1756 3781 prompti
1780 3694 1878 3782 sunt,

702 3810 836 3881 ecredt
850 3828 984 3881 comeo
1001 3810 1074 3900 Dii,
1093 3807 1180 3903 quia
1200 3806 1320 3883 omnis
1338 3806 1468 3881 heatus
1484 3806 1576 3881 deus
1593 3805 1878 3903 participatione,

703 3946 773 4003 nec
798 3934 917 4022 potest
941 3928 1066 4006 dicere
1090 3926 1447 4003 salsum.-10.Hic
1467 3933 1578 4001 antor
1603 3926 1702 4021 ponit
1729 3948 1879 4025 respon-

703 4047 846 4123 sionem
870 4068 980 4123 suam
1003 4049 1051 4125 ad
1075 4048 1257 4144 spiritum,
1290 4055 1326 4125 ct
1356 4048 1476 4143 primo
1507 4067 1548 4123 se
1574 4054 1726 4123 excuset
1751 4048 1780 4123 si
1806 4070 1878 4126 non

702 4168 890 4265 cognoscit
914 4189 1016 4264 eum,
1032 4169 1176 4245 dicens:
1202 4173 1245 4242 Io
1270 4171 1393 4261 epoto
1410 4169 1475 4242 ben
1490 4161 1520 4241 si
1536 4190 1633 4243 corre
1649 4176 1685 4241 tu
1704 4171 1878 4261 t’muddt,

702 4288 806 4383 idest,
832 4287 976 4384 vetaris,
1005 4292 1064 4365 net
1092 4292 1243 4383 proprio
1274 4292 1377 4381 tune,
1404 4288 1503 4385 qnod
1535 4296 1591 4365 cst
1622 4288 1879 4385 clarissimum,

702 4411 806 4483 ecte
829 4412 929 4502 dupli
952 4412 1048 4483 oceli
1075 4412 1104 4485 it
1137 4412 1268 4502 cappe
1294 4410 1399 4504 qnasi
1432 4430 1479 4487 ex
1513 4410 1659 4487 duobus
1688 4410 1879 4505 sideribus,

697 4530 859 4623 percl'ei
882 4550 1066 4623 corusce,
1083 4530 1187 4625 idest,
1209 4530 1426 4626 resplendet,
1443 4524 1475 4604 si
1498 4552 1595 4607 come
1612 4539 1647 4607 tu
1666 4534 1751 4625 ridi,
1776 4531 1879 4627 idest,

701 4648 856 4746 laetaris3
883 4672 943 4726 nra
966 4672 1040 4727 eoo
1063 4672 1106 4725 so
1129 4654 1185 4725 clu'
1209 4658 1245 4725 tu
1268 4654 1330 4744 sd,
1356 4654 1478 4727 emoto
1501 4654 1631 4745 dorm,
1657 4654 1726 4730 ista
1750 4654 1878 4752 glorie,

701 4768 748 4847 nd
763 4769 894 4866 percle
910 4775 997 4866 appi
1016 4776 1044 4846 il
1064 4774 1184 4865 modo
1206 4774 1299 4849 detta
1317 4792 1437 4866 spere
1454 4774 1602 4871 scilicet,
1620 4775 1805 4870 Mercurii,
1821 4776 1880 4849 cle

768 5031 1007 5095 ottonom
