4342 6692
749 912 887 969 CANTUS
911 913 1078 980 enutrite
1426 904 1494 970 411

323 1055 460 1151 dunis,
485 1056 632 1152 quanm
661 1056 785 1132 vident
800 1050 837 1149 (¹)
870 1064 946 1131 tam
977 1055 1088 1151 impie
1117 1056 1359 1152 blasphemari
1392 1058 1497 1133 Chri·

323 1184 434 1253 stum
459 1179 504 1251 lit
528 1176 712 1253 concludit
737 1198 785 1252 ne
809 1177 1029 1253 recedamus
1045 1176 1093 1251 ab
1113 1178 1264 1253 ecclesia
1285 1199 1353 1273 per
1369 1177 1499 1254 dome-

324 1299 456 1373 sticum
482 1299 709 1393 exemptum,
734 1298 878 1373 dicens:
903 1320 977 1372 nou
990 1303 1064 1393 [ute
1079 1318 1177 1371 come
1192 1302 1298 1391 aquei
1312 1302 1371 1372 cbe
1388 1302 1498 1373 tuscan

322 1424 350 1494 u
373 1425 454 1495 tutte
477 1423 570 1493 detta
593 1440 660 1492 suu
684 1422 823 1511 madre,
848 1426 886 1495 et
911 1420 961 1494 ita
979 1440 1047 1494 vos
1062 1418 1266 1493 doctrinam
1286 1419 1413 1493 matris
1436 1440 1499 1494 eo-

323 1541 461 1635 elesioe3
487 1562 507 1613 c
529 1542 689 1631 seraptim
711 1561 731 1611 e
755 1542 885 1613 laedon
915 1560 993 1613 seco
1025 1542 1197 1613 nudesmo
1226 1562 1250 1617 u
1282 1561 1346 1613 suo
1373 1542 1499 1633 ptucer

323 1658 823 1753 obtumescentem
849 1681 891 1734 os
923 1660 1017 1755 iupi;
1043 1666 1081 1735 et
1112 1661 1163 1735 ita
1193 1682 1258 1735 vos
1287 1661 1499 1757 ignorantes

324 1782 449 1859 caditis
473 1782 511 1855 in
528 1802 570 1856 os
585 1779 729 1875 diaboii,
747 1781 810 1874 qui
827 1780 925 1875 dicit,
942 1781 1037 1855 sicut
1052 1780 1185 1855 dicitur
1204 1781 1381 1876 fabulose,
1400 1782 1498 1878 quod

325 1904 434 1999 iupus
460 1900 598 1976 invenit
621 1921 761 1997 agnum
787 1901 907 1975 sotum
934 1901 1013 1977 sine
1031 1908 1162 1996 matre,
1180 1909 1218 1977 et
1234 1902 1392 1978 comedit
1409 1923 1498 1977 eum

324 2043 505 2098 excusans
530 2041 570 2096 se
595 2020 681 2115 quia
706 2020 899 2115 oportebat
923 2042 1063 2118 agnum
1086 2022 1192 2116 mori,
1213 2042 1300 2095 cum
1323 2043 1397 2095 non
1414 2042 1500 2117 pos-

322 2150 379 2218 set
402 2142 529 2218 rivere
562 2142 640 2215 sine
670 2142 777 2236 lacte,
805 2148 845 2215 ut
870 2141 956 2216 dicit
978 2143 1190 2217 Aristoteles
1215 2143 1376 2217 secundo
1402 2144 1500 2219 Rbe-

325 2263 540 2338 turicorum.
1178 2245 1182 2251 ’

400 2376 479 2457 cosi
502 2387 670 2458 Beobu're.
689 2385 759 2457 ista
778 2390 833 2457 est
853 2390 986 2478 quarta
1002 2405 1088 2479 pars
1105 2384 1286 2480 generalis
1300 2376 1351 2478 (²),
1373 2385 1501 2479 inqua

323 2504 458 2579 Dantes
483 2503 655 2579 describit
679 2525 789 2577 suum
816 2524 1009 2580 ascensum
1027 2505 1074 2580 ad
1092 2525 1238 2599 speram
1257 2505 1438 2580 Mercurii.
1456 2506 1500 2579 Et

324 2623 444 2719 primo
460 2623 678 2698 continuans
694 2623 788 2697 dicta
805 2624 965 2698 dicendis
987 2624 1103 2721 tangit
1121 2624 1391 2720 dispositionem
1405 2626 1499 2700 Bea-

326 2742 425 2818 tricis
449 2744 497 2819 ad
522 2764 657 2818 novam
685 2743 890 2837 materiam,
915 2744 1057 2818 dicens:
1089 2740 1165 2817 cod
1196 2749 1354 2819 Beatrtce
1378 2768 1402 2817 u
1427 2766 1493 2839 nte,

325 2866 465 2959 supple,
489 2865 644 2959 loquuta
668 2871 734 2959 est,
760 2868 895 2938 com’io
910 2868 1051 2959 serim,-
1068 2872 1106 2939 et
1122 2864 1369 2940 admonitione
1393 2867 1498 2961 iacta,

322 2987 385 3077 poi
408 2987 440 3057 si
463 2988 593 3058 rtuobc
616 2992 702 3058 tutta
724 2988 885 3076 dieunt,
903 2984 1008 3059 avida
1022 2976 1061 3077 (³)
1079 2986 1291 3061 ostendendi
1309 2986 1397 3059 mibi
1414 2988 1497 3081 alia,

324 3124 350 3177 u
374 3107 489 3195 quella
510 3112 626 3197 purte,
651 3104 893 3199 superiorem,
919 3126 984 3177 oue
999 3107 1025 3178 'l
1039 3107 1169 3179 mondo
1188 3101 1209 3179 e*
1218 3101 1281 3197 pit
1306 3109 1397 3197 uuo,
1424 3127 1497 3181 non

324 3223 423 3298 dicas
447 3223 494 3297 ad
518 3223 711 3317 orientem,
736 3224 830 3297 sicut
854 3224 966 3317 aliqui
997 3224 1094 3299 maie
1126 3231 1326 3319 exponunt,
1352 3226 1426 3301 imo
1451 3228 1498 3300 ad

324 3364 470 3439 speram
508 3344 695 3438 Mercurii,
737 3364 822 3439 quae
863 3351 918 3419 est
959 3343 1121 3418 vivacior
1163 3365 1269 3439 spera
1307 3346 1415 3421 lunas.
1455 3348 1499 3420 Et

324 3462 447 3536 subdit
472 3464 658 3557 quomodo
679 3464 756 3559 ipsa
776 3464 995 3559 disposuerit
1011 3484 1099 3538 eum
1118 3464 1163 3538 ad
1184 3472 1400 3558 sequentem
1420 3488 1499 3541 ma-

324 3582 454 3657 teriam
484 3605 550 3678 per
574 3586 649 3660 duo
674 3586 789 3682 signa,
815 3585 959 3660 dicens:
986 3588 1020 3658 to
1048 3605 1112 3658 suo
1143 3592 1270 3677 tacere,
1303 3587 1389 3682 quia
1416 3588 1521 3679 iecit,

325 3701 436 3779 duem
470 3706 643 3800 sermoni,
675 3710 742 3780 e’l
766 3714 943 3780 tramutar
975 3706 1174 3795 amputo,
1204 3705 1290 3799 quia
1323 3706 1417 3781 sacta
1444 3714 1498 3782 est

325 3826 458 3901 clarior
483 3833 521 3901 et
545 3827 713 3921 aiacrior,
736 3849 845 3920 poter
868 3829 1014 3900 silenzio
1039 3830 1078 3899 ut
1102 3830 1171 3898 mio
1188 3829 1313 3919 cupido
1332 3830 1497 3922 iupepno,

325 3946 433 4021 avido
446 3946 625 4040 novitatis,
643 3950 703 4022 cde
718 3939 780 4038 put
796 3968 907 4021 nuovo
924 3950 1093 4038 questioni
1104 3966 1194 4019 auca
1210 3950 1373 4040 ducante,
1395 3947 1499 4041 quasi

325 4064 431 4159 dicat,
458 4065 542 4141 ticet
566 4067 636 4141 alia
662 4067 773 4142 dubia
800 4072 981 4141 restarent
1005 4065 1232 4140 discutienda
1258 4065 1356 4140 circa
1383 4072 1500 4141 mate·

326 4185 419 4261 n'am
446 4186 533 4281 voti,
560 4194 685 4263 tamen
711 4187 821 4262 finem
840 4186 935 4280 iecit,
956 4186 1043 4279 quia
1064 4186 1156 4261 ordo
1174 4185 1255 4259 iibri
1273 4204 1346 4258 non
1363 4186 1500 4280 patitur

326 4306 432 4401 plura
457 4307 600 4401 dicere3
628 4307 709 4382 ideo
735 4309 830 4382 bene
854 4306 957 4402 tingit
973 4307 1073 4399 quod
1090 4304 1238 4379 Beatrix
1258 4311 1500 4399 apparaverat

325 4447 413 4501 eum
438 4427 484 4501 ad
510 4428 700 4515 atta..-u
721 4422 761 4501 si.
780 4428 845 4501 Mic
864 4434 975 4501 autor
999 4425 1170 4501 describit
1196 4445 1306 4498 suum
1333 4426 1498 4500 velocem

323 4546 531 4643 ingressum
557 4548 594 4620 in
612 4568 757 4643 speram
776 4547 947 4621 Mercurii
967 4568 1034 4641 per
1051 4567 1164 4620 unam
1185 4546 1496 4640 comparationem
1589 4566 1590 4569 ‘

323 4667 475 4760 claram,
500 4665 643 4741 dicens:
670 4660 755 4739 Est
779 4688 875 4739 come
898 4673 1009 4739 suettu
1035 4669 1095 4739 cte
1118 4670 1176 4739 uel
1191 4686 1300 4756 aequo
1321 4673 1497 4759 percuote,

323 4808 410 4863 oum
436 4782 697 4881 impetu,'priu
720 4790 781 4861 cte
804 4790 860 4859 sin
890 4789 926 4860 tu
960 4789 1073 4860 cordu
1103 4793 1218 4878 quotu,
1253 4786 1357 4880 quasi
1383 4786 1497 4861 dicat:

387 4974 414 5036 (¹)
430 4974 461 5025 E.
477 4974 580 5038 quando
596 4975 704 5026 audiunt
721 4979 782 5024 tam.
909 4971 936 5036 (¹)
952 4974 983 5024 Ε.
999 4974 1128 5037 generalis
1143 4979 1169 5025 et
1185 4973 1285 5034 ultima,
1302 4973 1329 5021 in
1345 4987 1405 5037 qua.

389 5051 417 5116 θ)
433 5052 463 5103 E.
480 5051 554 5112 ldest,
571 5052 653 5102 arida.
