4342 6692
693 910 832 967 murus
857 914 1050 971 vreususus
1073 915 1204 972 nouus.
1440 905 1509 974 193

333 1060 420 1152 dat,
435 1057 539 1153 idest,
551 1056 657 1133 dicte
677 1065 818 1154 septem
835 1060 952 1156 lineae,
966 1064 1004 1134 n·
1019 1064 1146 1152 metro,
1159 1082 1244 1156 quae
1259 1066 1510 1158 sequebantur

334 1184 415 1272 post
431 1176 649 1253 candelabra
667 1177 704 1251 iu
721 1199 921 1274 aereque
937 1188 1044 1275 poeta
1061 1181 1157 1257 bene
1174 1189 1281 1257 vocat
1298 1185 1507 1260 ostendalia.

333 1296 539 1373 Ostendalia
560 1298 658 1373 enim
677 1299 908 1394 appellantur
924 1300 961 1374 in
980 1300 1120 1375 mundo
1140 1301 1243 1398 signa
1266 1300 1508 1399 imperatoris,

334 1417 688 1512 quacostenduntur
713 1420 860 1512 quando
885 1419 985 1495 vadit
1009 1420 1046 1494 in
1072 1421 1353 1517 expeditionem,
1379 1430 1417 1497 et
1441 1424 1509 1503 ista

335 1543 420 1611 sunt
436 1536 540 1633 signa
555 1537 693 1612 summi
710 1538 941 1633 imperatoris
955 1540 1017 1635 qui
1031 1541 1202 1616 veniebat
1215 1562 1303 1617 cum
1318 1564 1386 1617 suo
1400 1563 1509 1618 excr-

336 1658 422 1753 citu,
448 1678 538 1731 ean
563 1659 741 1749 mageima*
764 1661 824 1734 ebe
849 1664 887 1733 lo
912 1663 984 1735 mia
1014 1664 1116 1753 etsta,
1142 1661 1244 1756 idest,
1277 1684 1391 1756 quam
1424 1684 1508 1737 mea

336 1777 427 1853 visio
452 1784 572 1873 posset
596 1777 789 1874 attingere,
815 1780 901 1873 quia
930 1780 1185 1877 pertingebant
1216 1804 1334 1876 usque
1359 1782 1405 1857 ad
1430 1802 1508 1857 coe-

336 1899 416 1972 lum
441 1918 678 1995 supremum3
703 1920 723 1971 e
747 1904 826 1992 quei
848 1904 887 1974 dt
906 1904 1016 1995 stom,
1035 1901 1182 1997 scilicet,
1201 1902 1433 1998 candelabra,
1453 1905 1508 1976 dt-

335 2025 476 2110 stooon,
502 2018 688 2112 sciliceta
714 2038 788 2112 me,
805 2022 893 2094 dicct
909 2024 1021 2113 possi,
1041 2022 1148 2117 quasi
1172 2022 1279 2117 dicat,
1309 2024 1507 2117 modicum,

336 2145 469 2232 monto
485 2159 511 2210 a
527 2141 597 2211 mlo
614 2141 749 2229 evodo,
762 2139 866 2233 idest,
873 2141 980 2234 iuxta
994 2142 1300 2218 existimationem
1317 2142 1508 2218 meam-'-

336 2262 441 2333 souo.
468 2258 573 2333 Nunc
603 2265 712 2353 poeta
743 2258 923 2333 describit·
947 2260 1126 2356 principes
1161 2262 1270 2336 buius
1304 2263 1440 2336 militiae
1471 2262 1507 2335 in

336 2376 506 2473 speciali,
527 2389 566 2455 et
582 2378 666 2453 dicit
692 2378 728 2452 iu
753 2400 912 2474 summa,
930 2380 1030 2474 quod
1050 2381 1246 2456 veniebant
1267 2382 1392 2479 viginti
1416 2403 1510 2476 qua·

338 2506 423 2574 tuor
448 2498 622 2573 coronati.
643 2499 697 2572 Ad
722 2500 829 2575 cuius
845 2500 1121 2598 intelligentiam
1139 2508 1194 2577 est
1211 2502 1373 2577 breviter
1390 2502 1508 2577 scien-

336 2620 437 2707 dum
452 2619 552 2713 quod
576 2620 633 2696 isti
658 2627 744 2693 sunt
761 2620 963 2716 figuraliter
986 2622 1292 2718 vigintiquatuor
1317 2623 1399 2697 libri
1419 2623 1509 2720 legis

336 2740 510 2834 antiquae,
520 2740 722 2815 secundum
734 2741 999 2837 Hieronymum
1014 2742 1049 2816 in
1064 2743 1239 2838 principio
1255 2743 1336 2818 libri
1349 2744 1507 2840 Regum,

337 2861 401 2955 qui
434 2866 521 2935 sunt
550 2860 655 2953 quasi
686 2859 813 2956 viginti
844 2869 1005 2954 quatuor
1030 2862 1165 2937 literae:
1191 2862 1506 2956 quemadmodum

337 2980 436 3055 enim
462 3000 510 3055 ex
535 2980 725 3055 elementis
750 2980 869 3055 omnis
886 3000 957 3055 vox
984 2982 1146 3056 bumana
1172 2982 1506 3078 comprehenditur,

336 3101 388 3176 sic
412 3099 488 3174 istis
513 3099 613 3173 libris
638 3100 743 3193 quasi
769 3099 881 3175 literis
898 3108 936 3176 et
955 3102 1113 3176 exordiis
1130 3103 1166 3176 in
1184 3103 1247 3178 Dei
1265 3104 1429 3178 doctrina
1452 3103 1507 3177 in-

336 3219 447 3295 fantia
464 3225 592 3295 tenera
618 3227 656 3293 et
679 3220 800 3295 adbuc
824 3222 962 3296 lactens
980 3215 1018 3314 (¹)
1046 3222 1114 3296 viri
1133 3222 1223 3316 justi
1249 3223 1428 3298 eruditur.
1446 3223 1507 3295 bi-

335 3342 385 3417 cit
404 3361 495 3437 ergo
520 3344 626 3435 poeta
652 3340 861 3415 describens
886 3341 973 3415 istos
999 3348 1179 3436 quantum
1207 3342 1251 3416 ad
1278 3344 1444 3417 habitum
1470 3351 1508 3418 et

335 3466 479 3535 actum:
513 3462 747 3552 Ventrpuottro
771 3463 915 3552 seniori,
941 3462 1028 3556 quia
1050 3461 1186 3536 dictant
1212 3468 1250 3537 et
1273 3461 1360 3536 dant
1387 3462 1507 3537 bomi-

335 3581 443 3655 nibus
468 3581 569 3677 leges
603 3586 640 3655 et
665 3586 846 3675 praecepta
878 3581 973 3656 bene
1004 3580 1161 3677 vivendi,
1188 3585 1312 3656 ventur
1345 3603 1369 3654 α
1393 3586 1459 3657 doe
1483 3604 1507 3655 a

335 3704 415 3794 dte,
440 3700 527 3795 quia
552 3700 734 3776 socialiter
760 3701 983 3777 conveniunt
1008 3702 1104 3777 inter
1129 3723 1180 3798 se,
1201 3706 1362 3777 coronati
1381 3706 1419 3777 di
1433 3706 1506 3796 fior

336 3826 370 3896 d'
384 3825 486 3913 oliso,
513 3822 616 3915 idest,
641 3821 727 3916 lilio,
754 3822 852 3915 quod
883 3821 1019 3917 figurat
1048 3820 1176 3897 fidem:
1204 3823 1350 3897 bisunt
1380 3822 1505 3919 viginti

336 3950 497 4037 quatuor
522 3942 697 4035 seniores,
723 3962 817 4035 quos
847 3942 1004 4015 loannes
1031 3940 1156 4014 scribit
1173 3941 1209 4015 in
1227 3942 1441 4039 Apocalypsi
1466 3963 1506 4018 se

337 4060 468 4137 vidisse
501 4061 696 4137 adorantes
726 4082 877 4157 agnum,
912 4066 949 4135 et
981 4059 1178 4135 offerentes
1216 4082 1370 4136 coronas
1408 4081 1505 4157 suas,

336 4188 425 4255 sotto
449 4174 520 4255 cosi
544 4184 599 4256 bet
620 4184 696 4274 ciel,
721 4181 824 4275 idest,
851 4180 921 4253 sub
945 4199 1033 4254 aere
1057 4185 1133 4254 tam
1160 4181 1322 4255 colorato
1340 4187 1377 4256 et
1395 4181 1506 4255 ador-

336 4310 434 4397 nato,
460 4304 547 4375 com'
559 4306 594 4376 io
619 4304 745 4394 diotre,
765 4300 868 4395 idest,
885 4300 995 4395 quale
1019 4320 1090 4396 ego
1109 4298 1291 4396 distinguo
1308 4300 1345 4373 in
1365 4306 1504 4397 septem

337 4422 435 4496 listas
460 4422 655 4498 mirabiles.
681 4423 734 4510 m,
757 4421 888 4516 subdit,
914 4419 1013 4515 quod
1042 4440 1172 4495 omnes
1204 4420 1413 4495 exaltabant
1446 4442 1506 4495 sa-

335 4562 438 4617 cram
468 4544 701 4639 scripturam,
727 4544 869 4618 dicens:
903 4544 977 4615 oroi
1010 4549 1203 4615 ceumaco:
1238 4542 1413 4617 benedetto
1438 4550 1505 4636 tue,

336 4662 481 4758 scilicet,
490 4669 530 4737 tu
545 4663 798 4758 Beatrix,oellc
806 4664 902 4754 figite
913 4663 1101 4755 dedomo,
1109 4661 1209 4757 idest,
1219 4662 1256 4737 in
1273 4662 1500 4757 mulieribus,

336 4784 422 4877 quia
448 4791 488 4858 tu
514 4782 662 4857 domina
677 4782 811 4875 diviua,
827 4781 898 4856 illae
915 4782 1064 4856 lamuloe
1082 4783 1272 4877 bumanae3
1292 4784 1371 4857 ideo
1397 4783 1500 4858 dicit:

400 5044 428 5104 (¹)
443 5043 474 5095 B.
490 5044 596 5095 luctans.

470 5151 509 5195 lv.
1347 5152 1373 5195 lt
