4342 6692
672 889 694 955 6
1035 898 1241 956 ΟΟΜΕΝΤΗΜ
1263 899 1483 956 PURthllll

670 1051 788 1122 natus.
802 1087 852 1100 -
865 1050 937 1120 dia.
956 1045 1021 1122 ilic
1038 1044 1209 1142 Virgilius
1229 1046 1389 1142 assignat
1405 1065 1570 1139 causam,
1587 1067 1705 1140 quare
1721 1067 1770 1122 ex
1787 1047 1844 1123 in-

668 1165 773 1242 ferno
799 1166 941 1240 venerit
974 1165 1020 1240 ad
1052 1153 1330 1262 purgatorium3
1360 1172 1398 1242 et
1430 1165 1484 1241 sic
1515 1166 1710 1262 respondet
1740 1187 1844 1262 que-

669 1285 776 1360 stioni
788 1303 789 1308 ‘
802 1287 931 1362 tacitae.
949 1285 1098 1360 Poterat
1114 1286 1213 1362 enim
1231 1286 1368 1360 Statius
1383 1286 1527 1362 dicere:
1546 1287 1734 1380 quomodo
1752 1309 1843 1384 ergo

668 1406 728 1480 vel
753 1427 871 1501 quare
900 1407 1029 1481 venisti
1063 1427 1151 1480 cum
1184 1406 1384 1480 salvando?
1419 1406 1613 1501 respondet
1648 1406 1841 1503 Virgilius:

666 1526 754 1620 *quia
779 1526 913 1600 Dantes
937 1526 1058 1601 adhuc
1084 1525 1190 1600 vivus
1215 1546 1280 1620 per
1312 1547 1353 1602 se
1386 1547 1460 1600 non
1473 1517 1511 1618 (¹)
1543 1533 1687 1620 poterat
1710 1547 1841 1604 ascen

667 1645 767 1722 dere.
793 1646 885 1722 Dicit
909 1667 1018 1743 ergo:
1046 1652 1108 1720 Ma
1138 1649 1161 1720 l'
1173 1650 1296 1720 amma
1325 1667 1405 1737 suu,
1435 1647 1539 1741 idest,
1569 1647 1673 1722 istius
1702 1648 1840 1742 hantis,

665 1765 731 1859 *qui
745 1757 781 1859 (²)
809 1766 906 1842 dedit
935 1787 974 1842 se
1007 1766 1062 1840 isti
1098 1766 1346 1862 speculationi,
1371 1763 1456 1842 clr'e'
1482 1770 1554 1842 mio
1578 1788 1598 1839 c
1622 1774 1683 1841 tun
1715 1789 1840 1842 coroc-

666 1889 758 1976 clo'c,
783 1887 874 1962 idest
904 1907 1021 1982 soror,
1048 1887 1135 1981 quia
1166 1909 1296 1962 sumus
1332 1894 1406 1962 tres
1435 1886 1568 1962 iratres
1597 1888 1837 1963 amantissimi

666 2012 704 2080 et
730 2013 803 2081 tres
829 2014 946 2102 poetae
965 2006 1118 2081 maximi
1134 2007 1183 2082 ab
1203 2027 1280 2080 uno
1295 2013 1401 2101 patre
1417 2007 1505 2100 Deo,
1525 2025 1599 2080 oon
1620 2015 1725 2100 poteo
1741 2011 1840 2084 mair

664 2128 755 2218 sola,
782 2127 869 2220 quia
895 2127 1031 2202 sociata
1054 2132 1135 2202 erat
1158 2149 1182 2202 a
1206 2146 1340 2220 carne3
1358 2134 1396 2203 et
1416 2127 1533 2202 reddit
1557 2147 1727 2202 musam:
1751 2121 1840 2222 perd

665 2249 769 2320 cd'al
792 2251 897 2322 modo
922 2255 1043 2322 nostro
1068 2268 1141 2322 nou
1164 2249 1346 2338 adoratio,
1367 2247 1471 2341 idest,
1489 2249 1577 2341 quia
1602 2248 1726 2324 anima
1750 2270 1840 2324 con·

669 2366 793 2442 iuncta
820 2369 964 2464 corpori
991 2389 1065 2442 non
1091 2367 1188 2443 videt
1212 2375 1334 2462 acute,
1352 2389 1419 2444 nec
1438 2369 1650 2464 speculatur
1668 2370 1764 2444 sicut
1779 2391 1839 2446 se-

668 2493 806 2582 parata.
834 2488 878 2560 Et
903 2488 1018 2584 tangit
1033 2478 1068 2580 (³)
1088 2507 1206 2581 quare
1231 2488 1300 2562 iste
1323 2488 1413 2563 vivit
1438 2489 1507 2562 suh
1533 2489 1655 2564 verbis
1674 2489 1836 2565 occultis

669 2609 722 2682 hd
748 2608 845 2702 quod
872 2615 925 2682 est
956 2608 1170 2702 nomndum,
1196 2609 1295 2702 quod
1325 2617 1443 2704 poelae
1473 2609 1617 2706 tingunt
1649 2611 1718 2684 tria
1751 2612 1837 2704 iata,

669 2750 830 2824 quorum
849 2729 967 2804 officia
985 2728 1146 2825 figurant
1162 2729 1232 2802 suh
1249 2729 1370 2824 specie
1387 2729 1500 2804 trium
1519 2731 1730 2825 mulierum,
1744 2751 1838 2824 qua·

668 2869 753 2923 rum
781 2869 854 2922 una
880 2855 1001 2944 portat
1024 2848 1161 2943 colum,
1179 2849 1339 2924 secunda
1360 2849 1472 2924 trahit
1487 2849 1604 2943 iilum,
1622 2850 1728 2924 tertia
1746 2871 1837 2926 vero

667 2976 814 3045 truncat
840 2970 991 3045 filatum.
1019 2970 1143 3044 Prima
1167 2976 1322 3044 vocatur
1347 2970 1476 3044 Clotho
1500 2989 1586 3063 qnae
1616 2971 1836 3065 interpreta—
1868 3023 1876 3028 -

666 3095 728 3164 tur
754 3090 944 3185 productio
968 3090 1015 3164 de
1040 3110 1115 3164 non
1140 3109 1220 3164 esse
1245 3089 1292 3164 ad
1317 3109 1417 3183 esse3
1435 3097 1473 3166 et
1492 3111 1559 3184 per
1581 3091 1674 3165 hanc
1698 3080 1835 3182 dantd)

662 3209 813 3305 intelligi
839 3209 1063 3282 nativitatem
1091 3208 1259 3283 hominis.
1285 3208 1455 3284 &cunda
1475 3215 1630 3284 vocatur
1653 3211 1833 3308 lachesis,

664 3349 748 3422 quae
774 3329 1035 3423 interpretatur
1066 3349 1170 3423 sors,
1202 3335 1240 3402 et
1269 3329 1447 3425 significat
1477 3351 1629 3404 cursum
1660 3333 1833 3407 humana

665 3448 749 3523 vitae
774 3467 859 3543 quae
884 3448 953 3521 suh
971 3453 1070 3522 sorte
1086 3447 1239 3523 laborat
1257 3449 1378 3524 Tertia
1395 3469 1486 3526 vero
1506 3457 1660 3524 vocatur
1681 3451 1836 3546 Atropos

665 3589 748 3662 quae
774 3576 829 3643 est
853 3567 1022 3643 deductio
1047 3569 1095 3642 ah
1120 3588 1202 3644 esse
1225 3568 1272 3643 ad
1297 3589 1372 3643 non
1397 3589 1489 3663 esse,
1510 3575 1550 3646 et
1572 3570 1835 3666 interpretatur

662 3689 741 3764 sine
774 3687 1025 3781 conversione,
1051 3687 1139 3780 quia
1164 3707 1188 3762 a
1213 3695 1335 3764 morte
1362 3689 1410 3763 ad
1440 3690 1552 3764 vitam
1583 3699 1639 3764 est
1669 3691 1836 3786 impossi—

664 3809 736 3884 hile
753 3800 789 3901 (⁵)
816 3808 894 3884 lieri
922 3827 1144 3904 regressum.
1170 3807 1262 3882 llicit
1287 3829 1399 3904 ergo:
1419 3806 1550 3901 porcili
1571 3813 1669 3900 colei,
1687 3811 1833 3900 scilicet

661 3929 840 4023 Lachesis,
867 3931 926 4002 che
951 3928 987 4000 di
1011 3949 1029 4000 e
1054 3936 1146 4002 nolle
1166 3932 1244 4020 filu,
1270 3929 1358 4022 quia
1388 3930 1563 4024 paulatim
1594 3930 1682 4004 dum
1696 3922 1733 4023 (⁶)
1759 3952 1834 4008 non

662 4050 839 4126 sentimus
864 4048 1094 4122 subtrahitur
1118 4069 1266 4145 semper
1289 4049 1427 4143 aliquid
1452 4050 1537 4126 vitae
1562 4057 1714 4144 nostrae3
1737 4052 1835 4128 unde

662 4171 818 4248 vivendo
839 4170 1023 4244 morimur
1036 4157 1086 4263 (⁷),
1106 4177 1142 4244 et
1168 4170 1296 4244 stando
1312 4160 1349 4261 (⁸)
1366 4170 1563 4265 currimus,
1580 4193 1653 4244 non
1671 4175 1723 4262 pt·
1744 4191 1834 4246 cocu

660 4299 769 4366 truttu
795 4313 931 4364 ancora
955 4293 993 4364 lu
1017 4280 1218 4384 connectio,
1243 4291 1346 4385 idest,
1373 4298 1554 4386 stuppam,
1580 4293 1684 4385 quasi
1713 4294 1833 4368 dicat:

661 4412 824 4486 nondum
846 4417 1126 4505 consumpserat
1141 4410 1299 4484 calidum
1318 4412 1488 4486 naturale
1504 4418 1543 4486 et
1560 4413 1751 4486 humidum
1770 4435 1833 4490 ra·

660 4531 786 4626 dicale,
812 4533 872 4604 cde
901 4533 996 4604 Gloto
1029 4533 1168 4621 impone
1199 4551 1224 4601 a
1253 4532 1417 4604 ohscuuo
1446 4555 1466 4604 e
1496 4535 1672 4624 compllu,·
1701 4534 1788 4626 quia
1811 4556 1836 4608 a

722 4804 750 4865 (¹)
768 4809 822 4866 117,
838 4819 890 4854 non
907 4810 1008 4868 poterat
1024 4805 1076 4856 huc
1092 4806 1224 4856 accedere.
1274 4805 1304 4868 (⁸)
1320 4805 1351 4856 tt
1367 4818 1427 4869 qno
1441 4805 1556 4856 deditae
1573 4804 1635 4855 huic
1651 4804 1827 4868 rpeeulctlord.

723 4881 749 4940 (¹)
767 4885 820 4941 117,
837 4882 919 4944 tangit
934 4894 1039 4931 causam
1054 4895 1144 4946 qnare.
1276 4885 1302 4944 (⁸)
1320 4886 1374 4941 117,
1390 4881 1434 4932 dat
1450 4880 1568 4945 intelligi.

722 4960 749 5020 (⁵)
765 4957 791 5007 S.
807 4958 964 5020 impossihile
980 4972 1137 5023 regressum.
1230 4947 1235 4954 ’
1272 4958 1299 5020 (⁸)
1315 4959 1346 5008 Ε.
1363 4960 1426 5008 dum
1441 4972 1511 5008 nnnc
1527 4958 1645 5008 stetimus
1660 4956 1830 5008 subtrahitur.

722 5035 749 5099 (⁷)
765 5035 790 5086 S.
807 5047 909 5098 sempor
924 5035 1063 5086 morimur.
1273 5033 1301 5097 (⁸)
1317 5035 1349 5085 E.
1365 5041 1392 5086 et
1408 5034 1499 5086 claudo
1514 5035 1678 5093 ultrohimnr,
1694 5047 1748 5084 raon
1760 5034 1806 5097 pli.
