4342 6692
663 937 800 993 caurus
825 939 1016 994 mensurus
1040 940 1186 994 saurus.
1437 925 1506 995 127

338 1076 438 1174 idest,
466 1080 624 1155 rusticus
648 1080 824 1176 alpestris,
850 1084 1008 1157 aitardo
1033 1085 1184 1177 stupide,
1210 1085 1372 1159 novitate
1398 1084 1463 1178 rei,
1489 1104 1509 1156 e

336 1208 503 1294 ammoto,
529 1202 631 1297 idest,
657 1202 888 1298 obmutescit,
906 1206 1118 1297 rimirondO,
1136 1204 1222 1299 quia
1249 1212 1376 1300 stupor
1393 1204 1509 1279 inter-

336 1319 425 1394 durn
459 1322 575 1397 reddit
615 1323 800 1398 hominem
834 1322 1033 1421 elinguem,
1067 1326 1210 1417 quondo
1246 1347 1373 1418 rozzo,
1404 1325 1507 1418 idest,

339 1442 439 1515 rudis
464 1449 501 1517 et
527 1464 656 1540 novuS,
689 1447 717 1517 s'
730 1444 871 1537 inorbo,
895 1444 998 1540 idest,
1026 1445 1136 1519 intrat
1168 1445 1320 1540 urbem3
1350 1464 1422 1518 oon
1453 1447 1510 1516 ol-

339 1568 517 1657 tromente,
551 1566 642 1640 idest
674 1566 849 1661 similiter,
876 1568 935 1639 cbo
967 1569 1118 1639 ciascun'
1131 1566 1257 1639 embra
1277 1568 1352 1660 fece
1380 1569 1417 1639 in
1441 1585 1508 1637 soa

336 1692 480 1777 parata,
507 1684 608 1779 idest,
639 1685 851 1781 apparentia
883 1686 961 1760 sine
994 1706 1096 1761 voce.
1131 1686 1175 1759 Et
1203 1686 1262 1760 hic
1293 1692 1377 1759 nota
1408 1684 1509 1779 quod

339 1802 421 1877 licet
446 1804 672 1899 comparatio
691 1804 759 1879 ista
778 1804 945 1880 rideatur
961 1826 1090 1903 grossa
1105 1800 1156 1900 (¹),
1179 1813 1235 1881 est
1260 1814 1383 1880 tamen
1402 1804 1508 1879 valde

338 1924 509 2020 propria:
536 1924 619 2000 licet
645 1924 743 2000 enim
769 1925 880 2020 possit
904 1926 1054 2024 intelligi
1080 1927 1126 2001 de
1152 1927 1314 2021 quolibet
1332 1932 1507 2001 montano

339 2043 457 2139 primo
470 2045 639 2120 veniente
651 2044 697 2119 ad
716 2046 861 2140 urbem,
879 2050 1003 2121 tamen
1025 2046 1229 2141 specialiter
1249 2054 1356 2141 poeta
1374 2044 1507 2120 intelli-

340 2164 392 2260 git
404 2164 450 2238 dc
463 2170 637 2238 montano
651 2164 836 2239 habitante
846 2158 881 2257 (²)
893 2166 929 2238 in
942 2164 1084 2261 alpibus
1094 2165 1298 2259 Florentiae,
1313 2164 1374 2259 qui
1390 2165 1508 2260 prima

338 2284 417 2359 vice
441 2305 516 2379 qua
542 2286 640 2360 venit
666 2284 885 2359 Florentiam
912 2284 1038 2360 videns
1058 2286 1203 2360 excelsa
1223 2284 1366 2381 palatia,
1388 2284 1508 2358 homi·

339 2426 404 2479 nes
429 2405 562 2501 civiles,
593 2406 776 2481 mirabiles
802 2406 951 2501 sireneS,
978 2427 1051 2480 non
1082 2407 1237 2480 satiatur
1262 2405 1356 2498 visu,
1381 2410 1418 2478 et
1449 2403 1510 2476 νῆ·-

337 2525 426 2601 dens
452 2532 506 2601 tot
531 2548 735 2621 numquam
755 2527 831 2603 visa
848 2524 1084 2621 obstupescit:
1103 2526 1202 2599 bunc
1218 2527 1343 2599 actum
1365 2522 1506 2598 viderat

314 2653 445 2742 poeta
471 2646 667 2742 aliquando
693 2647 729 2721 in
755 2646 830 2743 ipsa
853 2646 969 2743 patria
995 2666 1072 2719 sua.
1100 2644 1201 2719 Sicut
1227 2665 1317 2741 ergo
1342 2644 1508 2717 montani

339 2766 519 2842 mirantur
546 2767 708 2841 videntes
734 2766 852 2861 primo
877 2765 1097 2840 Florentiam
1119 2766 1324 2859 llorentem,
1341 2763 1390 2837 ita
1407 2782 1507 2837 nunc

338 2886 393 2961 isti
421 2887 604 2961 mirantur
629 2886 792 2961 videntes
816 2886 935 2981 primo
961 2886 1079 2960 civem
1111 2885 1344 2959 florentinum
1373 2884 1508 2957 tloren-

339 3006 516 3081 tissimum
544 3006 665 3081 adhuc
690 3006 885 3082 viventem.
908 3006 950 3078 Et
968 3004 1087 3079 subdit
1104 3004 1308 3078 orationem
1333 3002 1507 3076 Gnidonis

337 3126 384 3201 ad
409 3146 449 3201 se
474 3127 616 3201 dicens:
637 3146 696 3199 mo
709 3129 772 3219 pot
788 3130 847 3200 cte
860 3128 971 3220 soron
987 3128 1142 3217 secrete,
1161 3125 1262 3218 idest,
1284 3128 1506 3216 exonerata,

338 3250 376 3321 di
399 3256 553 3339 stupore,
575 3247 638 3341 qui
664 3246 731 3320 suit
757 3246 862 3321 valde
887 3246 1020 3341 brevis,
1043 3246 1141 3319 unde
1158 3244 1258 3322 dicit:
1286 3246 1320 3317 to
1346 3246 1430 3336 quot
1446 3264 1508 3315 ne-

336 3370 387 3460 pti
411 3370 474 3457 atta·
498 3387 584 3439 cuer
601 3374 687 3440 tosto
704 3368 735 3439 si
751 3372 880 3460 attnto;
897 3365 984 3460 quia
1005 3365 1073 3439 viri
1100 3363 1324 3460 magnanimi
1343 3384 1416 3437 non
1437 3362 1507 3435 mi-

339 3494 468 3562 rantur
493 3487 715 3581 aliquandiu,
741 3484 825 3561 licet
845 3506 941 3560 nora
963 3486 1021 3560 vel
1043 3506 1176 3581 magna
1198 3484 1410 3578 videantur3
1437 3484 1507 3557 boc

337 3610 462 3681 autem
489 3598 574 3681 dicit
599 3604 802 3703 specialiter
827 3626 895 3699 pro
919 3604 1069 3679 domino
1089 3602 1266 3698 (luidone,
1284 3603 1347 3697 qui
1368 3602 1435 3677 tuit
1452 3602 1509 3676 vir

339 3726 432 3801 bene
458 3727 640 3801 cordatus.
667 3725 770 3799 Unde
795 3724 899 3799 dicit:
925 3728 1012 3799 colei
1035 3726 1095 3798 cle
1116 3727 1201 3818 pria
1222 3746 1265 3797 ne
1289 3726 1411 3815 chiese,
1438 3724 1508 3797 sci-

339 3845 431 3939 licet,
458 3846 579 3920 anima
606 3844 779 3920 Gnidonis
808 3844 1008 3939 Guinicelli,
1042 3841 1258 3937 raomtncto,
1288 3846 1427 3941 supple,
1452 3843 1507 3918 di-

338 3984 424 4041 cere
448 3966 549 4062 mihi,
575 3966 661 4061 quia
686 3966 852 4041 dixeram
878 3965 977 4060 quod
1003 3986 1049 4040 er
1076 3986 1235 4060 superna
1260 3965 1377 4062 gratia
1406 3964 1505 4038 ibam

338 4108 403 4184 per
429 4089 684 4185 purgatorium
716 4086 754 4161 in
783 4086 868 4182 rita,
895 4088 993 4159 beato
1027 4092 1070 4176 te,
1101 4084 1203 4179 idest,
1233 4106 1257 4159 o
1286 4090 1323 4159 te
1352 4083 1508 4177 felicem,

338 4210 397 4280 0}oe
432 4209 621 4301 imborcbe,
658 4208 763 4302 idest,
793 4204 930 4303 colligis
959 4212 997 4281 et
1027 4204 1172 4301 reponis
1202 4204 1240 4279 in
1271 4206 1420 4280 barcam
1452 4204 1508 4277 tui

205 4362 207 4367 ¹
338 4329 483 4425 ingenii,
509 4332 711 4423 experienzo
736 4332 821 4404 detta
845 4332 965 4401 noste
988 4328 1141 4418 marche,
1176 4325 1278 4421 idest,
1304 4324 1350 4399 de
1376 4324 1514 4398 nostris·

338 4448 548 4545 regionibus
575 4448 775 4545 montanis,
799 4470 864 4543 per
891 4451 986 4522 viver
1011 4449 1146 4539 meglio.
1165 4446 1241 4521 Nec
1260 4444 1390 4519 dubito
1407 4445 1508 4539 quod

337 4575 444 4665 poeta
470 4570 601 4645 melius
628 4570 727 4665 vixit,
753 4576 790 4645 et
816 4568 947 4644 melius
973 4573 1144 4642 mortuus
1169 4573 1224 4642 est
1247 4550 1509 4662 percompila·

337 4686 474 4764 tionem
499 4690 610 4764 buius
632 4690 762 4785 operis.
775 4730 825 4743 —
839 4694 890 4762 ta
906 4696 1013 4781 pente.
1032 4685 1097 4762 llic
1113 4685 1232 4761 Guido
1250 4686 1443 4782 respondet
1459 4686 1507 4761 de

337 4814 497 4902 utraque
521 4815 640 4904 secta3
667 4817 704 4885 et
728 4810 847 4906 primo
872 4809 918 4883 de
944 4808 1103 4883 secunda
1130 4827 1215 4902 quae
1236 4805 1450 4881 recedebat:
1468 4813 1523 4886 et.

402 4991 431 5055 (¹)
445 4992 476 5044 E.
492 5006 579 5057 grossa
597 4992 683 5044 taliter
698 4992 880 5057 comparando.
898 4998 937 5043 est
953 4996 1039 5043 tamen
1055 4990 1129 5043 raldo
1145 4992 1259 5055 propria.

400 5065 429 5130 (Ἴ
446 5068 476 5118 Ε.
493 5068 649 5120 inhabitante
665 5071 691 5120 lu
707 5069 805 5133 alpibus
820 5069 971 5120 florentinis.
