4342 6692
661 902 733 970 tlt
1021 915 1226 969 connnvnn
1247 914 1471 971 enncrrnnn

660 1062 757 1151 zion,
775 1059 922 1153 scilicet,
939 1058 1031 1153 talis,
1052 1062 1103 1133 cb'
1117 1080 1142 1131 n
1167 1061 1273 1133 ceder
1298 1056 1348 1151 e‘e,
1368 1058 1470 1153 idest,
1489 1058 1599 1154 quale
1618 1064 1675 1134 est
1695 1058 1837 1150 videre,

662 1183 760 1271 nenti
777 1182 884 1270 necti,
902 1178 1057 1253 alicuius
1074 1178 1243 1273 bominis,
1254 1200 1325 1271 pur
1346 1174 1437 1271 teste,
1454 1179 1555 1273 idest,
1570 1183 1713 1252 tanturn
1731 1197 1841 1251 nunc,

661 1302 818 1391 percont
842 1302 907 1372 dal
929 1302 1015 1390 sote,
1041 1298 1144 1393 idest,
1178 1320 1201 1373 a
1235 1298 1377 1374 lumine
1407 1299 1529 1394 solari,
1555 1303 1722 1391 alquanto
1746 1319 1841 1372 esser

666 1423 717 1493 mi
736 1425 792 1515 see
815 1441 930 1494 senze
954 1423 991 1493 tn
1017 1423 1119 1510 vista,
1137 1418 1239 1511 idest,
1258 1419 1363 1513 quasi
1383 1418 1677 1513 excaecantem
1696 1438 1756 1491 mn
1776 1420 1840 1511 poi

663 1544 715 1614 cb'
727 1543 767 1613 nt
785 1562 889 1633 poco,
912 1540 1058 1634 scilicet,
1076 1538 1295 1633 sensibilem,
1314 1537 1416 1633 idest,
1433 1538 1480 1613 ad
1496 1537 1727 1633 splendorem
1745 1537 1836 1612 alie-

665 1680 750 1734 rum
783 1660 1082 1752 substantiarum,
1121 1662 1149 1732 tl
1178 1662 1265 1747 viso,
1298 1656 1433 1733 scilicet
1470 1677 1588 1752 meus,
1622 1656 1833 1753 riferonem,

665 1780 752 1873 qnia
785 1780 844 1854 illa
879 1778 1114 1855 obumbratio
1148 1778 1233 1853 solis
1268 1778 1433 1872 recessit3
1459 1786 1497 1853 et
1521 1778 1673 1875 corrigit
1698 1778 1835 1853 dictum

665 1922 775 1975 sunm
796 1921 862 1994 per
881 1900 1044 1974 colorem
1063 1898 1127 1993 qui
1144 1898 1275 1973 dicitnr
1293 1899 1484 1993 correctio,
1498 1899 1638 1975 dicens:
1654 1904 1689 1974 io
1706 1903 1784 1974 ribo
1800 1900 1838 1972 nl

659 2042 765 2116 poco,
794 2041 867 2107 non
889 2019 975 2114 quia
999 2020 1126 2093 lumen
1143 2018 1299 2093 aliarum
1318 2019 1606 2094 substantiarum
1627 2026 1722 2095 esset
1739 2019 1786 2093 ibi
1797 2009 1833 2110 (¹)

666 2140 865 2234 modicum,
882 2139 946 2213 sed
968 2160 1035 2231 per
1050 2141 1193 2231 rispettn
1210 2142 1249 2211 nt
1265 2141 1370 2212 molto
1386 2141 1555 2232 terribile,
1573 2140 1675 2233 idest,
1692 2140 1738 2215 ad
1756 2159 1836 2213 ma·

665 2282 783 2359 gnum
808 2258 1040 2353 splendorem
1072 2257 1258 2352 BeetriciS,
1284 2262 1387 2351 ende,
1414 2259 1516 2354 idest,
1541 2280 1565 2333 a
1592 2281 1680 2355 qno,
1705 2262 1754 2333 mi
1782 2262 1836 2331 π’-

668 2383 775 2454 mossr'
799 2400 824 2451 n
849 2383 972 2474 sorra,
998 2378 1085 2472 quin
1115 2379 1327 2473 compulsus
1355 2379 1403 2453 ab
1438 2378 1505 2453 illis
1534 2380 1750 2455 dominabus
1776 2398 1837 2452 re-

669 2502 769 2576 movi
788 2500 906 2575 visum
925 2522 946 2575 a
968 2500 1146 2595 beatrice,
1166 2506 1206 2573 ut
1222 2498 1450 2595 predicitur:
1473 2507 1511 2575 et
1529 2498 1726 2577 benedicit
1751 2498 1837 2595 qnia

668 2622 752 2697 licet
776 2621 903 2695 lumen
927 2620 1084 2693 aliarum
1113 2620 1399 2694 substantiarum
1425 2640 1511 2714 qnae
1537 2621 1586 2695 ibi
1611 2629 1716 2696 erant
1740 2628 1836 2695 esset

668 2762 857 2839 magnum,
877 2747 1001 2815 tamen
1026 2739 1220 2814 videbatur
1245 2761 1402 2835 parvum
1420 2749 1589 2837 respectu
1608 2742 1758 2819 maximi
1779 2744 1837 2815 ln-

667 2862 774 2937 minis
800 2860 984 2954 Beatrieis,
1003 2860 1090 2954 quia
1108 2860 1184 2955 ipsa
1202 2866 1258 2935 est
1274 2880 1359 2955 quae
1375 2860 1437 2935 dat
1454 2861 1652 2938 intellectui
1675 2864 1837 2937 humano

667 3002 778 3057 omne
811 2984 937 3055 lumen
969 2981 1043 3075 Dei,
1075 2981 1307 3077 angelornm,
1340 2981 1533 3078 virtutum,
1559 2984 1742 3059 donorum
1767 2990 1836 3059 etc.

667 3103 743 3177 imo
756 3102 919 3176 Christus
934 3102 1075 3175 relucet
1093 3100 1197 3175 nobis
1213 3099 1250 3174 in
1268 3101 1401 3175 chartis
1419 3122 1535 3176 sacrae
1556 3104 1754 3199 scripturae.
1777 3102 1836 3177 Sic

667 3243 759 3319 ergo
784 3222 1018 3315 reformatus,
1044 3224 1116 3295 nidi
1140 3224 1174 3295 to
1199 3224 1356 3312 ytortoso
1385 3206 1540 3318 mentri,
1570 3224 1716 3301 illorum
1743 3226 1839 3299 mili-

668 3342 836 3437 tantium,
865 3345 992 3416 rivolto
1021 3344 1077 3415 snt
1109 3343 1249 3415 broceio
1280 3343 1410 3437 desero,
1455 3344 1541 3437 qnia
1570 3346 1616 3419 ad
1647 3345 1838 3422 dexteram

667 3469 810 3558 partem
836 3482 876 3536 se
901 3462 1148 3556 revolverant,
1174 3484 1193 3535 e
1217 3466 1388 3550 brnnrsr',
1414 3484 1546 3538 versus
1572 3466 1767 3563 orientem,
1783 3471 1842 3543 cot

666 3586 751 3673 sote,
777 3581 922 3677 scilicet,
948 3604 1038 3657 vero
1064 3582 1234 3675 sensibili,
1261 3586 1300 3656 nt
1324 3586 1429 3675 ooltn,
1457 3584 1560 3678 idest,
1585 3592 1671 3662 ante
1696 3588 1837 3684 iaciem,

666 3726 686 3778 e
705 3726 771 3777 con
789 3706 820 3777 le
835 3710 915 3776 cette
928 3707 1081 3796 tanente,
1100 3704 1201 3797 idest,
1219 3723 1306 3777 cnm
1325 3710 1464 3799 septem
1485 3705 1683 3781 luminibus
1696 3700 1734 3801 (²)
1751 3730 1839 3784 can-

667 3823 915 3898 delabrorum.
927 3864 977 3877 -
991 3826 1103 3897 come
1122 3822 1187 3897 llic
1204 3830 1311 3919 poeta
1329 3822 1499 3899 describit
1517 3827 1783 3904 revolutionem
1802 3838 1838 3905 et

668 3943 918 4019 reversionem
948 3944 1131 4019 exercitus
1161 3964 1229 4039 per
1259 3964 1372 4018 unam
1406 3947 1718 4041 comparationem
1752 3970 1839 4044 pro·

668 4064 796 4159 priam,
823 4083 907 4157 quae
931 4062 1093 4137 breviter
1117 4068 1188 4137 stat
1212 4064 1249 4138 in
1282 4065 1362 4159 boc,
1393 4065 1492 4159 quod
1524 4065 1619 4141 sicut
1653 4068 1689 4141 in
1717 4076 1838 4143 muta-

667 4184 767 4259 tione
780 4183 963 4257 enercitus
976 4184 1177 4257 volvuntur
1190 4182 1342 4280 insignia
1356 4192 1394 4259 et
1406 4190 1482 4258 tota
1494 4186 1591 4261 acies
1607 4194 1837 4263 armatorum

666 4312 866 4399 antequam
900 4303 1015 4378 ultimi
1042 4309 1274 4400 moveantur,
1304 4304 1353 4379 ita
1388 4326 1487 4381 nnnc
1517 4312 1591 4381 tota
1624 4308 1749 4384 militia
1780 4310 1838 4385 illa

580 4489 583 4496 .
668 4432 749 4501 erat
774 4425 941 4499 revoluta
967 4444 1054 4497 curn
1080 4422 1323 4498 luminaribus
1345 4430 1544 4521 antequam
1562 4448 1695 4502 currus
1715 4428 1839 4504 liente-

668 4553 782 4621 retnr.
810 4544 902 4618 Dicit
919 4564 1027 4641 ergo:
1049 4546 1170 4632 orello
1190 4547 1335 4637 rnilizin,
1356 4545 1459 4640 idest,
1480 4567 1571 4645 gens
1589 4548 1764 4643 militaris,
1785 4552 1842 4623 det

667 4672 784 4742 celeste
812 4686 937 4758 renuo,
963 4665 1024 4739 cni
1054 4664 1184 4739 militat
1216 4686 1284 4760 pro
1316 4666 1513 4763 triumpho,
1546 4670 1606 4743 ebe
1633 4672 1837 4763 precedere,

668 4787 771 4881 idest,
796 4786 915 4860 iverat
938 4791 1025 4859 ante
1049 4804 1136 4860 cnm
1163 4785 1416 4883 luminaribus,
1443 4788 1578 4864 scilicet
1604 4789 1728 4886 viginti
1746 4811 1839 4884 qua-

732 5042 761 5106 (¹)
777 5043 809 5094 lt.
825 5046 893 5094 esser
908 5043 964 5095 stbt.
1346 5044 1372 5109 (Ἴ
1388 5046 1419 5097 E.
1437 5046 1615 5099 luminaribus.
