4342 6692
654 917 677 982 l
1019 925 1222 981 couuuruu
1247 924 1467 980 runerronu

654 1079 760 1148 erant
785 1070 974 1146 tractanda
999 1089 1066 1166 per
1091 1090 1177 1144 eum
1213 1089 1310 1163 quae·
1329 1089 1403 1142 nou
1437 1073 1579 1162 poterat
1610 1063 1688 1144 sine
1717 1075 1825 1166 poeta

654 1190 862 1284 christiano,
882 1196 925 1263 ut
950 1189 1087 1285 patebit
1103 1189 1141 1263 in
1158 1189 1255 1263 XXV
1277 1189 1436 1284 capitulo
1456 1194 1495 1262 et
1513 1188 1609 1263 alild.
1628 1189 1698 1265 Sed
1719 1196 1826 1286 poeta

654 1312 774 1408 potius
800 1310 996 1385 introducit
1021 1331 1109 1384 eum
1135 1310 1206 1405 liic,
1232 1309 1319 1404 quia
1343 1315 1485 1384 mustat
1500 1309 1620 1404 ipsum
1639 1309 1773 1385 vixisse
1789 1310 1826 1383 in

654 1451 802 1506 summa
826 1436 989 1526 egestate
1020 1437 1058 1503 et
1088 1429 1229 1525 inopia3
1262 1429 1362 1523 quod
1390 1449 1463 1504 non
1489 1429 1635 1504 videtur
1664 1431 1826 1525 potuisse

655 1553 867 1649 contingere
892 1551 972 1625 viro
995 1556 1104 1624 tantae
1121 1550 1347 1626 excellentus
1367 1549 1403 1624 in
1422 1551 1527 1644 urbe,
1545 1550 1583 1624 in
1601 1571 1675 1645 qua
1692 1550 1826 1625 dicitur

656 1671 875 1748 rhetoricam
901 1670 1078 1763 docuisse,
1105 1669 1173 1743 nisi
1205 1690 1252 1744 er
1283 1690 1413 1744 errore
1443 1670 1604 1766 prodigae
1634 1670 1822 1767 largitatis.

654 1791 852 1868 introducit
877 1798 1002 1867 autem
1028 1791 1128 1864 hunc
1152 1790 1396 1865 clarissimum
1422 1797 1568 1886 poetam
1589 1811 1657 1887 per
1679 1789 1826 1865 nobilis-

655 1915 783 1990 simam
810 1911 1135 2007 comparationem,
1152 1910 1292 1986 dicens:
1319 1916 1365 1984 Et
1387 1931 1466 1984 ecco
1489 1914 1549 1984 κη’
1562 1912 1701 2004 omdro,
1721 1911 1824 2007 idest,

653 2032 801 2110 illustris
825 2033 947 2108 anima
973 2030 1085 2125 Statii,
1112 2035 1144 2104 ci
1167 2052 1339 2124 opporoe,
1366 2031 1469 2106 nobis
1494 2031 1650 2128 duobus,
1674 2025 1706 2108 st
1729 2053 1827 2106 come

653 2175 696 2228 or
718 2156 831 2227 serice
856 2157 963 2244 Lucu,
988 2151 1116 2226 Xllllll
1141 2157 1178 2225 et
1202 2148 1333 2224 ultimo
1358 2151 1528 2246 capitulo,
1547 2154 1608 2225 cite
1626 2155 1739 2225 cristo
1763 2142 1825 2244 put

653 2281 765 2366 aum,
790 2274 892 2366 idest,
909 2274 1050 2348 levatus
1077 2292 1143 2366 per
1156 2266 1192 2364 (¹)
1221 2272 1541 2368 resurrectionem,
1555 2277 1641 2367 {tor
1663 2275 1756 2346 delto
1770 2295 1827 2346 re·

648 2397 792 2487 pulcrol
814 2393 916 2484 dora,
941 2392 1033 2466 idest
1057 2398 1162 2466 extra
1186 2412 1228 2465 os
1252 2391 1421 2487 sepulcri,
1440 2413 1599 2486 opparoe
1614 2395 1739 2484 c'duo,
1757 2393 1826 2468 sci-

653 2514 748 2608 licet,
781 2511 971 2607 discipulis,
1002 2515 1176 2586 ct'erano
1205 2515 1245 2584 tn
1276 2515 1348 2603 uio,
1381 2519 1512 2587 euntes
1546 2513 1594 2587 ad
1631 2515 1823 2588 castellum

654 2635 854 2726 Emmaus3
879 2638 917 2706 et
941 2631 1045 2706 dicit:
1070 2655 1090 2705 e
1113 2634 1224 2704 dietro
1250 2653 1274 2704 a
1298 2636 1359 2705 ool
1383 2633 1583 2725 penicilla
1608 2634 1755 2728 umbra,
1776 2637 1825 2708 da

651 2749 710 2846 pid
732 2755 947 2842 poordoodo
972 2755 1007 2825 lo
1032 2752 1135 2824 torua
1158 2755 1219 2824 olto
1241 2755 1353 2842 piore,
1379 2753 1525 2848 scilicet,
1548 2753 1821 2828 multitudinem
1879 2769 1887 2780 “

652 2892 852 2953 avarorum
881 2891 1052 2966 magnam
1074 2871 1276 2966 jacentium
1308 2891 1375 2967 per
1409 2878 1561 2967 terram,
1592 2873 1629 2946 in
1661 2893 1822 2967 quorum

654 3011 812 3065 numeru
838 2998 875 3066 et
899 2990 1071 3086 supplicio
1102 2989 1179 3085 ipse
1210 2997 1290 3066 erat
1314 2991 1423 3086 paulo
1448 2997 1558 3086 aute3
1585 2999 1622 3066 et
1647 2993 1751 3067 dicit:
1777 2990 1825 3068 ne*

652 3113 684 3184 o·
708 3113 892 3184 addemme
919 3114 1036 3202 ditet,
1062 3109 1165 3206 idest,
1192 3130 1265 3184 non
1290 3110 1550 3206 perpendimus
1574 3111 1621 3186 de
1646 3111 1741 3186 illius
1758 3133 1824 3186 su-

651 3231 726 3306 bita
752 3231 987 3326 apparitione,
1005 3224 1035 3304 si
1048 3224 1159 3323 parld
1176 3233 1273 3322 prio,
1290 3233 1456 3304 deendor
1481 3234 1631 3325 Osrote'
1643 3234 1735 3320 nitet,
1755 3235 1825 3304 Duo

653 3353 688 3424 oi
712 3353 773 3450 diu
795 3373 897 3444 poce,
923 3351 1069 3444 scilicet,
1095 3356 1284 3443 aternam,
1309 3350 1357 3424 ad
1389 3371 1501 3444 quam
1526 3370 1603 3446 ‚ego
1632 3351 1753 3426 tendo.
1780 3351 1825 3424 m

652 3468 711 3544 hic
743 3477 829 3544 uota
860 3470 1164 3564 quantum'dicta
1193 3470 1419 3564 comparatio
1448 3477 1504 3544 est
1535 3472 1692 3566 propria.
1723 3471 1825 3545 Sicut

651 3589 750 3664 enim
768 3579 803 3681 (¹)
831 3589 994 3664 Christus
1019 3597 1101 3685 post
1127 3588 1435 3664 resurrectionem
1455 3590 1502 3664 de
1517 3593 1687 3685 sepulcro
1712 3612 1825 3686 appa-

652 3712 727 3786 ruit
751 3711 896 3786 duobus
924 3711 1096 3806 apostolis
1125 3710 1282 3806 ignotus,
1313 3730 1407 3809 quos
1431 3711 1622 3805 salutarim
1648 3712 1698 3788 ita
1724 3731 1823 3786 nuuc

651 3831 788 3906 Statius
813 3837 893 3927 post
917 3831 1170 3906 liberationem
1200 3851 1308 3906 suam
1340 3850 1386 3905 ex
1416 3851 1568 3906 carcere
1582 3823 1619 3926 (³)
1651 3833 1820 3928 apparuit

651 3952 797 4048 ignotus
813 3951 961 4025 duobus'
975 3953 1090 4046 poetis
1107 3971 1201 4044 quos
1217 3951 1383 4026 similiter
1400 3952 1582 4026 salutavit.
1596 3991 1646 4006 -
1659 3956 1737 4026 Not.
1756 3953 1821 4026 Hic

652 4079 759 4166 poeta
784 4071 884 4166 ponit
909 4071 1181 4167 responsionem
1199 4071 1338 4168 Virgilii
1363 4072 1426 4165 qui
1452 4071 1606 4147 reddidit
1631 4071 1680 4147 illi
1702 4072 1821 4146 vicem

651 4193 756 4266 vultu
782 4197 819 4265 et
844 4191 976 4285 verb03
1002 4190 1101 4266 unde
1126 4190 1229 4265 dicit:
1256 4194 1337 4283 Not,
1351 4177 1483 4287 ambo,
1504 4195 1538 4264 α’
1553 4195 1745 4282 volpemmo
1761 4213 1823 4264 ru·

651 4312 733 4403 dito,
758 4311 804 4386 ad
830 4331 909 4384 rem
936 4331 1083 4404 novam,
1105 4309 1191 4405 quia
1209 4308 1373 4384 nondum
1398 4310 1566 4400 viderant
1590 4310 1627 4383 in
1653 4317 1731 4385 toto
1750 4311 1824 4384 eir-

651 4435 735 4508 culo
762 4433 829 4506 istu
855 4433 1016 4506 animam
1040 4433 1207 4525 liberam,
1225 4433 1384 4505 solutam
1405 4438 1443 4506 et
1462 4431 1583 4506 laetam
1610 4431 1678 4505 nisi
1702 4430 1820 4505 istam.

652 4553 696 4626 m
720 4551 779 4625 hic
804 4557 891 4626 nota
917 4551 1016 4646 quod
1042 4558 1150 4646 poeta
1165 4540 1201 4644 (⁴)
1229 4558 1354 4626 noster
1379 4571 1465 4626 curn
1490 4551 1617 4626 lecerit
1641 4557 1717 4626 tam
1743 4551 1824 4626 lon-

654 4693 745 4770 gum
772 4678 968 4745 tractatum
995 4671 1042 4745 de
1060 4671 1184 4746 avaris
1201 4669 1238 4744 in
1256 4671 1325 4746 isto
1342 4671 1492 4766 circulo,
1511 4691 1612 4748 nunc
1629 4670 1825 4746 introducit

715 4901 742 4964 (¹)
759 4901 789 4952 E.
807 4914 853 4964 per
870 4901 1081 4964 gloriosissimum
1097 4905 1152 4953 eius
1167 4902 1395 4954 resurrectionem.

715 4977 744 5042 (¹)
760 4979 790 5028 Ε.
807 4979 877 5029 enim
894 4979 1021 5030 Dominus
1036 4985 1125 5030 noster
1139 4981 1214 5031 Jecur
1228 4979 1346 5031 Christus
1361 4986 1427 5044 post.

716 5055 743 5120 (⁸)
761 5058 814 5115 ill,
831 5055 877 5105 lllo
893 5068 1007 5107 carcere.
1199 5057 1227 5121 (⁸)
1243 5057 1269 5109 s.
1286 5061 1363 5107 ιιιιοι·
1376 5061 1474 5109 norm,
