4342 6692
682 863 727 930 16
1042 874 1247 931 consuram
1272 875 1492 930 ruacauoan

679 1021 764 1096 dam
793 1019 980 1094 historiam
1006 1020 1168 1095 duorum
1201 1021 1359 1096 fratrum
1388 1021 1679 1116 describendam,
1704 1021 1750 1098 de
1779 1041 1853 1117 qua

680 1140 796 1215 multa
821 1139 917 1215 dicta
942 1147 1028 1214 sunt
1053 1141 1090 1214 in
1115 1141 1260 1216 lnlerno
1277 1147 1314 1215 et
1329 1140 1498 1215 dicentur
1522 1141 1563 1214 in
1584 1141 1653 1216 isto
1671 1144 1852 1238 Purgato·

680 1260 746 1336 rio.
761 1260 805 1332 Et
819 1259 934 1356 tangit
951 1261 1151 1335 secundam
1170 1262 1358 1336 historiam
1376 1261 1515 1336 dicens:
1533 1264 1629 1354 epoi
1644 1264 1702 1337 del
1714 1263 1854 1354 pronde

680 1381 822 1471 Achille,
847 1379 933 1473 quia
958 1380 1091 1455 deinde
1116 1381 1199 1455 lecit
1224 1381 1358 1455 librum
1391 1381 1585 1475 minorem,
1610 1379 1648 1454 in
1674 1403 1750 1475 quo
1778 1387 1853 1455 tra·

679 1500 791 1575 ctavit
815 1499 862 1574 de
881 1499 1107 1595 juvenilibus
1131 1501 1242 1596 gestis
1262 1500 1418 1594 Achillis,
1435 1499 1482 1574 de
1501 1500 1635 1595 quibus
1647 1501 1725 1595 jam
1744 1500 1851 1596 plene

681 1621 805 1717 scripsi
831 1621 1036 1718 Purgatorii
1053 1622 1101 1694 lX
1118 1623 1288 1717 capitulo.
1307 1622 1351 1694 Et
1367 1621 1505 1696 subdit:
1532 1642 1592 1694 mo
1611 1625 1717 1697 coddt'
1734 1625 1772 1695 in
1793 1625 1852 1696 oto

679 1763 745 1815 con
778 1744 815 1813 to
847 1743 999 1816 secondo
1026 1763 1137 1815 soma.
1170 1743 1215 1816 ut
1245 1743 1304 1817 hic
1336 1749 1433 1836 nota,
1460 1743 1587 1836 lector,
1620 1743 1719 1837 quod
1752 1743 1850 1816 circa

677 1859 785 1934 istam
812 1845 955 1935 literam
983 1861 1087 1935 multi
1115 1863 1231 1935 multa
1256 1861 1440 1955 dixerunt,
1473 1860 1533 1935 alii
1558 1881 1625 1957 pro
1649 1867 1757 1956 poeta
1784 1881 1851 1935 uo-
1941 1880 1948 1892 ·

677 1977 765 2073 st'ro,
791 1980 850 2053 alii
876 1981 1142 2056 calumniantes
1166 1981 1262 2056 istud
1287 1980 1438 2074 dictum,
1476 1981 1562 2074 quia
1594 1979 1720 2054 dicunt
1749 1979 1849 2074 quod

677 2100 812 2175 Statius
838 2121 911 2177 non
937 2109 993 2177 est
1018 2109 1189 2176 mortuus
1213 2101 1375 2178 secundo
1396 2102 1489 2175 libro
1509 2089 1733 2197 imperfecto.
1755 2102 1845 2190 Qui-

678 2221 747 2295 bus
773 2221 1065 2316 respondeudum
1093 2229 1148 2296 ost
1172 2223 1334 2298 breviter
1359 2229 1397 2297 et
1421 2223 1532 2317 clare,
1549 2222 1648 2316 quod
1672 2243 1762 2298 vere
1787 2242 1848 2297 se·

682 2341 844 2415 cundum
870 2361 963 2435 opus
979 2349 1035 2416 est
1051 2342 1288 2437 completum,
1306 2361 1374 2416 nec
1397 2343 1532 2417 Dentes
1547 2343 1619 2417 boc
1638 2349 1766 2438 negat:
1784 2341 1848 2415 sed

681 2459 761 2534 vult
786 2461 919 2554 dicere,
945 2462 1043 2554 quod
1069 2463 1196 2537 cecidit
1221 2484 1307 2539 cum
1333 2463 1493 2538 soconda
1517 2463 1645 2557 salma,
1672 2463 1759 2558 quia
1784 2463 1850 2538 de·

681 2581 790 2656 bebat
814 2580 938 2655 subire
965 2582 1110 2656 tertiam
1131 2582 1331 2675 historiam,
1351 2582 1498 2675 scilicet,
1514 2590 1617 2680 gesta
1637 2582 1843 2676 Domitiani,

680 2700 775 2774 sicut
812 2700 887 2795 ipse
924 2706 1148 2795 protestatur
1184 2701 1220 2776 iu
1260 2702 1448 2796 prohemio
1481 2703 1538 2776 sui
1569 2702 1782 2796 Thebaidos,
1814 2708 1852 2777 et

681 2821 717 2895 in
751 2821 941 2917 probemio
972 2806 1195 2896 Achilleidos.
1232 2822 1334 2898 Unde
1362 2823 1508 2896 videtur
1523 2818 1559 2914 (¹)
1592 2822 1727 2896 Statius
1761 2820 1849 2897 satis

681 2941 911 3018 excusandus
943 2942 972 3016 si
1002 2941 1171 3018 videatur
1200 2942 1306 3017 nimis
1336 2943 1478 3016 adulari
1504 2942 1719 3017 Domitiano.
1746 2942 1848 3018 Unde

680 3069 766 3136 uota
791 3062 902 3157 quod,
928 3061 1021 3136 sicut
1046 3061 1169 3136 scribit
1190 3063 1379 3157 Iosephus,
1396 3062 1624 3145 Domitianus
1640 3062 1767 3136 audito
1785 3083 1851 3135 ru-

680 3201 787 3256 more
811 3182 857 3257 de
881 3182 1084 3258 deiectione
1111 3202 1376 3278 germanorum
1403 3203 1490 3257 cum
1516 3189 1611 3258 esset
1627 3183 1733 3258 valde
1757 3183 1847 3257 ado·

678 3303 830 3395 lesoeus,
856 3307 993 3376 tantam
1023 3302 1074 3376 rei
1108 3301 1395 3398 magnitudinem
1427 3323 1500 3376 nou
1532 3302 1725 3396 recusavit,
1751 3301 1844 3377 sicut

679 3419 740 3494 alii
766 3420 951 3516 iecissent3
968 3420 1031 3494 sed
1048 3441 1071 3494 a
1088 3426 1192 3516 patre
1209 3421 1346 3496 habens
1371 3421 1569 3517 ingenitam
1595 3422 1842 3496 tortitudinem
1897 3468 1901 3474 -

677 3560 790 3635 supra
827 3546 986 3635 atatem,
1021 3541 1143 3615 statim
1179 3539 1348 3614 tendebat
1381 3540 1418 3613 in
1451 3541 1640 3615 barbaros.
1675 3540 1728 3614 llli
1761 3540 1846 3616 belli

676 3661 775 3735 lama
802 3660 915 3734 territi
942 3661 1019 3734 sine
1044 3660 1120 3734 ullo
1152 3659 1286 3733 damno
1313 3680 1470 3734 romano·
1493 3660 1587 3756 jugo
1616 3679 1657 3734 se
1679 3658 1848 3734 subiece-

678 3789 775 3856 runt.
802 3781 1028 3856 Domitianus
1054 3800 1145 3876 ergo
1170 3781 1291 3854 clarus
1304 3772 1342 3872 (²)
1364 3786 1402 3855 et
1427 3779 1585 3876 insignis,
1611 3787 1758 3868 aetatem
1785 3801 1849 3852 su-

677 3901 889 3998 perantibus
915 3901 1017 3976 lactis
1042 3907 1078 3976 et
1104 3899 1197 3996 patri
1224 3902 1401 3975 bonorem
1422 3899 1672 3994 afferentibus,
1690 3899 1846 4002 Romam

679 4043 852 4099 reversus
878 4029 952 4116 est,
971 4021 1034 4115 qui
1051 4027 1089 4095 et
1105 4027 1302 4115 antequam
1321 4027 1424 4116 pater
1444 4019 1584 4095 ueniret
1600 4019 1756 4094 Romam
1775 4017 1845 4092 Ca-

677 4145 842 4242 pitolium
861 4142 1011 4218 viriliter
1028 4141 1239 4216 defenderat
1254 4142 1302 4214 ab
1320 4140 1493 4214 hostibus.
1512 4141 1597 4215 ldeo
1609 4141 1773 4236 juventas
1789 4137 1848 4211 in-

676 4267 777 4342 doles
794 4264 911 4362 potuit
928 4261 1097 4358 decipere
1114 4261 1270 4335 Statium
1288 4260 1580 4336 commendando
1598 4259 1846 4335 Domitianum

666 4383 724 4463 ¹ab
750 4385 801 4460 iis.
816 4387 924 4458 -At
945 4386 1025 4456 mio.
1052 4383 1117 4456 llic
1142 4381 1277 4456 Statius
1302 4381 1472 4454 describit
1502 4401 1542 4456 se
1571 4401 1595 4455 a
1624 4379 1845 4455 nobilissimo

677 4511 782 4600 poeta
808 4525 920 4599 quem
947 4522 1093 4597 semper
1117 4500 1256 4574 studuit
1281 4500 1427 4574 imitari.
1445 4500 1490 4574 Et
1508 4500 1577 4575 ista
1596 4500 1701 4575 litera
1726 4497 1846 4574 ambi-

677 4646 752 4723 gua
782 4627 919 4700 habere
948 4629 1066 4719 potest
1095 4620 1277 4716 duplicem
1309 4620 1552 4714 intellectum3
1584 4640 1714 4713 unum,
1748 4617 1847 4712 quod

678 4744 813 4820 Statius
838 4743 883 4817 sit
908 4742 1024 4816 lactus
1048 4746 1156 4836 poeta
1187 4759 1253 4834 per
1285 4739 1501 4836 Virgilium3
1527 4739 1640 4812 alium
1674 4737 1783 4832 quod*
1803 4736 1850 4810 sit
1920 4820 1923 4824 ,

742 5010 769 5074 (¹)
786 5012 840 5069 11⁷,
858 5007 960 5058 ridetur
975 5005 1047 5056 mihi.
1300 4999 1327 5065 (¹)
1345 5005 1399 5063 ¹¹⁷,
1416 5001 1509 5052 clarus,
