4342 6692
674 866 744 935 178
1008 874 1215 932 munerun
1238 876 1460 931 nuruum

670 1028 783 1112 verta,
802 1020 904 1113 idest,
915 1040 982 1095 ner
1002 1020 1163 1120 resolvet
1179 1020 1214 1093 in
1230 1016 1386 1115 plurius,
1399 1042 1494 1093 cerne
1507 1024 1612 1113 tm
1626 1024 1844 1115 nt'nrquirtu

671 1164 694 1218 n
706 1145 821 1235 perde
839 1144 933 1233 lena,
950 1139 1052 1234 idest,
1071 1140 1167 1215 vires
1184 1140 1311 1235 recipit
1333 1147 1371 1214 et
1388 1140 1522 1215 amittit
1546 1160 1613 1235 per
1638 1142 1844 1217 iucremm-

673 1269 753 1337 tum
784 1268 823 1337 et
851 1262 1141 1337 decrementum.
1173 1262 1219 1335 Et
1252 1261 1314 1335 iric
1346 1268 1433 1335 nota
1464 1262 1562 1355 qnod
1596 1264 1844 1339 communiter

673 1383 824 1457 tiuminn
849 1388 885 1457 et
911 1381 1027 1457 tentes
1051 1387 1237 1477 augentur
1261 1381 1297 1455 in
1323 1380 1455 1476 pluviis
1486 1387 1524 1456 et
1556 1382 1774 1457 minuuntur
1802 1384 1843 1458 ἰ

673 1503 852 1597 siccitate;
878 1502 942 1577 sed
966 1523 1079 1578 cenea
1105 1501 1355 1577 indeficiente
1380 1508 1436 1575 est
1459 1501 1507 1575 ab
1531 1521 1670 1577 oeenne
1695 1502 1758 1596 qui
1789 1510 1843 1578 eet

674 1625 842 1720 proprius
868 1623 970 1697 lucus
995 1642 1191 1715 aquarum.
1218 1623 1294 1697 Hoc
1317 1628 1444 1695 autem
1472 1644 1545 1696 non
1570 1621 1699 1697 accidit
1718 1622 1755 1695 in
1772 1623 1842 1697 tiu-

674 1744 773 1818 mine
806 1745 892 1838 ist03
924 1742 1021 1817 uude
1048 1742 1154 1817 dicit:
1188 1763 1248 1815 ma
1279 1762 1367 1832 erce,
1392 1740 1460 1815 ieta
1493 1762 1601 1835 nque,
1627 1745 1665 1816 di
1691 1746 1843 1837 [numne

672 1868 1062 1958 eumaeumque
1093 1862 1247 1936 scaturit
1261 1854 1297 1954 (¹)
1329 1861 1375 1937 de
1404 1861 1518 1937 sottda
1548 1870 1663 1956 petre,
1694 1884 1769 1939 non
1791 1864 1844 1939 de

673 2004 784 2079 specu
798 2003 1009 2076 cavernosa,
1024 1982 1152 2077 queiee
1170 1982 1404 2077 reperiuntur
1422 1982 1668 2057 communiter
1682 1982 1719 2057 iu
1734 2004 1843 2059 mc·-

673 2104 783 2195 uuus,
808 2104 844 2176 in
862 2104 997 2198 quibus
1014 2102 1106 2177 iiunt
1124 2103 1353 2197 receptacula
1371 2122 1518 2197 magne,
1535 2102 1597 2176 ubi
1618 2110 1673 2177 eet
1694 2105 1843 2177 tnesau-

676 2246 739 2298 rus
764 2231 802 2299 et
821 2223 925 2318 cepiu
943 2244 1127 2317 aquarum
1146 2223 1368 2314 muiternm3
1387 2220 1485 2295 unde
1505 2223 1752 2299 cummuniter
1773 2224 1843 2298 du·

676 2344 775 2417 minu
799 2365 823 2417 u
849 2342 1034 2417 montibus
1057 2342 1241 2416 oriuntur.
1269 2342 1311 2415 tit
1334 2341 1439 2415 dicit:
1458 2344 1530 2432 cte,
1551 2342 1653 2437 idest,
1671 2343 1735 2437 qui
1751 2342 1843 2431 iens,

674 2466 852 2557 neratde,
878 2464 979 2559 idest,
1013 2464 1149 2539 iterum
1180 2462 1285 2557 cepit,
1318 2469 1429 2553 tantu,
1458 2462 1604 2556 scilicet,
1632 2483 1753 2557 aquae,
1781 2466 1846 2538 dat

675 2588 772 2657 noter
797 2586 835 2657 di
859 2588 941 2673 Diu,
967 2583 1068 2676 idest,
1085 2582 1206 2657 divina
1233 2584 1432 2678 vuluntate,
1451 2605 1535 2678 qum
1556 2592 1610 2659 est
1631 2584 1845 2678 profundior

675 2724 815 2779 oceane
842 2724 988 2799 magne,
1014 2706 1226 2794 quam'etta,
1252 2703 1354 2796 idest,
1381 2710 1561 2797 qrrantum
1591 2724 1700 2797 equa,
1726 2724 1844 2795 nerra,

674 2824 777 2917 idest,
793 2822 947 2897 effundit
961 2815 1012 2915 (²),
1038 2827 1236 2915 apertam
1261 2825 1330 2897 duo
1351 2826 1470 2915 purte}
1494 2838 1580 2915 quae
1604 2824 1739 2899 scilicet
1765 2824 1845 2899 effi·

674 2946 722 3021 cit
746 2944 822 3019 duo
847 2944 990 3019 diversa
1016 2944 1181 3037 flumina,
1198 2943 1244 3017 de
1262 2943 1397 3037 quibus
1414 2944 1535 3017 statim
1557 2942 1709 3017 subiicit
1724 2950 1845 3018 —Da

674 3074 803 3157 questu.
831 3064 895 3138 Hic
921 3064 1095 3137 tintinnis
1121 3064 1290 3137 describit
1316 3068 1519 3157 utrumque
1544 3062 1698 3138 flurium
1724 3086 1747 3138 a
1771 3065 1845 3138 vir·

675 3192 755 3260 tute
780 3184 935 3258 mirabili
960 3190 997 3257 et
1024 3183 1172 3259 nemine
1197 3182 1526 3258 cenverteretur
1552 3183 1650 3258 enirn
1677 3183 1752 3259 due
1774 3184 1846 3259 iiu-

675 3307 775 3380 mina
788 3304 950 3400 opposita
964 3304 1099 3377 habent
1116 3303 1279 3377 diverses
1291 3304 1522 3397 operationes
1538 3304 1587 3379 ud
1605 3326 1720 3379 unum
1735 3304 1845 3381 ineu

675 3427 882 3503 tendentes:
909 3445 1007 3519 aqna
1032 3424 1130 3498 enim
1157 3424 1267 3497 tinius
1282 3430 1407 3517 putate
1425 3424 1509 3500 iacit
1527 3425 1687 3501 oblivisci
1705 3428 1845 3501 mnium

675 3545 928 3642 praeteritnm3
953 3544 1069 3618 alteru
1095 3564 1185 3618 vern
1210 3552 1478 3619 commemoret
1505 3546 1643 3619 bonurn
1669 3553 1707 3620 et
1729 3545 1846 3619 viriti-

675 3671 736 3741 cat
761 3666 924 3739 virtutes.
950 3664 1043 3738 Dicit
1067 3684 1178 3759 erge:
1205 3669 1264 3737 Dc
1296 3672 1414 3755 quesn
1439 3672 1558 3756 parte,
1585 3665 1733 3760 scilicet,
1757 3665 1847 3739 sini-

677 3793 763 3879 stra,
790 3786 852 3859 ubi
884 3793 938 3861 est
969 3785 1094 3878 Lethe,
1125 3786 1297 3875 ducende,
1327 3783 1473 3878 scilicet,
1503 3805 1614 3879 equa,
1644 3807 1709 3859 eon
1743 3780 1847 3877 trimi,

677 3906 780 3999 idest,
805 3928 890 3980 curu
918 3912 1018 3979 tantu
1043 3904 1202 3999 potentin
1221 3910 1260 3979 et
1281 3905 1428 3998 virtute,
1448 3908 1509 3979 cite
1525 3909 1628 3998 tonitr
1652 3911 1760 3981 uincti
1775 3928 1847 3981 urr-

676 4030 793 4099 moria
816 4029 872 4100 dei
888 4033 1054 4119 peccato5
1079 4028 1163 4099 duit
1176 4028 1285 4115 aine,
1311 4025 1457 4118 scilicet,
1482 4035 1587 4121 parte
1615 4027 1756 4120 dentre,
1782 4027 1846 4101 uti

677 4154 732 4223 est
757 4148 897 4238 Enn0e‚
921 4149 958 4219 ln
982 4149 1104 4234 rende,
1130 4145 1275 4240 scilicet,
1306 4146 1419 4240 ipsam
1453 4148 1681 4240 memorium,
1715 4151 1751 4222 d'
1764 4150 1849 4241 eunt

677 4268 743 4341 ben
765 4270 865 4359 fatte.
892 4267 936 4339 Et
961 4266 1012 4339 sic
1038 4266 1119 4340 vide
1144 4264 1243 4358 quud
1269 4265 1343 4341 duo
1368 4273 1453 4340 sunt
1478 4268 1683 4343 necessaria
1710 4268 1847 4343 homini

679 4386 838 4461 tendenti
876 4385 923 4459 ad
962 4385 1189 4460 felicitatem:
1226 4384 1347 4479 primo
1381 4385 1514 4461 oblivio
1549 4388 1647 4481 maii,
1672 4386 1722 4461 ite
1745 4388 1846 4481 qued

678 4506 835 4600 amptius
862 4526 934 4579 nnn
961 4506 1082 4579 veniat
1112 4505 1147 4579 in
1180 4512 1340 4579 mentem
1371 4505 1454 4579 eius
1485 4526 1655 4600 peccare3
1686 4508 1848 4583 secunde

680 4624 856 4699 memorie
883 4624 980 4716 boni,
1005 4645 1090 4720 qnae
1116 4644 1188 4699 nen
1215 4624 1401 4719 permittat
1429 4625 1549 4719 ipsum
1576 4626 1738 4721 emptius
1760 4648 1849 4722 nec·

678 4766 775 4821 care.
802 4745 845 4817 Et
870 4745 1034 4818 nominat
1059 4745 1134 4839 ipsu
1160 4744 1323 4837 flumine,
1341 4743 1484 4818 diceus:
1507 4750 1634 4836 qutun,
1656 4748 1846 4840 sciiieet,a

740 5004 768 5066 (¹)
785 5004 816 5053 E.
832 5005 980 5055 scaturitur.
1227 5006 1256 5069 (¹)
1272 5006 1304 5057 E.
1319 5006 1470 5058 effunditur,
