4342 6692
712 888 853 945 muros
876 884 1101 943 uniamus
1421 878 1491 943 W

320 1055 431 1111 uuam
458 1035 771 1132 comparationem
798 1032 936 1109 claram
954 1042 992 1109 et
1012 1034 1211 1130 propriam,
1230 1034 1376 1109 diceus:
1394 1035 1492 1129 quod

318 1157 368 1232 ita
392 1158 515 1254 angeli
540 1156 662 1231 subito
686 1162 934 1231 surrexerunt
957 1152 1005 1229 de
1029 1154 1113 1251 biga
1140 1156 1187 1229 ad
1212 1161 1361 1229 cantum
1388 1156 1492 1231 Selo-

319 1277 451 1371 monis,
475 1278 569 1352 sicut
594 1274 680 1351 boni
706 1282 903 1371 resurgent
920 1274 967 1351 de
986 1276 1177 1371 sepultura
1200 1275 1247 1351 ad
1273 1295 1404 1351 sonum
1425 1296 1493 1351 an-

319 1396 402 1494 geli
430 1397 522 1470 llicit
544 1416 655 1492 ergo:
685 1398 802 1487 cato,
827 1395 974 1489 scilicet,
1000 1394 1133 1491 angeli,
1160 1402 1197 1469 et
1221 1396 1322 1490 ponit
1347 1395 1490 1470 linitum

321 1538 389 1615 pro
413 1517 564 1612 infinito,
597 1519 748 1590 miroslai
769 1523 804 1589 ct
826 1519 1040 1607 messappar
1069 1518 1108 1589 di
1136 1519 1206 1589 vitu
1236 1524 1369 1611 elman,
1406 1516 1494 1612 quia

321 1637 442 1734 angeli
468 1644 554 1710 sunt
580 1636 680 1709 missi
703 1644 731 1711 a
752 1636 830 1711 Deo
854 1635 1072 1710 famulantes
1099 1635 1144 1730 ei,
1173 1639 1336 1729 sihour,
1363 1636 1409 1711 ad
1426 1658 1494 1712 vo—

321 1780 403 1835 cem
429 1758 520 1832 tanti
540 1757 648 1850 senis,
666 1755 813 1850 seilicet,
830 1754 1045 1848 Salomonis,
1063 1756 1150 1848 quia
1171 1754 1238 1829 ibit
1255 1776 1366 1831 senex
1386 1762 1494 1831 aetate

322 1884 361 1953 et
383 1876 572 1972 sapientia,
596 1879 635 1950 in
658 1896 700 1949 su
724 1879 763 1949 tu
786 1877 908 1949 dimna
931 1876 1111 1966 basterna,
1128 1875 1231 1970 idest,
1253 1896 1365 1971 super
1390 1877 1493 1951 illum

321 2002 491 2071 sanctum
505 1990 542 2089 (¹)
555 2016 709 2070 currum
737 1995 900 2071 eeclesiae
917 1994 993 2069 llei.
1007 1994 1070 2071 Est
1085 1994 1184 2069 euim
1203 1982 1373 2071 basterna
1393 1996 1496 2071 vehi·

321 2118 450 2191 culum
483 2115 631 2209 itineris,
658 2115 710 2189 sic
738 2114 846 2207 dicta,
872 2114 977 2207 quasi
1006 2120 1187 2208 cesterna,
1215 2114 1301 2209 quia
1335 2114 1495 2191 vestibus

325 2226 541 2326 mollibus(²)
566 2234 754 2328 sternitur,
767 2241 806 2308 et
822 2232 1004 2308 aduobus
1027 2234 1247 2309 animalibus
1273 2236 1442 2331 trahitur,
1456 2236 1494 2309 in

324 2377 400 2451 qua
424 2356 600 2429 mulieres
624 2354 764 2429 nobiles
792 2354 1028 2429 deseruntur:
1055 2361 1094 2429 et
1123 2356 1174 2431 sic
1201 2356 1283 2430 vide
1314 2362 1495 2451 quantum

325 2477 540 2571 metaphora
573 2474 617 2548 sit
649 2474 807 2570 propria,
841 2476 929 2569 quia
967 2476 1035 2550 ista
1072 2475 1158 2572 biga
1191 2474 1337 2550 ducitur
1370 2476 1406 2550 in
1438 2476 1497 2551 via

325 2617 410 2691 quae
426 2587 463 2688 (³)
488 2595 746 2691 peregrinatur
771 2596 807 2669 in
834 2595 901 2670 ista
927 2596 1014 2691 vita,
1039 2605 1077 2671 et
1102 2597 1261 2671 trahitur
1277 2598 1325 2671 ab
1350 2596 1497 2672 animali

326 2717 488 2813 duarum
514 2724 745 2810 naturarum,
763 2722 801 2790 et
825 2723 881 2791 est
899 2716 1146 2811 multipliciter
1162 2716 1351 2811 adornata,
1369 2716 1405 2789 in
1423 2738 1498 2810 qua

326 2835 492 2911 defertur
525 2835 747 2910 nobilissima
778 2836 938 2931 domina,
967 2837 1103 2912 scilicet
1132 2837 1299 2931 Beatrix3
1332 2836 1497 2930 ministri,

326 2958 420 3052 dico,
447 2960 551 3030 cotati
575 2960 671 3048 quoti
692 2960 706 3028 i
729 2958 820 3030 beuti
842 2978 1019 3048 emperors
1044 2966 1178 3051 presto,
1207 2957 1339 3051 subito,
1366 2977 1498 3049 ummo,

328 3076 430 3170 idest,
458 3075 620 3170 quilibet,
644 3078 684 3149 di
706 3096 773 3149 rua
796 3096 965 3171 cavana,
993 3078 1139 3173 scilicet,
1161 3078 1360 3173 sepultura,
1379 3080 1418 3151 ul
1432 3098 1499 3150 no·

329 3200 468 3270 memo
493 3196 625 3287 bando,
649 3195 753 3293 idest,
780 3198 909 3271 ultima
933 3198 993 3273 die
1012 3198 1138 3293 judicii
1168 3198 1315 3293 quando
1344 3198 1499 3294 angelus

328 3316 584 3411 proclamabit:
610 3320 749 3409 surpite
773 3321 914 3403 mortui,
940 3325 1008 3393 etc.
1043 3322 1269 3412 alleluiando,
1290 3319 1391 3413 idest,
1410 3338 1497 3393 curn

326 3437 464 3533 gaudio
489 3436 669 3513 cantando
693 3438 852 3532 alleluia,
874 3438 973 3532 quod
993 3458 1130 3513 nomen
1161 3440 1372 3514 hebraicum
1394 3444 1500 3513 sonat

326 3559 533 3633 secundum
559 3579 671 3632 unam
689 3559 975 3652 expositionem:
993 3562 1135 3632 Saluum
1160 3580 1214 3633 me
1236 3564 1309 3654 sar,
1330 3562 1502 3653 Dominam

329 3679 428 3772 quod
452 3679 547 3754 bene
572 3678 745 3773 competit
769 3679 870 3774 ipsis3
891 3684 930 3754 et
948 3678 1045 3774 dicit,
1072 3682 1109 3753 la
1136 3700 1217 3754 once
1240 3684 1407 3773 avesna,
1429 3680 1498 3756 sci-

328 3799 422 3893 licet,
449 3820 471 3873 a
497 3818 665 3894 corpore,
696 3798 801 3893 quasi
825 3797 932 3893 dicat,
968 3800 1165 3894 resumptis
1181 3788 1218 3893 (⁸)
1244 3802 1392 3897 organis
1417 3822 1502 3877 cor·

329 3920 526 4015 poralihus,
556 3920 606 3993 ita
639 3911 789 4015 quod(⁵)
817 3926 905 3994 tunc
935 3921 1006 3995 erit
1036 3921 1239 4017 perfectior.
1266 3924 1310 3995 Et
1341 3922 1392 3997 sic
1418 3920 1503 3997 vide

331 4047 512 4133 mentum
543 4041 768 4135 comparatio
801 4041 847 4114 sit
877 4041 1025 4136 propria
1050 4062 1096 4115 er
1123 4043 1222 4116 omni
1240 4032 1277 4135 (⁶)
1309 4048 1424 4138 parte,
1455 4042 1502 4117 de

330 4159 446 4234 beatis
470 4159 518 4233 ad
542 4162 704 4255 angelos,
739 4160 786 4235 de
810 4160 981 4236 basterna
1012 4160 1059 4235 ad
1089 4182 1300 4256 cavernam,
1335 4162 1382 4237 de
1412 4182 1502 4237 roce

329 4278 452 4374 angeli
475 4278 522 4353 ad
549 4300 679 4355 vocem
708 4279 922 4355 Salomonis
935 4320 986 4335 -
1002 4284 1100 4354 tutti.
1119 4280 1184 4355 ffic
1201 4287 1308 4377 poeta
1333 4280 1503 4357 describit

330 4397 451 4494 ipsum
465 4405 615 4474 cautum
629 4402 847 4496 angelorum
861 4420 972 4494 super
982 4400 1130 4474 laudem
1140 4402 1269 4498 gryphi
1280 4401 1356 4477 sive
1366 4403 1503 4497 sponsi3

331 4524 369 4593 et
393 4518 478 4593 dicit
494 4520 656 4594 breviter
673 4520 773 4615 quod
788 4520 956 4594 dicebant
973 4520 1061 4593 illud
1076 4520 1175 4614 quod
1191 4520 1328 4594 dictum
1350 4520 1418 4595 luit
1437 4521 1503 4596 sibi

332 4640 371 4714 in
394 4641 454 4715 die
478 4640 691 4715 Palmarum
715 4663 738 4716 a
764 4642 844 4715 tiliis
860 4641 971 4716 lsrael
988 4640 1203 4717 testantibus
1219 4647 1256 4717 et
1274 4642 1505 4717 motantibus

395 4864 424 4929 t¹t
439 4866 470 4918 u
486 4880 504 4916 ο
520 4872 574 4928 nr,
591 4880 702 4919 amm.
874 4870 901 4931 ρ)
918 4870 949 4920 a.
965 4870 1111 4921 wutron.

395 4942 544 5007 nuqua.
874 4946 1129 5011 pausemus.

397 5018 425 5083 ζ’)
442 5023 496 5081 117,
512 5020 583 5085 quod
598 5034 649 5074 vox
665 5027 728 5074 tuno
743 5026 807 5073 erat.
874 5022 901 5085 (⁶)
918 5024 949 5074 lt
963 5036 997 5074 οι
1010 5024 1083 5075 enni
1099 5024 1139 5075 ml
1155 5028 1237 5088 purte,
1253 5024 1351 5075 sdbmt
1366 5024 1398 5075 do
1415 5024 1504 5077 beatis.
