4342 6692
677 888 750 956 262
1038 898 1243 956 conminuit
1267 899 1488 954 nunolnonu

674 1051 821 1142 tempus
846 1045 1059 1140 antichristi,
1084 1065 1155 1120 nec
1179 1044 1299 1120 maior
1328 1043 1396 1118 luit
1425 1064 1604 1139 unquam,
1631 1065 1700 1120 nec
1725 1045 1850 1122 lutura

674 1165 821 1242 ridetur
846 1164 1080 1259 abominatio,
1098 1164 1285 1258 desolatio,
1303 1164 1363 1240 vel
1381 1163 1502 1240 maius
1521 1165 1707 1262 llagellnm
1732 1166 1853 1242 eoele-

673 1285 737 1361 siae
766 1286 852 1381 llei;
879 1285 930 1362 ita
959 1285 1059 1380 quod
1090 1285 1137 1360 de
1166 1285 1409 1360 Machametto
1441 1283 1670 1360 verificatum
1705 1286 1852 1362 videtur

521 1472 524 1478 .
673 1406 774 1501 quod
789 1398 825 1500 (¹)
865 1405 913 1482 de
943 1404 1097 1481 lsmaele
1126 1403 1277 1480 Genesis
1301 1403 1403 1480 llVl:
1430 1409 1499 1478 late
1523 1407 1590 1479 cn'l
1610 1409 1708 1500 snus
1732 1409 1849 1500 maro,

672 1547 801 1601 manus
825 1529 899 1602 dus
923 1534 1049 1601 conca
1073 1545 1206 1620 omues,
1226 1531 1259 1598 ct
1278 1545 1404 1599 munus
1428 1527 1583 1598 amatium
1607 1535 1734 1600 matra
1758 1529 1844 1604 curn.

672 1647 718 1721 Ilt
743 1647 876 1722 merito
902 1646 983 1720 talis
1007 1645 1120 1721 draeo
1146 1651 1257 1719 tantm
1275 1644 1422 1720 malitiae
1439 1649 1476 1720 et
1496 1645 1668 1740 nequitiae
1685 1647 1785 1722 venit
1801 1647 1847 1722 de

672 1766 827 1861 Arabia3
853 1786 940 1841 nam
966 1785 1114 1861 semper
1135 1766 1183 1840 ab
1200 1764 1353 1860 antiquo
1369 1765 1500 1840 arabes
1518 1765 1775 1842 latrocinantes
1791 1767 1847 1843 in-

670 1886 788 1962 sidiati
814 1893 900 1961 sunt
924 1887 1060 1982 populo
1078 1885 1155 1982 Dei,
1172 1893 1217 1961 ut
1233 1905 1330 1982 saepe
1346 1893 1447 1983 patet
1463 1885 1501 1960 in
1521 1906 1627 1962 sacra
1644 1887 1844 1984 scriptura:

671 2014 709 2083 et
734 2028 833 2083 nnuc
858 2007 1004 2084 Beatrir
1031 2027 1119 2082 cum
1145 2005 1220 2082 suis
1244 2006 1448 2082 christianis
1469 2013 1612 2102 poterat
1632 2007 1756 2084 dicere
1772 2011 1847 2084 lla-

670 2128 856 2203 chometto
873 2133 912 2202 et
927 2128 1002 2202 suis
1018 2119 1076 2219 (ἦε
1094 2132 1256 2218 lpaotum
1274 2127 1381 2219 vods,
1399 2127 1548 2220 Arabes,
1565 2129 1703 2202 camus
1719 2133 1758 2203 in
1784 2151 1847 2203 or-

670 2250 756 2324 bem.
782 2251 874 2324 Nota
901 2249 1011 2325 etiam
1035 2247 1303 2343 quodquidam
1322 2247 1429 2343 periti
1445 2268 1512 2344 per
1532 2249 1631 2323 hunc
1647 2249 1845 2325 draconem

670 2371 801 2444 volunt
824 2369 975 2465 intelligi
993 2367 1135 2464 Arium,
1156 2389 1268 2463 quem
1287 2389 1384 2464 saepe
1400 2369 1626 2466 Augustinus
1643 2377 1752 2446 vocat
1768 2391 1846 2446 ser-

672 2497 840 2587 pentem3
866 2489 930 2564 sed
954 2495 1056 2564 certe
1072 2489 1338 2564 llaclromettus
1358 2489 1427 2565 luit
1444 2489 1562 2564 maior
1579 2511 1747 2586 serpens3
1765 2493 1847 2587 qui·

670 2609 756 2686 dam
783 2608 894 2684 etiam
920 2629 987 2704 por
1012 2609 1161 2703 vulpem
1189 2608 1395 2706 intelligunt
1419 2611 1716 2706 llachomcttum,
1744 2613 1842 2706 quod

668 2730 772 2804 nullo
799 2728 908 2804 modo
934 2727 1045 2804 habet
1069 2727 1275 2804 veritatem.
1289 2769 1339 2784 -
1356 2733 1449 2820 ouer.
1474 2729 1539 2806 llic
1563 2738 1670 2826 poeta
1696 2737 1842 2807 ostenso

670 2849 770 2944 quod
795 2849 907 2924 draco
932 2849 1133 2943 asportavit
1160 2869 1287 2924 secum
1314 2849 1351 2924 in
1377 2869 1545 2926 errorem
1563 2871 1736 2948 magnam
1756 2872 1843 2947 par·

668 2976 744 3046 tem
772 2989 918 3062 currus,
939 2989 1037 3043 nnnc
1054 2969 1211 3044 ostendit
1238 2969 1337 3064 quod
1361 2991 1446 3066 pars
1471 2991 1557 3065 quae
1577 2971 1840 3068 remansitlnit

669 3091 786 3164 multa
812 3089 936 3165 vitiata
962 3088 1169 3185 cupiditate,
1190 3091 1290 3166 unde
1310 3091 1510 3166 revertitur
1534 3091 1580 3167 ad
1606 3092 1839 3170 donationem

594 3263 600 3276 ,
667 3210 903 3305 Constantini,
928 3209 1071 3285 dicens:
1102 3213 1188 3298 (tuci
1210 3211 1270 3284 cle
1294 3214 1438 3302 rimosa,
1456 3210 1558 3306 idest,
1576 3211 1635 3287 illa
1653 3234 1738 3308 pars
1755 3234 1843 3290 cur-

666 3352 733 3406 rus
758 3351 844 3426 quae
867 3351 942 3406 non
967 3336 1024 3406 est
1047 3336 1174 3405 secuta
1200 3332 1498 3428 llaclromcttum,
1523 3333 1658 3410 scilicet
1686 3355 1839 3410 romana

668 3450 833 3545 curia,ut
845 3471 937 3546 papa
950 3457 988 3525 et
1000 3441 1354 3546 sarcinarumque
1368 3452 1543 3528 remansit
1562 3453 1599 3526 in
1613 3452 1684 3529 lide
1699 3455 1839 3550 Christi,

664 3573 698 3644 si
721 3573 899 3665 ncopersc
916 3573 1008 3645 dello
1027 3573 1163 3664 poma,
1182 3571 1285 3666 idest,
1303 3571 1398 3647 dicta
1418 3572 1514 3668 dote,
1533 3578 1673 3667 offerta,
1692 3574 1837 3672 scilicet,

665 3712 690 3766 a
710 3690 957 3787 Constantino,
982 3712 1079 3765 cotue
1104 3699 1203 3766 tersa
1227 3695 1359 3784 mcccc,
1375 3713 1460 3787 qnae
1486 3699 1542 3768 est
1566 3693 1613 3769 de
1638 3715 1678 3770 se
1703 3695 1839 3792 fertilis,

666 3813 807 3908 supple,
834 3812 1056 3908 cooperitur,
1082 3814 1120 3886 dt
1143 3815 1349 3905 pantana,
1369 3833 1524 3910 gramen
1550 3813 1648 3888 enim
1674 3815 1721 3890 de
1745 3815 1839 3890 facili

664 3932 850 4029 germinat
883 3938 921 4008 et
952 3931 1163 4008 difficillime
1196 3932 1415 4008 eradicatur.
1450 3933 1495 4006 Et
1527 3938 1582 4008 est
1613 3936 1839 4029 comparatio

664 4053 833 4149 propria:
860 4058 1000 4148 quanto
1024 4053 1124 4128 enim
1151 4059 1251 4128 terra
1269 4060 1325 4129 est
1345 4053 1561 4128 naturaliter
1587 4055 1729 4149 melior,
1750 4074 1837 4130 cnm

666 4174 764 4249 malo
789 4173 930 4249 semitm
954 4174 1013 4248 vel
1037 4194 1113 4247 non
1143 4174 1241 4249 culta
1272 4173 1430 4249 efficitur
1461 4173 1575 4269 peior,
1602 4173 1695 4249 sicut
1727 4197 1838 4271 supra

664 4292 754 4369 dixit
778 4293 855 4388 ipsa
880 4292 1026 4368 Beatrix
1052 4313 1121 4388 pro
1146 4292 1223 4389 ipso
1248 4300 1366 4388 poeta.
1394 4293 1439 4366 Et
1459 4293 1563 4368 dicit:
1587 4298 1685 4389 sorae
1701 4316 1766 4368 coa
1782 4298 1839 4369 to·

664 4418 804 4489 team
827 4435 919 4488 suna
943 4421 977 4488 ct
1000 4413 1442 4508 manumissionum
1467 4413 1629 4490 Silvestri
1654 4414 1722 4490 tuit
1742 4415 1838 4492 bona

664 4535 759 4612 sorte
783 4535 829 4610 ad
854 4535 1102 4610 defensionem
1130 4555 1265 4610 currus
1282 4540 1320 4610 et
1341 4534 1640 4632 reintegrandum
1661 4535 1837 4610 scissuras

534 4738 540 4743 ,
664 4663 840 4751 receptas.
866 4655 1020 4730 lntentio
1046 4655 1156 4730 etiam
1179 4655 1401 4730 Constantini
1427 4653 1495 4730 luit
1519 4662 1632 4750 recta,
1651 4655 1735 4732 licet
1753 4661 1835 4732 ma·

727 4888 755 4950 (¹)
772 4893 827 4945 117.
843 4888 914 4952 qnod
930 4888 1026 4938 dicitur
1041 4888 1073 4939 de
1090 4887 1208 4939 lsmccle.

726 4961 754 5026 (¹)
770 4963 801 5013 E.
817 4964 870 5013 suls
885 4963 950 5014 illud
966 4963 1074 5015 Lucani:
1093 4965 1219 5028 lpnutum.

727 5037 754 5104 (⁸)
770 5039 802 5090 lt.
816 5043 844 5090 et
860 5039 1003 5090 cardinales
1017 5052 1132 5092 remano
1148 5039 1228 5090 cuno
1244 5051 1312 5104 que.
