4342 6692
648 919 789 977 munus
812 919 1027 976 rnremmus
1050 919 1245 977 sncuunus.
1461 907 1532 976 259

359 1073 477 1162 agunt
500 1072 668 1161 patenter
692 1067 786 1142 sicut
810 1067 991 1162 principes
1016 1071 1145 1141 contra
1165 1064 1369 1159 ecclesiam,
1388 1065 1452 1142 sed
1469 1085 1533 1141 oc-

359 1186 469 1281 culte,
495 1189 553 1261 det
575 1191 723 1283 ttmtsut
746 1191 889 1280 noculo,
910 1188 1013 1281 idest,
1039 1206 1175 1262 currus
1201 1185 1386 1260 militantis
1412 1187 1531 1262 eccle·

358 1304 433 1401 sim,
452 1328 537 1401 quae
554 1308 844 1404 triumphaverat
866 1309 945 1405 jam
963 1308 1011 1382 de
1029 1306 1325 1403 imperatoribus,
1342 1309 1404 1380 cte
1415 1327 1533 1400 parca

358 1429 518 1520 utpium
550 1429 654 1525 idest,
689 1429 856 1505 famelica
890 1429 949 1505 vet
981 1449 1110 1523 vacua,
1140 1431 1175 1502 rt
1189 1430 1274 1518 opat
1297 1428 1530 1520 innuptum,

359 1548 462 1645 idest,
476 1551 578 1626 omni
593 1552 690 1627 bona
703 1552 879 1645 doctrina,
894 1549 958 1626 sed
975 1549 1076 1644 omni
1093 1569 1208 1645 pravo
1226 1549 1400 1645 dogmate
1416 1554 1529 1644 pasta.

359 1671 405 1744 lit
429 1671 551 1745 subdit
576 1671 817 1747 resistentiam
844 1690 957 1764 quam
983 1669 1069 1745 iacit
1087 1668 1230 1765 sapiens
1256 1675 1293 1743 et
1319 1675 1446 1763 potens
1466 1668 1534 1743 do·

362 1789 461 1866 mina
481 1799 610 1867 contra
626 1791 776 1887 vulpem
801 1791 848 1866 de
867 1791 956 1887 jure
980 1796 1018 1866 ct
1042 1789 1090 1864 de
1115 1789 1223 1882 iacto,
1248 1789 1390 1864 dicens:
1412 1809 1471 1862 mu
1497 1791 1535 1862 Iu

361 1914 434 1985 nra
457 1915 592 2005 omna,
616 1912 718 2006 idest,
744 1917 869 1986 sancta
895 1910 1088 2006 scriptura,
1115 1909 1220 1984 cuius
1250 1909 1405 2005 imperio
1435 1930 1534 1985 nunc

361 2052 465 2107 cram
491 2033 646 2127 deditus,
670 2034 908 2127 metuendo
940 2034 997 2123 tet,
1026 2030 1162 2106 scilicet
1193 2030 1354 2125 vulpem,
1379 2033 1417 2103 ut
1442 2033 1534 2104 tutctc

359 2153 469 2244 colpe,
495 2152 597 2248 idest,
628 2153 798 2249 turpibus
827 2151 1036 2244 erroribus3
1070 2171 1156 2225 nam
1187 2149 1333 2225 Beatrix
1366 2149 1534 2245 opposuit

360 2269 408 2344 nd
432 2271 680 2348 defensionem
705 2294 813 2348 suam
837 2272 988 2368 angelus
1013 2270 1078 2365 qui
1104 2276 1211 2345 erant
1227 2269 1266 2343 in
1283 2290 1410 2364 curru,
1428 2270 1533 2364 idest,

361 2410 515 2488 magnos
540 2393 708 2469 doctores
733 2399 862 2468 contra
889 2413 1042 2488 magnos
1068 2391 1272 2484 haeretic0s‚
1291 2390 1384 2465 sicut
1403 2392 1534 2488 Augu-

360 2509 496 2584 stinum
526 2519 655 2587 contra
683 2512 873 2607 Faustum,
904 2511 1172 2607 Hieronymum
1209 2516 1338 2585 contra
1373 2509 1534 2585 torinia-

361 2647 466 2723 num,
483 2630 547 2724 qni
564 2640 767 2726 posuerunt
792 2651 965 2708 enormes
981 2651 1144 2724 errores,
1160 2628 1255 2704 sicut
1272 2630 1348 2725 ipse
1373 2630 1534 2706 torinia-

363 2749 508 2842 nus'qui
523 2750 895 2849 votuitvirginitatem
908 2751 1048 2825 nullam
1060 2744 1096 2843 (¹)
1117 2771 1198 2825 esse
1214 2751 1388 2826 virtutem
1408 2757 1477 2826 etc.
1497 2757 1534 2826 et

361 2867 414 2942 ita
429 2888 516 2943 cum
533 2873 762 2967 argumentis
778 2872 874 2967 fidei,
886 2875 924 2946 tu
941 2874 1034 2946 ootse
1049 2874 1088 2944 tu
1105 2877 1203 2944 tuoto
1216 2874 1308 2965 suto,
1323 2871 1410 2964 quia
1428 2872 1535 2968 iuge-

364 2989 412 3062 rit
420 2980 458 3081 Β)
478 3011 501 3065 a
518 2991 610 3066 facie
626 2993 807 3086 ecciesiae3
825 3000 956 3082 quanto
971 2997 1145 3084 suffersoo
1161 2993 1276 3065 t'ossu
1291 3012 1401 3064 senza
1417 2994 1534 3085 potpe,

363 3109 450 3203 quia
475 3112 676 3188 maceravit
702 3115 851 3209 vulpem
881 3119 919 3188 et
948 3110 1114 3207 spoliavit
1145 3109 1327 3206 carnibus,
1355 3111 1402 3184 ita
1435 3111 1534 3205 quod

365 3233 540 3307 remansit
563 3235 640 3308 sota
664 3234 767 3329 peltis
792 3239 946 3310 extensa
968 3252 1080 3327 super
1106 3231 1263 3326 ossibus3
1290 3232 1349 3306 vel
1374 3232 1454 3306 vult
1469 3232 1535 3307 'di-

362 3371 450 3427 cere
475 3352 574 3447 quod
600 3359 858 3428 remanserunt
882 3373 966 3428 ossa
990 3352 1182 3427 combusta
1208 3371 1332 3445 carne,
1359 3339 1446 3445 q'uia
1473 3372 1535 3428 ac-

362 3471 473 3546 ctesia
489 3471 668 3573 incinerat
685 3473 877 3548 hereticos
894 3473 1042 3566 quando
1062 3471 1200 3546 invenit
1217 3491 1281 3546 eos
1298 3476 1535 3548 contumaces

364 3611 412 3666 ne
436 3591 625 3668 effundant
650 3613 835 3669 venenum
861 3593 898 3667 in
928 3593 1019 3668 atius
1048 3592 1230 3668 credulos.
1244 3631 1294 3646 -
1307 3596 1443 3668 Poscto.
1470 3593 1536 3670 Hic

363 3720 472 3808 poeta
498 3713 613 3809 tangit
637 3714 747 3788 aliam
772 3713 1066 3810 persecutionem
1084 3713 1217 3787 iactam
1244 3713 1292 3787 ab
1317 3713 1439 3807 equita
1466 3715 1537 3788 im·

364 3833 500 3929 periali,
518 3833 582 3909 sed
606 3833 792 3910 contrario
818 3835 939 3925 modo,
958 3833 1045 3927 quia
1066 3833 1185 3928 prima
1211 3833 1291 3909 vice
1316 3835 1536 3928 spoliaverat

364 3954 568 4049 ecclesiam,
594 3974 693 4029 nunc
718 3975 809 4030 vero
840 3954 984 4030 vestivit
1016 3975 1100 4029 eam
1134 3954 1272 4028 nudam
1304 3954 1350 4030 de
1375 3955 1524 4057 proprio

364 4075 435 4148 Per
456 4077 525 4150 hoc
543 4075 658 4172 tangit
673 4075 896 4152 dotationem
914 4095 1026 4169 quam
1045 4075 1129 4149 iecit
1146 4075 1403 4150 Constantinus
1421 4097 1535 4171 quam

365 4201 472 4290 poeta
497 4195 599 4291 ponit
623 4216 690 4292 pro
718 4217 853 4292 magna
878 4195 1133 4291 persecutione
1158 4195 1332 4290 ecclesie,
1359 4217 1443 4291 quaa
1467 4218 1535 4294 ge-

364 4317 537 4392 neraliter
562 4316 685 4392 iniecit
709 4317 879 4412 praelatos
894 4315 1047 4392 avaritia
1067 4337 1153 4410 quae
1174 4321 1229 4390 est
1254 4317 1534 4393 tundamentum

363 4436 530 4511 omnium
564 4438 761 4513 matorum.
800 4436 893 4511 Dicit
927 4457 1037 4533 ergo:
1076 4439 1203 4510 Posciu
1234 4439 1306 4512 cidi
1338 4440 1361 4510 t’
1376 4441 1534 4530 aprutio,

363 4577 476 4651 quam
502 4557 758 4631 Constantinus
782 4556 1043 4653 transportavit
1071 4557 1326 4651 intimantem,
1352 4563 1395 4630 ut
1426 4557 1536 4633 cede-

365 4683 421 4752 ret
435 4666 474 4769 (³)
500 4677 636 4771 pastori
660 4676 869 4772 apostolico,
894 4679 1039 4750 wonder
1061 4699 1127 4770 per
1152 4680 1238 4770 tudt,
1262 4676 1365 4771 idest,
1383 4697 1450 4773 per
1472 4699 1535 4753 ar-

363 4799 506 4892 borem,
523 4799 605 4871 ond'
618 4817 682 4870 era
694 4800 780 4890 prta
804 4804 931 4871 ueruto
945 4791 1006 4890 pru
1020 4801 1101 4872 neu
1109 4819 1211 4892 arca,
1232 4798 1336 4895 idest,
1355 4806 1535 4894 ventrem,

426 4984 453 5049 (ί)
470 4985 500 5035 lt
517 4985 663 5036 naturalem
678 4997 734 5036 esso
750 4987 882 5038 virtutum.
1007 4982 1035 5050 (¹)
1052 4985 1083 5038 E.
1100 4986 1160 5050 quta
1176 4985 1302 5050 sugerunt
1317 5000 1332 5036 a
1348 4985 1422 5038 tacte.

427 5062 456 5127 (p
471 5066 525 5123 117,
541 5062 670 5115 munna
