4342 6692
329 1291 494 1361 ondans
517 1290 750 1359 VIGESIMUS
773 1290 992 1373 SEPTIMUS,
1012 1294 1048 1357 in
1069 1312 1130 1375 pao
1152 1298 1271 1359 bactrii
1291 1296 1372 1359 aaut
1393 1298 1500 1361 boote·

405 1403 1501 1488 iemntpermcdiamipmbadsipmmcaiasdomoociscaa·

407 1518 515 1596 aaa,
547 1520 724 1598 etpostea,
752 1534 1008 1598 atreapcreos
1038 1514 1501 1595 totooculoetmorttadiic

407 1627 638 1711 alamaniam
668 1628 850 1695 mendant
878 1626 1011 1705 Duodes,
1043 1632 1074 1693 et
1090 1633 1206 1709 postea
1235 1626 1390 1711 Wrgitt'as
1416 1629 1501 1695 diet

408 1740 489 1805 aaut
503 1759 573 1805 eum
594 1759 628 1805 eo
650 1744 853 1821 conpeteret
867 1738 946 1821 piae
967 1740 1082 1818 venire,
1106 1745 1137 1805 et
1156 1740 1263 1822 assum
1283 1760 1340 1805 sao
1362 1741 1497 1807 orbitat

408 1850 678 1917 recommendavit.

403 2106 490 2273 Sl
518 2220 620 2273 oona
656 2204 798 2291 quondo
833 2204 848 2273 i
879 2203 989 2295 primi
1020 2204 1129 2292 coppi
1157 2200 1268 2273 otbru.
1302 2201 1500 2294 Postquam

331 2328 438 2417 poeta
464 2328 588 2396 noster
612 2342 635 2395 a
660 2342 758 2395 nono
783 2321 941 2416 capitulo
973 2320 1083 2393 buius
1114 2320 1195 2394 libri
1220 2321 1412 2413 bucusque
1436 2320 1501 2395 de-

332 2440 472 2534 scripsit
486 2461 616 2516 verum
634 2441 891 2537 purgatorium
904 2440 1114 2515 distinctum
1129 2438 1166 2513 in
1179 2447 1318 2536 septem
1332 2442 1501 2534 circulus,

332 2562 369 2635 in
382 2562 989 2659 quibuspurganturdiversimode
999 2568 1139 2656 septem
1153 2569 1302 2657 peccata
1314 2562 1501 2657 capitalia;

332 2702 430 2755 nune
454 2703 476 2757 a
501 2682 668 2778 praesenti
690 2682 853 2777 ¹capitulo
878 2702 997 2777 usque
1022 2681 1059 2755 in
1086 2682 1194 2757 linem
1214 2682 1384 2757 describit
1400 2688 1501 2776 post-

331 2802 586 2898 purgatorium
600 2802 637 2875 in
651 2822 725 2897 quo
738 2801 839 2897 ponit
851 2801 1061 2897 paradisum
1077 2801 1353 2895 deliciarum,et
1365 2802 1501 2896 figurat
1524 2847 1554 2905 s

331 2920 520 2996 ecclesiam
547 2922 611 2997 llei
638 2922 863 2997 militantem.
893 2923 937 2995 Et
963 2942 1122 3017 praesens
1146 2921 1345 3017 capitulum
1373 2920 1500 2995 XXVll

330 3040 502 3115 dividitur
517 3035 553 3135 (¹)
576 3042 612 3117 in
635 3049 796 3136 quatuor
821 3049 943 3137 partes
967 3044 1180 3139 generales:
1201 3042 1238 3115 in
1263 3041 1381 3137 prima
1407 3062 1501 3135 qua-

334 3182 419 3233 rum
445 3168 551 3257 poeta
576 3162 746 3237 describit
770 3162 1032 3258 apparitionem
1062 3162 1171 3237 unius
1192 3162 1310 3258 angeli
1329 3163 1393 3256 qui
1410 3182 1501 3257 pur·

332 3285 397 3378 gat
421 3280 540 3376 ipsum
565 3282 613 3356 ab
639 3281 767 3356 ultimo
795 3281 881 3356 vitio
906 3282 1074 3377 luxuriae,
1096 3288 1133 3357 et
1159 3282 1285 3356 invitat
1309 3282 1356 3355 ad
1382 3288 1501 3355 trans-

333 3401 498 3474 eundum
523 3400 570 3473 ad
595 3401 745 3475 bortum
772 3401 985 3498 perignem
1011 3423 1098 3477 cum
1124 3402 1260 3476 auxilio
1286 3402 1434 3499 Virgilii.
1460 3402 1501 3477 ln

332 3519 492 3594 munda
517 3519 686 3596 describit
711 3522 905 3595 transitum
925 3543 1035 3597 suum
1060 3523 1157 3597 ultra
1182 3522 1317 3618 ignem,
1335 3529 1373 3595 et
1392 3543 1500 3597 suam

332 3641 465 3716 bonam
496 3640 766 3736 dispositionem
796 3642 842 3717 ad
871 3643 1073 3738 sequentia,
1106 3643 1174 3717 ibi:
1206 3648 1273 3717 Poi
1305 3647 1429 3717 denuo
1465 3646 1504 3717 ol

329 3764 444 3855 proco.
462 3762 501 3834 ln
520 3762 627 3836 tertia
641 3762 812 3837 describit
831 3785 947 3838 unum
966 3763 1085 3838 nobile
1105 3763 1303 3856 somnium,
1322 3764 1388 3837 ibi:
1408 3769 1502 3836 Poco

328 3888 444 3973 poteo.
471 3883 510 3954 ln
528 3889 660 3975 quarta
678 3889 715 3957 et
733 3882 861 3957 ultima
878 3882 978 3978 ponit
1000 3881 1137 3977 Virgilii
1155 3882 1447 3957 exhortationem
1463 3890 1502 3957 et

332 4002 413 4077 eius
438 4023 638 4096 recessum,
664 4002 733 4077 ibi:
759 4008 793 4077 E
813 3994 888 4095 pit,
907 4024 974 4097 per
998 4006 1023 4075 e
1045 4005 1235 4095 splendori.
1260 4002 1314 4076 Aa
1339 4003 1500 4097 primum

332 4124 413 4199 dico
438 4124 537 4218 quud
561 4130 667 4219 poeta
693 4123 864 4199 describit
889 4124 1074 4220 angelum,
1102 4123 1165 4197 sed
1190 4122 1320 4218 primo,
1347 4129 1389 4195 ut
1414 4142 1501 4218 pro·

333 4244 439 4319 aedat
455 4244 591 4319 clarius
615 4243 661 4319 ad
684 4263 820 4318 novum
840 4248 1049 4336 tractatum,
1061 4242 1239 4317 ‘describit
1257 4243 1387 4315 boram
1404 4249 1502 4317 tem-

334 4364 431 4459 poris
456 4386 522 4460 per
545 4364 815 4461 dispositionem
841 4363 937 4439 solis.
963 4363 1007 4435 Et
1031 4363 1293 4438 sententialiter
1325 4384 1398 4437 uon
1424 4363 1505 4436 vult

333 4487 432 4563 aliud
457 4486 580 4561 dicere
605 4484 671 4560 nisi
693 4484 791 4581 quod
809 4484 845 4557 in
864 4484 1043 4579 superiori
1061 4484 1281 4579 hemisperiu
1298 4484 1408 4559 fiebat
1424 4482 1504 4558 dies

334 4608 373 4681 in
397 4608 538 4682 oriente
562 4607 599 4680 in
625 4605 730 4703 signo
753 4604 887 4697 arietis,
914 4610 951 4678 et
976 4604 1013 4677 in
1037 4603 1199 4678 inferiori
1228 4604 1336 4679 fiebat
1367 4626 1440 4678 nox
1466 4603 1504 4677 in

335 4727 439 4824 signo
455 4726 574 4820 librae3
593 4725 691 4819 quod
708 4725 933 4799 demonstrat
950 4744 1016 4818 per
1034 4726 1115 4818 boe,
1133 4724 1232 4818 quod
1249 4724 1303 4799 sol
1323 4725 1359 4797 in
1376 4724 1504 4817 ariete,

398 4988 426 5053 υ)
441 4988 466 5039 s.
483 4992 568 5051 mini
583 4988 669 5040 nitar.
