4342 6692
670 933 740 1000 roo
1059 946 1263 1002 connurun
1287 949 1454 1002 rnnnnrsr

666 1437 831 1508 OANTUS
854 1437 1072 1522 SEPTIMUS,
1088 1443 1125 1506 in
1138 1461 1199 1524 quo
1218 1442 1394 1508 continete
1414 1442 1632 1510 exterminium
1645 1441 1838 1526 judeum,

987 1552 1042 1618 udi
1062 1559 1182 1620 tractet
1202 1553 1242 1620 de
1262 1560 1361 1621 morte
1383 1553 1513 1622 Omen.

750 1831 949 2000 oenum
965 1935 1106 2001 sanctu
1115 1933 1208 2000 Deru
1220 1929 1383 2002 Sabaon.
1397 1930 1594 2023 Postquam
1613 1928 1650 2002 in
1667 1928 1835 2024 proximo

667 2045 885 2142 praecedenti
911 2045 1070 2141 capitulo
1092 2048 1226 2122 Dentes
1247 2048 1448 2124 introduxit
1463 2049 1623 2123 animem
1646 2047 1835 2122 iustiniani

667 2166 949 2260 persuadentem
970 2167 1033 2262 jus
1052 2174 1089 2242 et
1101 2167 1279 2262 Justitium
1298 2167 1440 2242 romoni
1461 2167 1614 2263 imperii,
1632 2188 1731 2242 nune
1746 2188 1837 2241 con-

667 2291 865 2380 sequenter
897 2286 934 2360 in
970 2288 1038 2360 isto
1065 2287 1126 2361 Vll
1159 2288 1318 2382 capitulo
1352 2293 1550 2382 pertrectat
1584 2307 1696 2361 unam
1731 2306 1837 2380 quae·

667 2405 821 2479 stionem
848 2426 931 2499 quae
963 2408 1081 2480 oritur
1107 2428 1154 2482 ex
1180 2409 1339 2502 quodam
1375 2409 1471 2483 dicto
1500 2409 1667 2502 superius
1695 2408 1834 2503 posito;

667 2531 785 2600 otest
810 2527 980 2620 quaestio:
1008 2528 1193 2622 quomodo
1230 2529 1384 2604 vindicte
1417 2530 1510 2604 lacte
1543 2549 1607 2624 per
1638 2529 1759 2602 Titum
1789 2527 1837 2602 de

666 2653 788 2722 morte
812 2647 941 2722 Christi
969 2649 1085 2743 potuit
1111 2669 1192 2724 esse
1207 2651 1319 2745 justa,
1340 2650 1370 2724 si
1390 2669 1490 2724 mors
1506 2649 1635 2724 Christi
1656 2649 1750 2724 iectu
1767 2649 1837 2720 sub

665 2767 810 2842 liberio
835 2768 903 2841 luit
922 2770 1048 2864 justat
1073 2771 1165 2844 Num
1196 2769 1225 2844 si
1253 2770 1370 2865 judex
1397 2770 1498 2865 juste
1529 2769 1679 2844 damnet
1715 2787 1835 2861 reum,

666 2887 852 2982 quomodo
879 2896 995 2983 potest
1021 2889 1100 2966 fieri
1126 2890 1282 2965 vindicte
1302 2891 1401 2985 justa
1427 2889 1474 2965 de
1499 2894 1586 2964 root
1606 2890 1650 2962 nt
1675 2907 1837 2982 praesens

666 3009 867 3102 capitulum
893 3017 1011 3104 potest
1036 3010 1145 3085 dividi
1170 3011 1290 3085 solum
1315 3011 1353 3084 in
1378 3018 1453 3085 tres
1478 3016 1598 3105 partes
1623 3010 1836 3106 generalem

668 3129 706 3202 in
730 3151 890 3223 querum
917 3131 1035 3225 primu
1060 3138 1170 3206 autor
1201 3137 1399 3226 pertrectat
1422 3130 1555 3206 dictum
1581 3130 1835 3224 questionem.

666 3250 706 3323 ln
731 3250 890 3324 secunde
915 3251 1025 3324 eliam
1047 3271 1132 3344 quae
1158 3251 1319 3325 nascitur
1343 3271 1390 3326 ex
1416 3249 1838 3345 primn,ihi:l1ato.ln

667 3368 772 3442 tertia
794 3377 832 3444 et
849 3369 976 3445 ultime
1001 3369 1110 3444 aliem
1138 3389 1224 3464 quae
1244 3369 1405 3444 nescitur
1424 3389 1471 3444 ex
1489 3368 1659 3462 secunda,
1677 3369 1743 3443 ibi:
1770 3373 1836 3460 Or,

663 3507 729 3580 per
759 3491 923 3580 empierti.
959 3489 1013 3564 Ad
1046 3490 1208 3584 primum
1242 3490 1334 3583 dieo,
1368 3490 1467 3584 quod
1495 3496 1604 3564 autor
1637 3496 1836 3584 pertractet

666 3607 900 3702 principalem
914 3611 1171 3703 quaestionem3
1186 3609 1247 3683 sed
1262 3609 1380 3704 primo
1394 3609 1579 3704 praemittit
1591 3629 1705 3682 unum
1722 3628 1835 3683 exor-

665 3727 779 3822 dium,
806 3728 842 3801 in
868 3750 943 3823 quo
969 3730 1084 3826 tangit
1114 3750 1300 3806 recessum
1331 3730 1532 3824 iustiniani,
1563 3737 1600 3804 et
1627 3728 1834 3823 apparatio-

666 3867 751 3924 nem
777 3848 834 3922 sui
858 3848 906 3923 nd
932 3869 1064 3923 novam
1087 3849 1300 3943 materinm3
1318 3850 1417 3924 unde
1433 3849 1648 3924 continuans
1663 3847 1759 3921 diota
1780 3847 1836 3920 di-

665 3968 789 4043 cendis
813 3968 899 4042 dicit
922 3969 1021 4062 quod
1041 3969 1265 4042 lustiniunus
1281 3968 1441 4044 cantavit
1465 3967 1501 4040 in
1527 3967 1599 4041 dne
1614 3987 1692 4040 suae
1713 3967 1836 4061 longe

666 4089 839 4164 orationis
864 4089 991 4164 laudes
1016 4088 1208 4182 Altissimo,
1234 4095 1271 4163 et
1295 4087 1475 4163 mnundo
1496 4085 1681 4182 disparuit.
1699 4085 1833 4160 Ordine

666 4229 757 4305 ergo
782 4209 833 4282 sio
859 4207 1001 4283 literam
1028 4215 1065 4283 et
1090 4228 1252 4302 expone:
1279 4214 1368 4281 Essa
1392 4214 1572 4297 nomnen,
1592 4205 1694 4300 idest,
1712 4205 1834 4279 anima

666 4327 840 4421 praeclnre
869 4327 1069 4421 iustiniani,
1095 4347 1207 4420 sopra
1231 4331 1268 4400 Io
1292 4331 1378 4420 punt
1399 4330 1527 4420 duppin
1551 4330 1640 4399 tumr
1663 4329 1834 4417 taddeo,

665 4445 768 4540 idest,
794 4445 1042 4542 ingeminatur
1067 4454 1106 4520 et
1130 4448 1348 4542 duplicatur,
1374 4448 1459 4542 quia
1480 4445 1702 4520 iustinianus
1720 4445 1836 4542 fulget

662 4565 795 4661 duplici
821 4566 937 4662 gloria
958 4567 1118 4661 incolo,
1142 4567 1237 4641 sieut
1253 4568 1289 4641 in
1308 4567 1445 4642 mundo
1462 4567 1529 4641 luit
1545 4565 1735 4661 dupliciter
1754 4566 1835 4662 glo·

665 4686 795 4781 riosuS,
827 4685 973 4781 seilicet,
1006 4687 1083 4760 utili
1116 4686 1273 4761 editione
1302 4688 1440 4784 legum,
1466 4692 1503 4761 et
1522 4687 1621 4782 juste
1646 4686 1834 4782 guberna-

665 4805 763 4880 tione
788 4805 929 4900 imperii
958 4807 1117 4902 reparati
1145 4807 1283 4882 viribus
1307 4829 1511 4901 armorum,
1526 4810 1567 4900 su
1588 4809 1663 4880 vieo
1687 4813 1834 4880 enuere

663 4946 689 4997 o
713 4945 780 5015 me,
805 4933 886 5020 post
911 4927 1057 5023 longum
1083 4927 1288 5003 orationem
1308 4949 1427 5022 sunm,
1445 4929 1646 5020 oolpendoei
1661 4929 1736 4999 utto
1751 4934 1833 5001 roto

665 5065 749 5135 rua,
778 5043 886 5140 idest,
918 5047 1100 5122 movendo
1132 5065 1173 5122 se
1206 5048 1428 5123 aduentum
1458 5070 1585 5142 sunm,
1610 5041 1699 5139 cori,
1726 5047 1832 5144 idest,
