4342 6692
684 916 752 985 184
1039 924 1242 980 concursu
1267 925 1486 979 runnaronu

681 1072 783 1145 ibant
808 1090 913 1145 more
937 1071 1184 1167 nympharum
1221 1090 1287 1165 per
1316 1069 1460 1144 diversa
1491 1070 1582 1163 loca,
1609 1068 1668 1143 illa
1699 1068 1747 1143 ah
1777 1090 1853 1143 una

681 1192 769 1289 ripa,
793 1192 862 1266 iste
885 1191 933 1265 ab
956 1191 1038 1286 alia,
1066 1198 1104 1266 et
1137 1192 1186 1265 ita
1212 1212 1278 1285 per
1308 1192 1447 1287 sylvam
1482 1190 1551 1265 sub
1583 1192 1716 1266 umbra
1742 1191 1853 1286 Juxta

679 1332 796 1407 aquas
820 1319 889 1387 etc.
903 1316 1055 1385 -Non
1082 1311 1148 1386 llic
1173 1321 1278 1406 poeta
1305 1310 1476 1387 describit
1497 1311 1663 1387 mirabile
1683 1311 1852 1387 accidens

681 1431 817 1506 lactum
844 1431 903 1525 ibi,
929 1431 1072 1506 dicens:
1099 1435 1179 1505 Non
1204 1452 1293 1505 eran
1326 1439 1423 1505 cento
1455 1440 1514 1507 tro
1537 1435 1552 1505 i
1574 1435 1652 1505 suoi
1670 1436 1771 1526 possi
1794 1456 1814 1507 c
1839 1438 1853 1507 t

681 1556 772 1645 mist,
798 1551 901 1646 quasi
926 1552 1041 1627 dicat:
1068 1573 1141 1627 non
1169 1553 1327 1626 multum
1361 1552 1687 1627 ambulaveramus
1715 1554 1765 1628 ita
1795 1561 1850 1630 ta-

680 1673 761 1765 cite,
787 1672 1193 1765 praeoccupaturos
1212 1673 1289 1767 rivi,
1306 1676 1514 1765 ipuatnaeno
1533 1677 1610 1749 dier
1634 1679 1740 1768 voltu,
1760 1675 1850 1770 quia

681 1793 922 1866 deterrerent
947 1813 987 1867 se
1012 1792 1050 1867 in
1074 1793 1280 1887 oppositum
1305 1794 1541 1889 integraliter,
1557 1816 1625 1887 per
1646 1797 1750 1868 modo
1766 1797 1849 1867 ensa

683 1915 816 1987 levante
840 1915 889 1985 mi
916 1916 1049 2007 rende,
1078 1914 1182 2007 quasi
1209 1914 1315 2009 dicat,
1350 1914 1412 1989 ubi
1442 1916 1562 2010 primo
1588 1915 1684 1989 ibam
1720 1936 1851 1990 versus

680 2032 917 2127 occidentem,
945 2055 1043 2108 nunc
1068 2055 1270 2109 conversus
1287 2057 1369 2109 sum
1386 2028 1422 2128 (¹)
1447 2036 1484 2109 in
1509 2035 1710 2129 orientem3
1729 2043 1766 2111 et
1787 2036 1849 2110 ubi

682 2153 826 2227 ibamus
851 2154 970 2248 primo
995 2154 1040 2229 ad
1066 2156 1290 2230 contrariam
1322 2176 1421 2230 nunc
1458 2156 1505 2231 ad
1534 2156 1744 2232 secundam.
1775 2157 1851 2231 lloc

681 2282 806 2349 autem
832 2274 935 2370 lingit
960 2281 1003 2348 ut
1027 2275 1193 2369 disponat
1218 2276 1339 2352 locurn
1368 2277 1502 2351 militiae
1527 2276 1649 2352 statim
1667 2284 1853 2367 venturae3

683 2416 769 2469 uam
796 2394 953 2469 militans
978 2395 1130 2470 ecclesia
1156 2396 1270 2471 tendit
1294 2418 1425 2472 versus
1446 2396 1638 2492 orientem,
1658 2398 1762 2492 quasi
1784 2418 1851 2472 vo·

683 2516 793 2591 luerit
812 2516 946 2608 dicere,
965 2522 1090 2591 vetera
1117 2517 1363 2593 transiverunt
1389 2525 1426 2593 et
1451 2538 1545 2593 nova
1573 2519 1666 2593 lacta
1692 2524 1788 2593 sunt
1809 2518 1853 2592 Et

682 2636 803 2713 subdit
828 2638 1015 2730 quomodo
1041 2637 1157 2711 lactus
1182 2644 1237 2713 est
1261 2637 1453 2733 dispositus
1478 2646 1515 2713 ct
1539 2646 1700 2715 attentus
1725 2638 1771 2714 ad
1796 2638 1852 2713 ri·

682 2756 843 2833 dendum
869 2762 907 2831 et
918 2747 956 2848 (²)
983 2756 1218 2852 spectandum
1246 2759 1435 2852 sequentia
1460 2759 1602 2833 diceus:
1623 2756 1850 2853 aduncitate

682 2869 754 2951 cosi
777 2883 902 2949 nostru
929 2879 988 2949 oia
1012 2880 1132 2968 molta,
1155 2879 1259 2971 quasi
1277 2880 1383 2971 dicat,
1408 2900 1477 2953 nec
1498 2879 1618 2953 adhuc
1644 2879 1850 2953 leceramus

682 2998 819 3072 multos
831 3018 959 3091 passus
972 3004 1052 3091 post
1067 2999 1333 3073 revolutionem
1349 2999 1494 3092 lautam,
1505 3002 1646 3092 quondo
1659 3003 1694 3073 lo
1705 3004 1849 3090 Bonna,

680 3117 867 3210 blathildis,
884 3125 969 3191 tutto
989 3139 1014 3190 a
1034 3139 1087 3192 me
1102 3121 1134 3191 st
1150 3126 1255 3207 torsa,
1273 3122 1439 3193 dicendo:
1456 3123 1551 3213 fruta
1567 3122 1637 3193 mio
1657 3122 1800 3210 puorda
1817 3126 1851 3193 et

679 3240 826 3328 uscolto,
840 3237 926 3329 quia
943 3238 1080 3313 ridebis
1097 3245 1134 3313 et
1150 3238 1277 3313 audies
1293 3240 1633 3313 mirabiliora-lit
1642 3260 1732 3312 ecco.
1746 3240 1852 3313 Nunc

680 3365 788 3453 poeta
821 3358 942 3452 incipit
970 3358 1179 3434 describere
1213 3359 1404 3435 ecclesiam
1441 3360 1506 3434 liei
1543 3360 1768 3435 militantem.
1799 3359 1852 3434 nd

682 3474 780 3568 quod
806 3482 950 3568 oportet
978 3475 1098 3569 primo
1131 3482 1271 3570 notare,
1303 3476 1403 3570 quod
1436 3476 1595 3573 theologi
1626 3477 1852 3575 distinguunt

681 3594 864 3688 duplicem
890 3595 1094 3689 ecclesiam,
1114 3618 1272 3689 quarum
1299 3597 1457 3692 primam
1484 3596 1666 3692 appellant
1693 3598 1851 3673 militau-

684 3721 771 3808 tem,
797 3736 881 3809 quae
905 3715 943 3789 in
968 3716 1037 3791 boc
1062 3718 1188 3792 seculo
1215 3726 1315 3791 recte
1335 3716 1472 3811 militat,
1491 3725 1529 3792 et
1549 3725 1604 3792 est
1620 3718 1657 3792 iu
1678 3718 1851 3793 continuo

682 3835 885 3909 certamine
901 3843 1029 3910 contra
1047 3843 1221 3911 conantes
1238 3838 1456 3913 subvertere
1473 3858 1575 3930 eam3
1588 3839 1741 3912 alteram
1762 3858 1851 3912 veru

683 3962 815 4029 vocant
839 3955 1126 4051 triumphantem
1154 3975 1237 4050 quae
1262 3956 1299 4029 in
1324 3957 1418 4031 coelo
1447 3958 1593 4031 laetatur
1621 3957 1667 4031 de
1693 3957 1851 4033 victoriis

682 4075 768 4149 suis.
794 4076 899 4150 blodo
925 4082 1030 4172 poeta
1057 4082 1181 4151 noster
1206 4097 1423 4151 accessurus
1453 4077 1489 4150 in
1519 4078 1622 4153 brevi
1652 4078 1698 4153 ad
1724 4078 1852 4153 videu-

681 4196 766 4269 darn
794 4196 985 4271 ecclesiam
1011 4198 1312 4292 triumphantem,
1332 4219 1430 4272 urrnc
1456 4198 1588 4273 merito
1614 4199 1733 4293 primo
1759 4198 1852 4295 ligu-

683 4323 740 4391 rat
765 4316 879 4411 ipsam
913 4318 1147 4393 militantem:
1181 4324 1218 4393 et
1250 4318 1367 4412 primo
1402 4319 1523 4414 incipit
1554 4341 1576 4395 a
1610 4319 1852 4395 luminaribus

682 4436 970 4531 precedentibus
997 4438 1160 4512 militiam
1187 4444 1363 4531 sanctam,
1390 4446 1427 4513 et
1453 4440 1727 4514 ostendentibus
1753 4440 1850 4515 riam

682 4557 854 4629 omnibus
880 4556 1127 4651 venientibus3
1149 4565 1186 4632 et
1210 4558 1307 4651 dicit,
1334 4557 1432 4651 quod
1458 4558 1601 4633 subitus
1627 4560 1797 4655 splendor
1814 4560 1853 4634 in

682 4675 834 4749 modum
862 4676 1016 4773 tulguris
1039 4676 1251 4772 perstrinxit
1275 4677 1392 4753 aciem
1423 4678 1618 4753 oculorum
1645 4680 1734 4755 eius.
1762 4679 1854 4755 uicit

682 4814 790 4891 ergo:
817 4801 862 4869 Et
884 4818 963 4870 ecco
987 4818 1035 4870 un
1060 4800 1184 4888 lustro,
1205 4798 1308 4892 idest,
1330 4799 1455 4873 lumen
1481 4820 1525 4873 ex
1553 4806 1693 4895 septem
1720 4799 1853 4882 carrde·¹

747 5056 774 5119 (¹)
789 5056 820 5107 u.
836 5070 895 5107 sum
910 5058 943 5107 ud
958 5058 1095 5110 orientem.
1315 5059 1342 5121 (Ἴ
1359 5058 1389 5111 Ε.
1406 5064 1433 5111 ct
1447 5063 1643 5125 expectandum.
