4342 6692
652 919 793 974 clusus
818 920 1009 975 vrorsmus
1032 919 1204 975 ocusvus.
1441 907 1507 975 181

338 1086 431 1164 gero
455 1064 625 1162 Virgilius
649 1064 744 1139 libro
769 1064 1049 1161 Georgicorum,
1070 1064 1134 1137 ubi
1164 1063 1373 1139 describens
1403 1084 1511 1161 egre-

337 1186 399 1284 gie
423 1186 529 1260 istam
546 1190 707 1279 tamtam,
733 1184 841 1260 dicit:
867 1186 957 1258 dunc
980 1187 1064 1257 olim
1090 1186 1196 1257 vitam
1222 1190 1352 1258 calmes
1375 1186 1512 1257 colum

339 1310 469 1383 Sabini.
508 1307 554 1379 Et
585 1304 779 1399 concludit,
812 1303 911 1399 quod
943 1304 1024 1379 talis
1053 1311 1109 1379 est
1141 1304 1215 1380 vita
1248 1303 1510 1379 ruricularum.

338 1429 443 1503 Nunc
466 1426 513 1501 ad
542 1424 709 1518 literam;
734 1424 820 1499 dicit
845 1424 1044 1499 llatbildis:
1078 1428 1189 1514 Qucllt
1213 1428 1265 1499 ot’
1278 1428 1513 1499 armamento

333 1555 497 1643 poctaro,
522 1545 625 1639 idest,
652 1544 794 1640 poetice
813 1545 1085 1641 descripserunt
1103 1553 1177 1619 tam
1195 1546 1307 1643 graeci
1325 1567 1439 1639 quam
1458 1544 1512 1619 la·

341 1667 416 1761 tini,
443 1656 532 1740 tetd
556 1668 635 1741 dett
648 1687 729 1759 oro,
760 1665 907 1761 scilicet,
939 1686 1095 1742 auream
1126 1686 1273 1763 semper
1306 1668 1510 1760 florentem,

338 1790 397 1862 e'l
417 1808 481 1861 suo
506 1808 600 1861 esser
628 1790 727 1882 selice
752 1790 851 1880 forse
882 1806 1054 1879 sopuuro,
1087 1786 1192 1881 idest,
1222 1787 1510 1881 somniaverunt,

190 1936 194 1942 ’
341 1916 379 1985 et
409 1908 594 1982 somnium
627 1907 696 1983 luit
730 1927 874 1999 verum,
905 1907 965 1980 vel
997 1910 1146 1999 Quare
1175 1915 1246 1981 esto
1276 1910 1365 1997 mco,
1398 1928 1511 2002 quem

341 2026 482 2102 ostendi
499 2048 579 2102 esse
602 2026 756 2119 felicem,
773 2030 812 2098 iu
828 2031 1009 2117 Parnaso,
1025 2024 1129 2120 idest,
1146 2026 1308 2101 Parnaso
1319 2019 1356 2119 (⁴)
1374 2033 1511 2121 monte,

341 2148 404 2222 ubi
429 2154 548 2243 poetae
571 2146 788 2221 dicebantur
812 2146 1008 2239 somniare,
1036 2151 1077 2218 ut
1102 2146 1187 2221 dicit
1207 2147 1365 2221 Persius.
1387 2148 1431 2221 Et
1447 2168 1511 2221 su·

341 2266 548 2363 perextollit
572 2266 780 2341 felicitatem
806 2267 915 2340 buius
941 2266 1115 2359 viridarii,
1134 2266 1274 2342 diceus:
1297 2271 1367 2360 qui,
1386 2268 1422 2340 in
1443 2268 1511 2342 isto

341 2386 521 2483 paradiso,
544 2391 586 2481 fil
609 2390 789 2460 mecenio
813 2390 974 2459 fumoso
999 2388 1133 2477 rods‘ce,
1160 2386 1306 2481 scilicet,
1332 2387 1447 2462 Adam
1476 2394 1512 2462 ct

340 2507 427 2600 Eva,
446 2507 509 2581 sed
529 2506 655 2603 paucis
672 2508 792 2601 boris3
812 2513 849 2581 et
867 2513 908 2579 ut
924 2506 1011 2581 dicit
1027 2508 1223 2602 Iosephus:
1244 2507 1510 2603 simplicitatem

341 2648 414 2722 qua
440 2628 611 2701 vivebant
635 2627 803 2702 homines
818 2626 906 2701 Cain
922 2627 1044 2702 statim
1065 2626 1243 2722 pervertit
1262 2628 1309 2702 ad
1335 2628 1512 2703 malitiam

341 2755 379 2823 et
403 2747 569 2842 rapinam
595 2754 665 2823 etc
691 2748 736 2821 Et
759 2746 861 2821 dicit:
888 2750 948 2839 qui
960 2750 1170 2840 primavcru
1188 2768 1336 2840 compre,
1359 2750 1404 2823 cd
1423 2752 1508 2839 opat

338 2871 471 2961 frastim
491 2867 561 2940 boc
582 2873 706 2941 tamen
730 2873 787 2941 est
811 2865 1031 2962 impossibile
1047 2887 1114 2962 per
1136 2872 1308 2941 naturam
1325 2868 1361 2941 in
1384 2876 1511 2943 nostro

343 2986 493 3080 mundo,
518 2986 594 3061 imo
619 2986 650 3059 si
674 2992 769 3061 esset
793 3006 939 3081 semper
965 3006 1031 3062 ver
1056 2986 1220 3082 perirent
1245 2988 1405 3083 lrnctus3
1430 2988 1513 3063 ideo

342 3112 460 3202 poetae
484 3106 673 3181 moraliter
697 3105 911 3200 loquuntur,
930 3113 972 3179 ut
987 3106 1126 3181 dictum
1144 3114 1218 3202 est3
1243 3129 1262 3181 e
1288 3116 1417 3201 quesm,
1441 3108 1512 3182 sci·

342 3226 436 3320 licet,
462 3226 574 3319 rivus,
600 3221 635 3299 d
649 3232 782 3299 armore
811 3228 850 3300 di
877 3228 938 3299 cltc
967 3229 1107 3300 dascusa
1136 3229 1223 3320 dice,
1257 3226 1344 3321 qula
1373 3228 1511 3322 dicunt,

342 3347 441 3442 quod
465 3368 564 3442 aqua
588 3352 670 3421 erat
694 3353 783 3421 tunc
807 3345 949 3421 dulcior
975 3353 1135 3422 nectare.
1169 3348 1302 3423 Nectar
1331 3348 1430 3422 enim
1457 3355 1513 3424 est

343 3467 439 3541 idem
464 3466 562 3562 quod
589 3467 763 3561 mulsum,
784 3466 887 3559 idest,
910 3466 1036 3539 vinum
1061 3466 1250 3541 conditum
1273 3468 1512 3562 aromatibus

341 3585 388 3661 de
413 3606 488 3680 quo
513 3587 717 3679 loquuntur
738 3604 869 3661 omnes
886 3575 1022 3681 poctae3
1042 3585 1140 3662 unde
1156 3586 1325 3661 Ovidius:
1349 3592 1513 3663 Flumina
1665 3628 1667 3631 ·

333 3708 417 3798 jum
441 3710 552 3799 luctas,
571 3708 655 3798 fam
672 3710 819 3800 pondua
841 3709 994 3781 metaris
1017 3706 1124 3781 coos.
1144 3707 1188 3781 Et
1204 3708 1388 3784 concludit
1404 3716 1512 3804 poeta

343 3826 514 3903 ellectum
541 3827 636 3902 illius
661 3826 757 3921 dicti,
783 3826 925 3901 dicens:
943 3830 985 3899 10
1010 3830 1059 3899 mi
1082 3830 1205 3901 modin
1219 3830 1370 3901 indicito
1395 3832 1514 3903 alteru

342 3956 427 4025 tutto
450 3952 488 4023 oi
511 3951 591 4022 mci
611 3951 716 4041 poeti,
742 3947 845 4039 idest,
869 3946 915 4021 ad
942 3946 1134 4043 Virgilium
1161 3955 1199 4022 et
1223 3948 1393 4043 Statium,
1420 3970 1513 4044 quos

344 4090 411 4164 pro
437 4068 528 4143 meis
552 4067 756 4163 specialiter
781 4086 927 4160 semper
953 4066 1076 4159 habui,
1104 4067 1208 4161 quasi
1238 4067 1361 4143 diceus
1387 4068 1511 4143 tacite:

344 4187 440 4262 istud
464 4186 580 4283 tangit
605 4207 670 4262 vos
689 4186 859 4281 antiquos
876 4192 1022 4280 poetas;
1039 4208 1060 4259 e
1075 4189 1148 4259 cidi
1162 4188 1223 4259 cire
1239 4208 1305 4260 ocu
1320 4191 1408 4279 nso,
1426 4188 1513 4282 quia

344 4307 479 4403 placuit
503 4307 555 4382 eis
580 4329 693 4383 sonus
716 4308 931 4400 verborum,
956 4309 1052 4381 udilo
1080 4327 1218 4381 uveoou
1249 4311 1403 4383 tultim
1428 4330 1513 4381 oon·

342 4436 480 4519 suado,
515 4428 665 4521 scilicet
694 4426 932 4502 corollarium
966 4426 1206 4522 praedictum3
1241 4435 1279 4503 et
1312 4428 1419 4503 dicit:
1451 4434 1515 4521 poi

343 4554 418 4625 atto
446 4550 536 4626 betta
564 4552 685 4622 ἀοηηα
718 4551 837 4623 tornai
867 4551 895 4621 it
927 4549 1015 4638 os’so,
1047 4548 1194 4643 scilicet,
1225 4549 1272 4623 ad
1304 4549 1513 4642 Mathildim,

344 4692 427 4766 quae
453 4676 604 4745 cantare
627 4670 738 4764 coepit
762 4669 857 4743 sicut
881 4668 916 4741 in
942 4669 1111 4762 sequenti
1137 4676 1246 4744 cantu
1273 4670 1472 4765 apparebit.

406 4873 434 4937 (¹)
452 4878 506 4934 11⁷,
524 4872 656 4923 studentes
670 4874 697 4923 ln
713 4872 835 4921 Parnaso.
