4342 6692
788 904 929 958 caurus
954 904 1098 959 sarnus.
1456 891 1527 960 433

358 1065 431 1120 uon
456 1044 583 1120 habuit
608 1065 735 1142 parem
762 1046 799 1120 in
824 1047 996 1142 potentia.
1017 1046 1136 1144 Scipio
1160 1046 1288 1122 habuit
1312 1047 1528 1143 gloriosissi·

357 1185 459 1240 mum
486 1165 714 1261 triumphum
740 1166 787 1242 de
815 1165 1015 1242 Hannibale
1044 1177 1082 1244 et
1112 1166 1344 1264 Carthagine,
1375 1167 1422 1241 de
1453 1188 1528 1263 quo

350 1285 429 1382 jam
456 1284 593 1361 dictum
621 1293 676 1362 est
700 1285 797 1380 alibi,
815 1291 852 1362 et
870 1287 917 1362 de
933 1285 1076 1384 maguis
1094 1285 1263 1362 laudibus
1280 1287 1361 1362 eius
1385 1287 1528 1362 dicetur

357 1405 517 1482 interiori
534 1407 704 1503 capitulo.
722 1408 777 1481 Ad
794 1407 1037 1502 cognitionem
1059 1407 1221 1503 Pompeii
1239 1414 1385 1503 oportet
1404 1407 1526 1503 aliqua

356 1528 581 1624 premittere
605 1527 777 1604 breviter.
797 1528 859 1601 Est
876 1527 988 1626 igitur
1005 1528 1194 1603 sciendum
1213 1528 1311 1623 quod
1332 1528 1528 1623 Pompeius

350 1648 576 1745 juvenculus
600 1646 727 1722 decem
753 1653 838 1722 octo
866 1669 1049 1724 annorum
1080 1648 1239 1744 suscepit
1251 1641 1289 1742 (¹)
1321 1647 1525 1724 exereitum

356 1768 479 1864 patris,
498 1768 566 1842 luit
585 1767 764 1864 syllanus,
789 1773 827 1843 et
852 1768 1005 1862 ltaliam,
1022 1766 1193 1862 Siciliam,
1211 1767 1381 1862 Africam,
1399 1766 1527 1862 Hispa-

356 1889 455 1965 niam
481 1889 632 1964 diversis
657 1889 761 1964 bellis
786 1887 955 1964 liberavit
977 1890 1024 1964 de
1050 1889 1221 1964 manibus
1240 1889 1378 1964 ducum
1396 1887 1527 1962 llario-

356 2032 503 2086 norum.
529 2009 594 2084 flio
623 2009 818 2105 Pompeius
843 2016 918 2083 tres
943 2009 1148 2104 triumphos
1177 2009 1356 2084 notabiles
1380 2006 1525 2082 habuit:

355 2129 517 2227 primum
536 2130 582 2205 de
602 2129 732 2224 Africa,
751 2150 863 2224 quam
883 2136 997 2204 totam
1017 2130 1185 2205 liberarit
1201 2130 1248 2205 de
1265 2129 1434 2205 manibus
1451 2129 1527 2203 lla-

356 2250 547 2326 riauorum
572 2249 715 2324 devicto
731 2249 881 2326 domino
895 2241 932 2342 (²)
952 2249 1126 2344 Mariano,
1144 2255 1182 2324 et
1207 2249 1345 2324 ieritha
1363 2269 1429 2324 rer
1449 2249 1527 2321 Nu-

356 2370 475 2445 midiae
500 2370 644 2445 fautore
672 2369 792 2464 llarii;
818 2378 857 2446 et
886 2377 974 2444 tunc
1006 2369 1127 2467 primo
1159 2368 1439 2466 cognominatus
1472 2375 1528 2443 est

355 2511 523 2587 maguus.
551 2488 762 2564 Secundum
790 2490 1017 2585 triumphum
1045 2489 1174 2564 habuit
1197 2490 1243 2564 de
1264 2488 1389 2583 piratis
1405 2487 1452 2562 de
1468 2487 1528 2562 Ci-

354 2609 435 2685 licia
450 2600 488 2702 (³)
506 2609 569 2704 qui
589 2629 722 2706 magna
737 2609 970 2684 multitudine
983 2609 1061 2685 lere
1073 2629 1160 2684 oum
1183 2609 1281 2683 mille
1300 2607 1455 2682 navibus
1471 2608 1528 2680 in-

354 2728 534 2804 festabant
550 2729 674 2804 omnia
691 2729 821 2824 maria,
839 2730 887 2804 ita
906 2730 1007 2825 quod
1024 2735 1207 2805 venerunt
1229 2749 1345 2824 usque
1362 2727 1526 2802 Hostiam

355 2855 392 2924 et
416 2856 594 2946 oeperunt
618 2850 770 2925 classem
799 2871 989 2924 romanam
1009 2870 1096 2925 oum
1114 2850 1264 2926 consule
1280 2870 1367 2924 cum
1389 2870 1526 2946 magno

353 2970 497 3066 pudore
523 2989 775 3045 romanorum.
803 2970 998 3066 Pompeius
1026 2979 1152 3046 autem
1185 2992 1252 3066 per
1284 2971 1419 3044 multos
1446 2990 1526 3044 ma·

354 3109 447 3186 gnos
471 3088 584 3164 duoes
609 3090 748 3186 legatos
772 3109 871 3184 suos,
896 3089 1032 3166 scilieet
1056 3091 1244 3184 Catonem,
1266 3089 1471 3164 Varronem
1489 3096 1527 3164 et

257 3241 260 3248 ⁴
353 3209 444 3285 alios
461 3209 653 3308 occupavit
665 3209 790 3284 lauces
807 3209 974 3283 omnium
990 3209 1147 3284 marium
1159 3234 1169 3303 ;
1183 3216 1220 3284 et
1233 3209 1432 3284 incredibili
1450 3207 1526 3282 vir·

355 3335 434 3405 tute
459 3336 496 3404 et
520 3328 706 3404 eeleritate
730 3328 816 3403 istos
843 3328 928 3404 vicit
953 3329 989 3403 in
1007 3329 1127 3405 Cilicia
1144 3318 1200 3423 (⁸);
1219 3335 1256 3404 et
1275 3329 1354 3403 sine
1379 3328 1526 3420 damno,

352 3449 432 3525 sine
457 3448 635 3546 sanguine
659 3447 783 3523 omnia
809 3447 926 3522 maria
953 3448 1106 3523 reddidit
1135 3469 1266 3524 secura
1292 3448 1407 3543 spatio
1433 3467 1527 3542 qua·

353 3569 521 3665 draginta
546 3567 703 3661 dierum,
729 3575 766 3643 et
791 3587 837 3644 ex
863 3567 988 3663 piratis
1005 3568 1090 3643 iecit
1106 3568 1289 3644 civitatem
1308 3567 1472 3644 Laudem
1489 3567 1527 3642 in

353 3688 581 3764 Lombardia.
608 3687 772 3764 Tertium
792 3687 1021 3782 triumphum
1039 3687 1145 3762 duxit
1160 3688 1463 3785 gloriosissimum
1480 3688 1528 3763 de

353 3808 558 3884 llithridate
570 3809 727 3904 Tigrane
739 3813 776 3882 et
790 3807 913 3880 multis
930 3807 1137 3882 nationibus
1154 3807 1304 3882 orientis
1316 3814 1354 3882 et
1366 3814 1527 3903 septem-

354 3929 492 4004 trionis.
517 3927 740 4003 Mithridates
764 3947 927 4023 namque
952 3927 1223 4022 potentissimus
1241 3949 1306 4002 rex
1325 3928 1429 4002 Ponti
1446 3927 1527 4002 bel-

354 4049 433 4123 lum
459 4047 570 4144 gessit
596 4067 681 4122 cum
704 4046 866 4121 romanis
882 4066 949 4141 per
966 4047 1207 4145 quadraginta
1222 4068 1350 4141 annos,
1369 4048 1431 4141 qui
1450 4067 1525 4122 una

354 4169 414 4244 die
438 4169 536 4244 ultra
561 4168 789 4264 septuaginta
817 4167 928 4243 millia
954 4188 1195 4243 romanorum
1220 4169 1397 4244 trucidari
1423 4170 1524 4263 lecit3

353 4288 392 4363 iu
422 4288 506 4364 Asia
536 4289 670 4363 multas
702 4287 906 4383 provincias
939 4289 1151 4384 occupavit3
1176 4288 1373 4384 aliquando
1408 4291 1526 4366 victus

355 4409 490 4484 virtute
507 4408 660 4502 Luculli,
678 4407 846 4482 felicitate
859 4406 978 4504 Syllae,
991 4408 1139 4483 taudem
1157 4409 1358 4485 debellatus
1374 4431 1397 4484 a
1414 4412 1526 4486 Pom-

353 4528 436 4624 peio
462 4529 499 4602 iu
530 4527 659 4603 ultima
687 4528 940 4623 desperatione
973 4548 1117 4603 veneno
1150 4537 1189 4604 et
1222 4529 1321 4604 terro
1353 4529 1521 4625 spiritum

353 4649 502 4744 expulit.
521 4646 717 4745 Pompeius
735 4649 850 4723 mulla
867 4648 937 4723 alia
956 4669 1069 4746 regua
1086 4649 1179 4746 cepit
1197 4650 1234 4723 in
1250 4649 1411 4745 oriente3
1426 4651 1525 4726 unde

356 4768 481 4844 retulit
505 4767 543 4841 in
567 4772 697 4843 senatu
729 4787 770 4842 se
800 4761 928 4842 uicisse
953 4767 1078 4865 viginti
1103 4769 1197 4843 duos
1222 4789 1329 4866 reges
1355 4768 1522 4845 orientis:

415 4955 443 5019 (¹)
460 4955 490 5006 a.
506 4967 522 5006 a
538 4959 562 5016 ι,
578 4961 697 5020 mooepto
713 4933 829 5006 exereitu
845 4955 933 5018 petrin
1086 4955 1115 5017 (l)
1131 4955 1162 5006 li.
1179 4969 1195 5006 e
1211 4961 1235 5017 t,
1252 4955 1367 5007 llomltlo
1382 4955 1510 5008 llarimo.

417 5031 444 5096 Γ)
460 5031 492 5084 ll.
508 5032 541 5082 de
555 5030 650 5083 (inilia.
1087 5030 1117 5093 (⁸)
1132 5031 1162 5082 B.
1178 5032 1205 5083 ln
1220 5031 1316 5084 cirillo.
1406 5063 1413 5074 -

488 5138 528 5183 nr.
949 5193 952 5200 ¹
1016 5135 1020 5144 ·
1364 5139 1393 5182 rs
