4342 6692
766 936 904 991 caurus
930 937 1074 991 saurus.
1433 925 1503 991 lati

333 1082 539 1175 crrusutum,
562 1083 627 1176 qui
651 1082 698 1157 de
723 1082 799 1177 ipso
824 1082 1024 1179 gloriosum
1053 1082 1279 1177 triumphum
1306 1081 1506 1156 duxerunt.

331 1203 412 1292 Quo
438 1210 606 1298 tompore
633 1203 793 1278 maxima
821 1203 1022 1278 constantia
1047 1209 1084 1278 et
1110 1203 1351 1298 temperantia
1378 1225 1506 1279 roma-

332 1343 468 1398 norum
487 1324 667 1419 apparuit,
682 1323 769 1417 quia
786 1323 951 1418 Pyrrhus
969 1344 1042 1397 non
1058 1324 1178 1397 solum
1198 1345 1271 1398 non
1288 1325 1406 1418 potuit
1424 1325 1506 1398 rin-

327 1463 420 1519 ·cere
445 1443 651 1518 Fabricium
676 1465 781 1537 auro,
806 1442 869 1518 sod
891 1444 1032 1518 nullum
1060 1443 1098 1518 in
1122 1445 1258 1540 populo
1280 1446 1397 1540 potuit
1422 1466 1506 1520 cor·

336 1586 510 1662 rumpere
543 1565 656 1641 donis.
689 1565 843 1639 Duravit
880 1564 975 1638 istud
1010 1565 1147 1640 bellurn
1185 1573 1346 1659 quatuor
1379 1567 1505 1659 annis;

334 1688 480 1763 tandem
500 1707 565 1762 rex
583 1685 806 1760 clarissimus
824 1685 1009 1759 maximus
1027 1687 1101 1759 dux
1121 1687 1206 1761 belli
1224 1687 1345 1762 amisit
1364 1687 1503 1761 ltaliam

334 1814 371 1883 et
396 1807 565 1900 Siciliam,
587 1814 623 1881 et
650 1805 685 1879 in
712 1805 852 1880 Graecia
874 1805 1094 1882 Thessaliam
1119 1818 1157 1883 et
1185 1806 1444 1900 Macedoniam,
1467 1813 1506 1882 et

333 1929 451 2004 victus
464 1950 486 2002 a
499 1927 757 2002 lacedemoniis
771 1927 858 2000 dum
873 1935 1102 2022 oppugnaret
1116 1928 1299 2003 civitatem
1319 1930 1501 2023 Argorum

332 2050 480 2124 incaute
506 2055 687 2122 mactatus
712 2054 768 2121 est
792 2067 882 2120 saxo
910 2068 1021 2121 manu
1047 2047 1219 2142 soeminae,
1238 2049 1449 2150 exemplum
1466 2039 1502 2138 (¹)

331 2169 411 2244 aliis
435 2174 616 2261 quantum
638 2168 750 2241 homo
768 2169 878 2262 possit
897 2165 1009 2241 fidere
1026 2169 1218 2262 prosperis.
1237 2169 1342 2240 Nunc
1359 2166 1405 2241 ad
1423 2166 1504 2241 lite·

334 2309 434 2382 ram3
459 2288 544 2362 dicit
569 2287 792 2361 Justinianus
825 2286 950 2362 Danti:
978 2291 1041 2360 sm·
1069 2290 1148 2378 puel
1177 2290 1236 2359 cre
1263 2290 1323 2381 se’,
1356 2286 1503 2377 scilicet,

330 2409 419 2482 illud
445 2409 590 2503 signum
617 2406 761 2500 aquilae,
782 2414 927 2498 portato
952 2411 1050 2498 dupli
1074 2411 1193 2499 cprcpi
1216 2410 1371 2497 romoni,
1401 2405 1502 2499 idest,

325 2530 378 2604 ab
398 2528 599 2603 illustribus
625 2526 779 2601 ducibus
797 2547 1050 2622 romanorum,
1063 2532 1222 2603 incontro
1239 2550 1264 2601 u
1280 2535 1437 2617 Brenno,
1456 2526 1503 2600 de

331 2651 400 2724 isto
426 2649 626 2723 Policratus
658 2648 741 2722 lacit
773 2670 925 2744 magnas
958 2649 1097 2743 laudes,
1123 2658 1160 2724 et
1193 2650 1278 2724 dicit
1309 2649 1409 2743 quod
1435 2647 1503 2722 luit

332 2770 568 2863 britannicus,
582 2773 744 2844 incontra
757 2791 780 2841 u
794 2773 917 2861 Pirro,
930 2771 976 2845 de
993 2770 1061 2844 isto
1076 2771 1259 2845 mirabiles
1272 2771 1398 2844 laudes
1416 2769 1500 2842 lacit

332 2891 505 2984 lustinus,
523 2891 609 2982 quia
628 2889 696 2962 luit
712 2889 952 2984 peritissimus
969 2889 1134 2964 omnium
1154 2891 1190 2963 in
1207 2890 1373 2964 ducendo
1390 2909 1501 2963 exer-

331 3011 458 3103 citum,
476 3011 511 3083 in
530 3010 731 3085 ordinando
748 3010 877 3104 aciem,
898 3010 935 3083 in
957 3009 1123 3106 eligendo
1149 3031 1335 3106 campum,
1356 3010 1394 3083 in
1411 3030 1501 3084 cou-

329 3131 484 3206 woiliando
509 3129 652 3204 animos
677 3131 881 3204 hominum.
899 3131 944 3204 Et
959 3130 1045 3224 quia
1069 3153 1140 3206 non
1166 3138 1284 3227 potest
1310 3110 1500 3206 nominare

330 3271 459 3327 omnes
485 3251 542 3325 vel
568 3250 715 3344 multoS,
732 3250 835 3324 dicit:
855 3254 1016 3325 incontro
1034 3255 1108 3342 apo
1123 3255 1208 3325 ulti
1220 3256 1373 3345 prinnpi
1388 3275 1407 3325 c
1424 3254 1500 3326 cot·

330 3375 409 3464 topi,
434 3371 538 3464 idest,
558 3371 672 3445 duces
697 3377 733 3445 et
758 3372 1050 3464 communitates,
1068 3372 1163 3446 sicut
1179 3380 1307 3446 contra
1324 3373 1498 3446 samnites

330 3493 397 3566 luit
425 3497 610 3586 portatum
637 3511 660 3564 a
687 3491 822 3584 multis,
854 3498 891 3566 et
922 3492 1107 3587 praecipue
1134 3514 1157 3566 a
1189 3492 1334 3566 duobus
1366 3491 1498 3586 Papirii

328 3611 551 3686 cursoribus.
578 3612 726 3685 Nullum
754 3611 850 3686 enim
879 3612 1015 3687 bellum
1041 3612 1109 3686 luit
1133 3612 1226 3687 intra
1255 3613 1391 3686 ltaliam
1418 3612 1501 3685 diu-

326 3732 474 3806 turnius
492 3739 530 3806 et
546 3732 751 3824 crudelius3
770 3752 855 3805 nam
876 3732 1023 3806 duravit
1049 3733 1127 3807 tere
1149 3733 1416 3829 quinquaginta
1432 3753 1499 3806 an-

327 3852 395 3945 nis,
423 3860 460 3926 et
484 3852 658 3925 samnites
684 3842 853 3942 sexiest²l
880 3858 1060 3946 ruperunt
1082 3853 1211 3945 surdus,
1226 3859 1263 3926 et
1284 3852 1424 3924 romani
1445 3851 1499 3923 vi-

328 3971 417 4069 ginti
445 3979 605 4064 quatuor
627 3965 834 4066 'triumphos
858 3973 1068 4044 habuerunt
1093 3991 1139 4045 ex
1166 3961 1406 4046 eis—oncle.
1434 3969 1498 4044 llic

324 4091 552 4166 iustinianus
585 4091 765 4186 praedictis
794 4091 1024 4166 subannectit
1055 4093 1195 4186 aliquot
1224 4094 1419 4186 praeclaras
1443 4091 1498 4166 ia·

324 4212 447 4286 miliae
472 4232 557 4305 quae
580 4213 651 4286 sub
676 4213 780 4308 signo
805 4213 938 4306 aquilae
954 4213 1230 4306 acquisiverunt
1250 4235 1421 4310 magnam
1445 4214 1493 4287 sa·

323 4353 440 4406 mam.
468 4335 510 4406 lit
537 4335 655 4428 primo
680 4334 725 4406 ad
752 4333 995 4429 cognitionem
1014 4334 1285 4426 Torquatorum
1306 4342 1361 4408 est
1378 4335 1499 4409 scieu-

323 4453 415 4526 dum
447 4455 558 4548 quod,
588 4456 682 4528 sicut
714 4462 831 4548 potest
864 4455 984 4550 colligi
1017 4475 1061 4528 ex
1095 4455 1195 4527 livio
1226 4455 1320 4528 libro
1351 4455 1408 4548 Vl,
1441 4455 1499 4528 llll

322 4579 364 4648 et
387 4573 474 4666 lllll,
500 4575 632 4647 domus
658 4575 787 4648 Manlia
813 4574 881 4647 suit
914 4574 1000 4647 olim
1031 4575 1161 4649 nobilis
1191 4583 1228 4650 et
1262 4575 1432 4650 terribilis
1460 4577 1498 4648 in

323 4694 429 4768 urire.
457 4693 501 4767 Et
526 4693 644 4787 primo
670 4696 813 4768 Marcus
838 4695 988 4768 Manlius
1014 4695 1070 4768 vir
1091 4697 1366 4770 strenuissimus
1391 4697 1499 4792 Capi·

325 4815 453 4888 mltum
481 4814 647 4889 liberavit
670 4837 694 4890 a
719 4816 823 4912 gallis
850 4823 1016 4911 tempore
1040 4816 1167 4911 noetis,
1191 4818 1238 4891 de
1269 4839 1344 4911 quo
1370 4825 1497 4913 postea

389 5072 417 5135 (¹)
434 5078 448 5122 t
464 5087 479 5123 e
495 5073 525 5124 Ε.
542 5075 689 5136 exemplum
707 5075 824 5139 proberis
839 5075 904 5126 aliis.
1093 5077 1121 5140 Ρ)
1136 5079 1167 5129 Ε.
1183 5080 1284 5143 septies.
