4342 6692
645 897 784 954 caurus
808 900 999 955 meminus
1024 900 1203 967 ausurus.
1460 890 1507 958 89

191 1051 196 1069 '
338 1040 650 1136 comparationem
677 1042 936 1118 nobilissimam
962 1044 1104 1119 dicens:
1126 1047 1185 1117 ebe
1197 1049 1234 1140 se
1250 1050 1357 1121 senar
1374 1052 1509 1122 t’orez-

337 1180 398 1251 ια,
431 1160 535 1256 idest,
567 1160 763 1270 umbram:
785 1166 819 1238 d'
831 1165 1021 1238 ambrosio.
1060 1165 1123 1237 list
1160 1171 1286 1240 autem
1324 1166 1508 1242 ambrosia

338 1281 454 1357 herba
479 1302 553 1376 qua
583 1281 755 1357 dicuntur
783 1284 882 1379 pasci
914 1285 999 1380 equi
1029 1285 1166 1361 solares
1182 1278 1218 1379 (¹)
1249 1307 1272 1361 a
1306 1287 1431 1382 poetis.
1464 1288 1509 1361 Et

337 1408 424 1477 nota
450 1403 562 1498 quod,
587 1402 681 1477 siout
705 1403 794 1503 dicit¹
815 1404 962 1498 PliniuS,
979 1404 1172 1481 Ambrosia
1194 1406 1429 1483 denominata
1454 1414 1509 1482 est

335 1522 530 1598 ¹Artemisia
556 1523 604 1598 ab
631 1544 748 1599 uxore
764 1526 934 1600 Manseoli
950 1518 986 1619 (²)
1007 1526 1115 1623 regis
1135 1526 1330 1601 fructicosa
1354 1528 1401 1602 ad
1426 1549 1509 1603 mo-

337 1640 428 1715 dum
445 1642 636 1739 absynthii,
654 1664 740 1718 oum
759 1644 850 1719 loliis
869 1646 1068 1721 maioribus
1085 1652 1123 1721 et
1140 1646 1404 1743 pinguioribus,
1423 1668 1508 1742 quae

337 1764 500 1839 nascitur
520 1765 557 1839 in
573 1764 819 1860 Cappadocia3
838 1766 936 1842 unde
956 1766 1052 1861 dicit,
1072 1768 1171 1861 quod
1195 1767 1381 1843 ambrosia
1397 1789 1507 1843 coro-

337 1891 472 1959 nantur
490 1885 730 1981 cappadoces:
751 1887 797 1962 de
814 1888 883 1963 bac
908 1888 992 1963 dicit
1011 1888 1259 1984 Dyascorides,
1278 1890 1376 1985 quod
1397 1890 1513 1965 babet

336 2006 472 2080 multas
498 2006 619 2104 virgas
644 2009 771 2105 longas
797 2009 926 2104 palmis
950 2009 1078 2103 tribua,
1096 2014 1135 2083 et
1158 2009 1243 2083 lolia
1260 2010 1298 2083 in
1318 2008 1418 2084 initio
1437 2010 1507 2083 mi-

335 2133 428 2202 nuta
452 2128 583 2203 similia
613 2134 726 2223 rutae3
758 2136 796 2204 et
824 2129 938 2226 rirgae
971 2136 1055 2203 sunt
1085 2131 1203 2225 plenae
1233 2131 1373 2205 semine
1403 2130 1506 2225 quasi

336 2248 459 2342 acinis,
485 2250 637 2323 odorem
664 2249 738 2323 vini
764 2249 884 2345 babet,
902 2270 986 2344 quae
1007 2270 1081 2324 uon
1107 2250 1274 2344 florescit,
1296 2251 1400 2324 radix
1426 2252 1507 2326 eius

336 2368 476 2442 subtilis
501 2374 538 2444 et
563 2369 672 2465 longa
704 2369 849 2443 duobus
878 2370 1018 2465 palmis,
1049 2369 1161 2444 latine
1189 2368 1394 2465 appellatur
1424 2370 1508 2444 mil-

337 2487 511 2584 lelolium,
538 2495 576 2563 et
601 2495 656 2563 est
681 2488 796 2563 calida
822 2495 859 2564 et
884 2490 979 2563 sicea
1005 2489 1098 2563 siout
1115 2490 1256 2563 ambra.
1273 2489 1318 2562 Et
1337 2488 1432 2563 diota
1451 2495 1508 2564 est

335 2607 533 2702 ambrosia,
560 2609 663 2702 quasi
689 2609 861 2685 aurosia:
887 2609 1030 2683 aurosis
1047 2609 1146 2683 enim
1163 2630 1285 2705 graece
1304 2608 1437 2683 dicitur
1453 2608 1506 2682 oi·

336 2729 407 2804 bus
432 2730 491 2803 vel
518 2748 620 2822 esea,
647 2728 728 2803 ideo
760 2730 845 2824 equi
877 2730 961 2804 solis
990 2729 1181 2826 linguntur
1209 2729 1307 2826 pasci
1336 2750 1391 2804 ea.
1417 2728 1506 2815 Quis

335 2870 435 2924 nuno
453 2870 527 2923 non
544 2848 665 2923 videat
681 2858 861 2944 quantum
880 2849 1076 2923 similitudo
1094 2849 1140 2922 sit
1157 2849 1320 2944 propria3
1334 2848 1421 2943 quia
1437 2868 1505 2922 an-

336 2968 442 3065 gelus
467 2990 565 3043 nuuc
591 2969 798 3045 ventilando
819 2968 985 3064 propinat
1009 2970 1197 3043 coelestem
1222 2989 1344 3043 escam
1370 2966 1503 3060 autori,

335 3108 410 3181 qua
436 3095 649 3184 pasceretur
678 3090 783 3165 aliter
814 3112 926 3184 quam
958 3088 1014 3162 isti
1045 3088 1164 3186 gulosi
1193 3089 1307 3164 odore
1339 3088 1437 3183 pomi
1467 3094 1504 3163 et
1603 3112 1608 3125 ¹

333 3226 454 3301 aquae,
480 3230 554 3302 quo
578 3208 629 3283 ita
654 3210 867 3283 cruciantur
892 3230 1031 3283 amare.
1052 3210 1097 3282 Et
1121 3208 1241 3283 subdit
1266 3213 1373 3303 poeta
1398 3209 1503 3282 clau-

334 3326 423 3401 dens
440 3328 661 3423 capitulum:
679 3351 698 3402 e
716 3332 812 3401 senti
825 3331 915 3419 due,
932 3327 1035 3402 illum
1052 3329 1238 3425 angelum,
1255 3328 1357 3419 beati,
1375 3327 1503 3423 supple

332 3453 418 3522 sunt
438 3446 500 3542 illi,
517 3452 573 3521 oui
587 3452 732 3544 odom,
752 3449 854 3543 idest,
873 3469 966 3542 quos
983 3448 1174 3542 illuminat,
1193 3454 1289 3521 tanto
1308 3451 1347 3521 dt
1360 3450 1504 3539 orario,

333 3573 370 3643 et
394 3588 485 3643 vere
508 3568 616 3662 beati,
638 3569 723 3663 quia
744 3569 863 3663 pauci,
881 3570 940 3640 clue
959 3572 1091 3641 tamor
1107 3571 1292 3659 detonsio,
1312 3566 1415 3660 idest,
1435 3588 1504 3661 ap-

332 3688 467 3783 petitus
491 3688 620 3763 edendi
647 3696 683 3762 et
708 3688 962 3782 libonotum
992 3692 1106 3782 sumo,
1131 3688 1234 3781 idest,
1261 3708 1335 3761 non
1360 3688 1502 3781 emittit,

333 3815 458 3900 troppo
474 3809 577 3899 duir,
589 3806 692 3901 idest,
706 3808 991 3882 immoderatum
1008 3808 1242 3901 desiderium,
1255 3810 1313 3881 net
1323 3814 1415 3899 peno
1432 3810 1503 3898 lor,

333 3927 392 4002 oui
406 3928 566 4003 vicinum
579 3935 636 4003 est
647 3934 787 4025 guttur,
796 3931 992 4021 esuriendo,
1006 3928 1108 4022 idest,
1122 3927 1360 4003 desiderando
1377 3929 1500 4023 edere,

332 4068 467 4141 serupre
492 4057 622 4142 quanto
639 4045 795 4141 e‘piorto.
814 4049 946 4123 Tantas
971 4048 1068 4123 euim
1096 4069 1197 4124 escas
1216 4069 1366 4124 sumere
1390 4048 1503 4123 debe·

333 4188 418 4242 mus
452 4170 585 4263 quibus
610 4190 684 4243 non
710 4175 886 4243 oneretur
919 4190 1063 4264 corpus,
1091 4188 1159 4243 nee
1190 4167 1337 4242 libertas
1370 4167 1503 4241 animae

332 4295 598 4385 pregravatur,
624 4296 667 4363 ut
699 4288 749 4363 ait
775 4288 1029 4385 Hieronymus,
1056 4288 1119 4381 qui
1144 4287 1280 4381 optime
1305 4286 1342 4360 iu
1367 4287 1502 4362 sebon

330 4410 517 4503 probavit:
543 4410 607 4485 sed
633 4416 670 4485 et
695 4410 775 4505 plus
801 4409 969 4505 fugienda
996 4415 1050 4483 est
1075 4408 1233 4483 ebrietas
1258 4429 1371 4502 quam
1397 4428 1501 4502 esea,

332 4550 419 4603 nam
450 4537 583 4605 natura
613 4528 711 4603 dedit
751 4528 798 4603 ad
836 4536 963 4623 potum
1001 4527 1287 4603 saluberrimum
1317 4528 1501 4622 liquorem

331 4670 451 4744 aquae,
478 4670 552 4744 quo
577 4655 711 4723 caetera
737 4646 906 4722 animalia
933 4653 1100 4742 utuntur,
1122 4654 1166 4720 ut
1189 4647 1275 4723 dicit
1292 4646 1439 4721 Plinius.
1457 4647 1502 4719 Et

331 4770 436 4863 Loth,
448 4770 512 4863 qui
530 4776 698 4845 evaserat
716 4770 819 4863 liber,
833 4788 880 4843 ex
902 4768 1077 4843 ebrietate
1095 4768 1235 4842 corruit
1250 4766 1287 4840 in
1307 4767 1496 4841 incestum.

394 4942 422 5004 (¹)
439 4946 494 5007 tlt,
511 4943 571 4994 solit
587 4956 602 4993 ι
617 4943 708 5006 poetis.
957 4940 984 5004 (³)
1000 4942 1031 4992 E.
1047 4941 1182 4994 Mauaeott,
