4342 6692
675 914 815 970 CANTUS
838 914 1029 970 tlemus
1052 915 1183 970 NONUS.
1444 907 1512 973 201

342 1061 563 1157 temporalis,
589 1060 721 1136 deinde
745 1062 945 1157 'spiritualis
974 1061 1209 1135 animarum:
1236 1082 1305 1139 nec
1330 1063 1387 1137 isti
1419 1064 1514 1139 bene

342 1180 478 1277 dicunt,
504 1182 591 1277 quia
615 1182 734 1257 Lucas
752 1183 832 1278 jam
853 1190 1071 1257 numeratus
1088 1189 1144 1258 est
1161 1184 1256 1257 inter
1273 1185 1515 1281 evangelistas

342 1305 437 1379 inter
462 1303 556 1399 quos
581 1310 662 1378 erat
686 1325 839 1397 currus;
861 1303 925 1377 sed
945 1304 1034 1377 milri
1060 1303 1205 1379 videtur
1231 1305 1331 1399 quod
1357 1304 1415 1379 isti
1439 1304 1515 1379 duo

343 1429 429 1498 sunt
439 1417 476 1516 (¹)
493 1422 568 1498 duo
585 1423 765 1519 principes
779 1424 1043 1519 apostolorum,
1058 1424 1204 1518 scilicet,
1218 1424 1350 1499 Petrus
1366 1429 1403 1498 et
1418 1424 1515 1497 Pau·

343 1544 421 1617 lus:
452 1563 613 1638 quorum
645 1544 802 1618 Paulum
833 1543 969 1640 figurat
999 1564 1085 1617 cum
1116 1564 1215 1638 ense,
1245 1545 1331 1639 quia
1358 1544 1515 1618 rimatur

343 1664 523 1758 protunda
557 1663 836 1759 scripturarum,
863 1664 922 1739 rel
948 1663 1034 1757 quia
1060 1664 1232 1739 vulnerat
1257 1669 1294 1739 et
1319 1664 1404 1739 ierit
1420 1685 1515 1760 pun-

343 1784 475 1880 gendo,
502 1784 734 1879 increpando,
756 1782 967 1858 mordendo.
994 1784 1146 1857 Petrum
1165 1804 1256 1858 vere
1277 1788 1514 1879 representet

344 1905 382 1979 in
406 1904 532 1981 habitu
559 1904 701 1995 medici,
720 1903 805 1998 quia
827 1903 954 1979 habuit
973 1924 1107 1978 sanare
1127 1904 1282 1979 vulnera
1303 1904 1513 1979 animarum

343 2025 518 2099 solvendo
543 2031 580 2099 et
604 2023 807 2121 parcend03
833 2031 872 2099 et
896 2024 1015 2119 primo
1038 2024 1182 2098 curavit
1199 2044 1239 2099 se
1259 2024 1390 2118 ipsum.
1409 2026 1514 2099 Nunc

343 2142 390 2217 ad
414 2144 558 2217 literam
584 2151 691 2239 poeta
716 2143 887 2219 describit
907 2144 993 2218 istos
1018 2142 1112 2217 duos
1138 2144 1258 2237 quoad
1286 2144 1451 2219 habitum
1477 2149 1515 2219 et

342 2270 481 2358 actum,
506 2264 647 2339 dicens:
672 2270 849 2357 Appresso
873 2270 957 2337 tutto
980 2267 1008 2337 it
1032 2270 1246 2357 percuttere
1277 2267 1387 2355 nodo,
1413 2262 1514 2356 idest,

343 2390 423 2479 post
446 2405 594 2480 passum
620 2384 816 2477 difficilem,
842 2403 954 2478 quem
981 2389 1081 2457 tanta
1107 2390 1187 2459 arte
1210 2384 1410 2479 descripsit,
1425 2452 1428 2459 ,
1443 2386 1515 2459 vidi

342 2506 413 2579 duo
432 2507 546 2578 ccccli
562 2507 600 2577 in
617 2507 709 2578 adito
730 2495 880 2597 dr‘spdri,
898 2504 1000 2599 idest,
1016 2503 1219 2598 dissimiles,
1241 2504 1327 2599 quia
1354 2525 1451 2579 unus
1476 2503 1513 2577 in

345 2625 471 2700 habitu
496 2625 640 2718 medici,
656 2626 749 2700 alter
776 2624 934 2718 militari,
952 2646 1011 2697 ma
1022 2626 1110 2717 pari
1132 2627 1170 2699 in
1190 2631 1275 2719 atto,
1296 2624 1383 2720 quia
1400 2624 1511 2699 ambo

285 2745 289 2751 ’
345 2745 509 2841 apostoli,
526 2746 642 2819 nuntii
659 2744 803 2839 Christi,
820 2744 961 2841 pugiles
981 2743 1078 2835 fidei,
1100 2744 1163 2838 qui
1188 2744 1235 2818 ad
1262 2766 1379 2819 unum
1400 2743 1512 2819 finem

346 2867 613 2958 militaverunt3
632 2866 713 2941 ideo
728 2863 945 2941 benedicit:
963 2871 997 2937 et
1010 2871 1167 2937 onestato
1184 2885 1202 2936 e
1217 2867 1318 2955 sedo,
1332 2863 1419 2958 quia
1433 2884 1513 2939 rna·

344 2993 430 3060 turo
459 2993 497 3061 et
527 2986 709 3082 gravi-
727 2988 836 3059 L’un.
869 2986 934 3059 llic
966 2992 1074 3079 poeta
1104 2983 1276 3058 describit
1309 2983 1513 3079 specialiter

343 3113 546 3200 utrumque
570 3107 717 3199 horum,
743 3103 885 3179 dicens:
912 3107 1023 3195 L’un,
1046 3103 1193 3197 scilicet,
1220 3104 1411 3197 Petrusei
1435 3124 1512 3177 me-

341 3236 465 3301 strava
498 3230 602 3299 dcun
633 3228 687 3299 de'
705 3228 915 3320 semipliari,
950 3224 1050 3318 idest,
1086 3224 1326 3316 medicorum,
1360 3226 1398 3297 di
1436 3226 1514 3315 quel

340 3368 476 3421 comino
487 3351 685 3439 lppoeate,
699 3344 762 3439 qui
780 3344 847 3419 luit
863 3343 1064 3438 antiquitus
1082 3343 1323 3438 peritissimus
1337 3343 1511 3437 medicus,

343 3473 383 3541 ut
407 3466 545 3541 dictum
571 3472 627 3540 est
651 3463 785 3539 lnlerni
810 3464 969 3559 capitulo
992 3463 1048 3558 Vl,
1073 3466 1147 3555 cite,
1173 3464 1276 3557 idest,
1298 3484 1422 3558 quem,
1443 3482 1512 3535 rra-

341 3595 423 3661 tura
444 3591 517 3681 [ecc
539 3588 614 3678 apli
641 3588 801 3675 animali,
830 3583 934 3677 idest,
965 3583 1185 3677 hominibus,
1215 3586 1267 3656 cl'
1280 3585 1348 3657 ella
1378 3584 1424 3655 lta
1449 3576 1512 3675 piri

341 3711 439 3801 cmi,-
470 3706 574 3800 quasi
603 3705 718 3780 dicat:
754 3711 888 3778 natura
916 3703 1073 3799 providit
1105 3704 1214 3777 saluti
1247 3702 1440 3778 hominum
1465 3700 1512 3777 de

276 3836 283 3842 '
340 3828 478 3904 auxilio
511 3827 750 3919 medicorum,
786 3830 935 3919 propter
968 3844 1081 3918 quem
1118 3824 1241 3899 omnia
1276 3823 1371 3897 iacta
1404 3829 1510 3915 sunt3

342 3952 478 4039 ῑαΙενο,
495 3946 641 4039 scilicet,
658 3946 805 4039 Paulus,
822 3952 1003 4017 mostrava
1027 3948 1065 4018 la
1086 3946 1270 4018 contraria
1287 3964 1389 4034 cura,
1406 3942 1510 4036 idest,

341 4074 461 4144 artem
478 4066 700 4141 contrariam
719 4063 872 4158 medico,
890 4084 957 4137 con
977 4086 1051 4137 msa
1075 4066 1189 4157 spada
1210 4066 1326 4137 lucida
1346 4070 1379 4137 et
1393 4068 1510 4155 acuta,

342 4208 455 4283 quam
480 4187 575 4261 bene
600 4185 767 4259 exercuit
792 4184 828 4258 in
852 4184 1017 4259 claritate
1043 4184 1137 4278 fidei,
1159 4187 1209 4257 tal
1227 4187 1286 4257 cle
1305 4186 1343 4257 di
1363 4184 1514 4275 quadril

340 4312 398 4382 n'o
427 4310 476 4380 mi
501 4312 538 4401 se
560 4327 696 4399 paura,
725 4304 872 4400 scilicet,
901 4305 993 4381 citra
1021 4306 1224 4398 letheum,
1255 4305 1342 4399 quia
1373 4304 1512 4402 rigidus

340 4427 532 4503 videbatur
561 4446 629 4521 pro
657 4424 867 4501 defensione
902 4445 1056 4518 currus3
1082 4425 1181 4499 unde
1217 4423 1377 4499 Paradisi
1413 4424 1512 4519 capi-

341 4548 418 4621 tulo
443 4546 570 4619 llllllll
595 4545 739 4619 Beatrir
767 4545 921 4639 loquens
946 4545 992 4619 de
1017 4544 1133 4619 Paulo
1161 4543 1246 4619 dicit
1275 4544 1321 4620 ad
1346 4544 1511 4637 Petrum,

344 4661 411 4741 dite
430 4669 514 4739 mise
529 4674 602 4739 leco
619 4672 734 4741 ltoma
749 4668 808 4739 net
821 4666 913 4738 duos
926 4668 1000 4758 lile.
1010 4706 1060 4719 -
1072 4667 1149 4739 Poi.
1167 4666 1234 4739 llic
1250 4672 1357 4760 poeta
1374 4665 1513 4740 descri-

341 4787 393 4861 bit
417 4787 579 4862 breviter
603 4793 765 4880 quatuor
788 4785 957 4861 doctores
981 4786 1019 4859 in
1045 4786 1171 4860 habitu
1202 4784 1343 4879 humili,
1368 4784 1510 4861 dicens:

404 5043 432 5106 (³)
447 5042 479 5094 ll.
495 5046 556 5093 sunt
570 5042 708 5106 principes.
