4342 6692
683 915 756 990 tot
897 913 901 922 '
1075 931 1282 994 conmuni
1305 935 1472 993 namursi

681 1083 871 1179 guelphis3
898 1078 980 1157 ideo
1003 1082 1107 1158 dicit:
1133 1087 1301 1177 oo’nuelfl
1323 1087 1414 1175 runi,
1438 1103 1499 1157 mo
1522 1092 1613 1159 terno
1639 1090 1734 1179 dealt
1760 1093 1856 1163 utt-

680 1205 743 1294 nll,
774 1202 884 1297 ipsius
917 1202 1050 1297 aquilae
1083 1203 1195 1298 tortis,
1227 1207 1317 1278 ct'c
1349 1207 1514 1296 muyffior
1544 1208 1629 1297 don,
1660 1227 1773 1302 quam
1806 1207 1855 1285 ait

681 1323 757 1420 ipse
774 1323 937 1417 Carolus,
956 1323 1020 1417 qui
1045 1343 1116 1398 suo
1140 1327 1309 1421 tempore
1331 1325 1400 1399 luit
1419 1333 1548 1422 potens
1562 1335 1603 1402 et
1620 1327 1852 1420 ormtoator,

681 1451 816 1518 domm
846 1445 881 1516 lo
911 1447 1011 1534 vello,
1044 1444 1148 1538 idest,
1174 1446 1308 1540 lanam,
1340 1445 1418 1521 sive
1450 1445 1578 1542 pilum,
1606 1446 1712 1542 quasi
1742 1447 1852 1540 dicat,

680 1562 890 1659 denudavit,
916 1571 953 1640 el
983 1564 1139 1660 privavit
1170 1565 1328 1640 maiores
1358 1585 1477 1662 reges,
1508 1566 1602 1641 sicut
1629 1567 1851 1663 Iugurtham

681 1697 792 1779 quem
820 1685 955 1758 Marius
980 1684 1216 1779 praeclpitavit
1244 1684 1292 1760 de
1319 1704 1411 1760 arcu
1443 1684 1665 1780 triumphali,
1689 1693 1728 1759 et
1757 1685 1854 1759 siem

681 1805 830 1880 Persem
858 1825 984 1900 regem
1012 1804 1242 1898 Macedoniae,
1260 1823 1373 1898 quem
1398 1805 1535 1879 Paulus
1553 1800 1721 1878 AEmilius
1744 1803 1852 1878 duxit

680 1931 766 2000 ante
791 1946 944 1999 currum
972 1925 1244 2020 triumphalem,
1270 1932 1308 1999 et
1339 1932 1508 1998 mortuus
1536 1931 1592 1999 nst
1616 1924 1651 1997 in
1676 1943 1850 2016 carcere3

681 2045 791 2122 etita
817 2045 863 2119 de
890 2045 1013 2119 multis
1040 2045 1234 2120 nominatis
1258 2067 1370 2140 supra
1401 2053 1439 2121 et
1468 2066 1542 2120 non
1572 2045 1777 2120 nominatis.
1808 2045 1853 2118 Bt

680 2164 841 2261 assignat
865 2185 1029 2256 causam,
1054 2165 1198 2239 dicens:
1224 2168 1326 2239 mode
1347 2168 1431 2258 liuto
1458 2157 1520 2256 nol
1544 2169 1691 2259 clamer
1714 2168 1741 2239 li
1761 2168 1851 2258 finti,

682 2284 784 2376 idest,
810 2284 960 2358 luerunt
985 2305 1146 2379 poenam,
1166 2305 1236 2377 per
1260 2289 1297 2359 la
1321 2289 1423 2378 ootpu
1448 2288 1506 2359 dcl
1528 2287 1657 2378 poda,
1687 2292 1726 2360 et
1749 2289 1853 2358 certe

681 2405 750 2479 iste
774 2412 879 2499 pater
903 2405 1121 2478 victoriosus
1146 2405 1183 2478 in
1209 2404 1281 2480 tine
1298 2406 1425 2480 habuit
1446 2425 1597 2504 magnas
1615 2392 1852 2498 infelicitates,

681 2525 767 2620 quia
791 2545 947 2621 regnum
966 2523 1095 2598 Siciliae
1112 2526 1276 2620 perdidit,
1302 2532 1340 2601 et
1363 2526 1457 2600 tilius
1477 2527 1558 2601 eius
1573 2534 1700 2622 eaptus
1719 2532 1788 2618 est,
1809 2529 1852 2598 ut

680 2645 824 2720 dicetur
850 2646 884 2718 in
911 2645 1070 2740 capitulo
1087 2645 1182 2740 lllll;
1208 2647 1307 2721 unde
1332 2646 1473 2722 dicitze
1495 2669 1567 2722 non
1585 2649 1755 2736 derude,
1774 2645 1852 2740 ipse

678 2765 844 2858 Carolus,
858 2767 918 2837 ote
934 2770 1003 2838 Diu
1020 2770 1183 2839 docmati
1197 2769 1221 2838 t'
1233 2770 1340 2857 armi,
1357 2765 1504 2859 scilicet,
1524 2766 1677 2862 imperii,
1689 2788 1759 2859 per
1773 2768 1852 2840 suoi

678 2888 778 2978 ntuli,
804 2905 888 2979 quae
915 2907 1120 2979 numquam
1147 2886 1358 2962 habuerunt
1380 2887 1516 2962 similes
1540 2886 1718 2960 victorias.
1828 2976 1837 2992 ,

757 3013 892 3096 Questu.
920 3007 988 3082 lsla
1015 3016 1070 3081 est
1088 3007 1194 3082 tertia
1211 3015 1248 3082 et
1266 3007 1394 3083 ultima
1414 3027 1499 3103 pars
1514 3008 1616 3082 istius
1633 3005 1794 3101 capituli,
1812 3005 1849 3077 in

678 3147 754 3220 qua
772 3127 997 3201 lastinianus
1023 3127 1217 3221 respondet
1241 3126 1288 3200 ad
1316 3148 1429 3200 unum
1449 3127 1585 3221 dequo
1604 3127 1739 3201 [lantes
1756 3123 1849 3220 peti-

680 3241 911 3340 verat'supra
927 3246 961 3319 in
978 3246 1048 3320 fine
1066 3245 1214 3341 capituli
1228 3245 1756 3340 precedentis,scilicet,quare
1775 3245 1851 3338 ipse

678 3367 725 3441 sit
742 3367 880 3463 positus
893 3367 929 3439 in
943 3366 1087 3460 planeta
1101 3366 1289 3440 Mercurii:
1303 3365 1350 3439 ad
1364 3365 1462 3459 quod
1475 3365 1551 3460 ipse
1562 3364 1647 3438 dicit
1659 3363 1758 3458 quod
1773 3363 1849 3456 ipse

678 3493 718 3560 et
743 3487 865 3560 caeteri
892 3486 1027 3560 similes
1051 3486 1203 3559 luerunt
1228 3485 1393 3580 impressi
1414 3485 1600 3560 induentia
1624 3481 1847 3558 mercuriali.

679 3603 733 3681 dd
758 3606 856 3700 quod
882 3614 937 3681 est
963 3607 1163 3679 notandum
1190 3607 1290 3700 quod
1315 3607 1519 3682 Mercurius
1545 3605 1686 3679 tidelm
1709 3599 1850 3698 signid-

679 3747 767 3802 oare
791 3727 1007 3820 claritatem,
1033 3728 1295 3821 eloquentiam,
1319 3729 1549 3815 memoriam,
1573 3724 1768 3799 bonitatem
1793 3723 1852 3796 di-

678 3848 847 3944 sciplinae,
865 3867 1022 3923 acumen
1050 3847 1196 3943 ingenii,
1216 3847 1458 3938 velocitatem,
1476 3845 1695 3922 desiderium
1714 3842 1851 3938 princi·

678 3975 796 4063 patnS,
812 3969 970 4062 laudem,
985 3968 1134 4061 lamam,
1148 3968 1342 4063 scriptores
1360 3967 1551 4060 librorum,
1565 3964 1849 4060 profunditatum

678 4089 827 4182 consilii,
856 4089 1107 4177 mercimonia,
1134 4089 1248 4180 lucra,
1274 4088 1459 4181 astutiam,
1485 4088 1669 4183 pietatem,
1690 4102 1850 4180 paupe·

677 4216 789 4282 tatem
817 4214 854 4282 et
881 4208 963 4281 talia
992 4209 1119 4299 mulla,
1145 4227 1229 4302 quae
1256 4229 1321 4302 pro
1349 4229 1481 4302 magua
1507 4211 1610 4301 parte
1633 4209 1847 4299 competunt

676 4329 742 4423 ipsi
759 4329 961 4402 lustiniano
986 4335 1024 4403 et
1041 4329 1181 4403 Romeo
1197 4328 1244 4402 de
1261 4349 1336 4422 quo
1353 4328 1457 4402 dicet.
1476 4327 1567 4400 uicit
1584 4345 1698 4421 ergo:
1721 4329 1847 4412 onesta

674 4452 823 4542 pociolo
848 4452 960 4532 stello,
982 4449 1073 4523 idest
1090 4449 1304 4542 llercurius,
1330 4448 1393 4542 qui
1419 4455 1475 4522 est
1498 4467 1634 4542 parvus
1656 4452 1696 4520 et
1719 4445 1846 4519 occul

677 4578 750 4665 tus,
777 4569 875 4644 unde
900 4570 1032 4644 dicitur
1056 4589 1078 4644 a
1102 4569 1321 4664 quibusdam
1339 4589 1421 4644 esse
1438 4567 1559 4642 minor
1577 4574 1688 4656 terra,
1712 4567 1746 4636 si
1760 4584 1844 4636 eor·

677 4693 781 4782 redu,
815 4689 1012 4764 decoratur
1043 4697 1081 4764 et
1113 4698 1331 4782 exornatur,
1361 4692 1414 4763 del
1432 4691 1537 4773 tcum
1558 4690 1672 4780 sptrd,
1697 4685 1842 4777 scilicet,

676 4809 804 4902 beatio,
830 4811 1084 4898 cleronome·
1108 4811 1217 4898 amnt,
1244 4809 1279 4881 in
1306 4809 1379 4882 vita
1406 4809 1561 4900 mortali,
1581 4801 1709 4900 perclo&
1737 4825 1847 4878 ooonc

674 4951 696 5002 e
709 4934 813 5023 suma
829 4933 880 5019 ull
895 4933 1054 5019 succedo,
1080 4929 1165 5022 quia
1194 4929 1323 5023 honor,
1350 4928 1446 5002 lama
1470 4935 1508 5002 et
1536 4926 1651 5022 gloria
1677 4923 1845 5017 sequitur

676 5048 723 5121 ad
748 5068 860 5142 opera
888 5049 1061 5123 virtuosa.
1088 5049 1131 5122 lit
1156 5048 1277 5122 subdit
1301 5046 1399 5143 quod
1425 5048 1494 5122 hoc
1524 5044 1618 5120 cedit
1640 5043 1694 5118 eis
1717 5043 1764 5117 ad
1788 5041 1843 5115 di-
