4342 6692
707 927 710 933 ’
745 933 885 990 cunnus
908 930 1092 989 smnus.
1432 921 1500 987 171

328 1087 453 1156 creola
478 1080 548 1154 sub
573 1079 707 1174 medio,
725 1099 744 1153 e
762 1071 854 1172 perd
875 1074 938 1172 ptri
962 1082 993 1153 lo
1013 1081 1136 1172 pinum·
1160 1077 1261 1172 quod
1285 1077 1427 1173 probat,
1449 1077 1506 1152 di-

327 1219 434 1276 cens:
461 1196 535 1292 old,
560 1200 663 1294 idest,
690 1199 789 1294 quio,
815 1202 837 1274 l
849 1202 966 1272 ordor
993 1203 1111 1289 santo,
1141 1196 1244 1292 idest,
1275 1217 1383 1272 amor
1412 1197 1506 1273 divi·

328 1341 412 1414 nus,
435 1323 486 1394 ol’
499 1323 584 1412 opni
608 1339 692 1394 cosa
708 1322 852 1410 raupta,
870 1319 973 1412 idest,
991 1318 1117 1393 omnia
1133 1319 1250 1413 replet
1266 1318 1407 1394 lumine
1424 1338 1505 1413 suo,

328 1435 430 1534 dpirl
455 1443 574 1513 uiuum
598 1441 692 1512 ruello
712 1433 775 1532 piri
799 1441 1031 1530 somr’rrlionte,
1048 1438 1144 1513 siout
1168 1438 1205 1511 in
1229 1439 1361 1534 angelo
1382 1445 1420 1513 et
1436 1439 1505 1513 ho-

330 1561 440 1655 mine,
466 1559 530 1655 qui
555 1579 683 1634 seeum
710 1558 927 1654 participant
952 1558 1107 1651 ratione,
1125 1562 1163 1632 et
1188 1557 1350 1633 manime
1374 1559 1504 1652 hom03

329 1681 428 1758 unde
452 1681 554 1756 dicit:
581 1683 604 1754 Γ
616 1701 749 1756 umora
765 1687 932 1754 oreomro
948 1683 1228 1772 daooantoppio
1253 1681 1291 1753 di
1316 1685 1396 1753 tude
1420 1699 1506 1772 pue-

327 1810 378 1876 ste
401 1823 492 1894 rose,
516 1801 654 1876 scilieet
679 1801 917 1876 immortalite
933 1805 971 1876 et
986 1799 1155 1875 libertate
1180 1798 1340 1874 arbitrii:
1361 1805 1506 1874 eluere

328 1921 473 1998 videtur
499 1921 598 2016 quod
622 1920 747 1996 anima
767 1922 930 1996 humana
956 1921 1001 1994 sit
1025 1919 1259 2017 singulariter
1277 1919 1505 2017 privilegiato

328 2041 366 2116 in
391 2041 560 2116 libertate
584 2041 738 2137 arbitrii,
770 2041 858 2137 quia
888 2041 1043 2138 angelus
1076 2062 1151 2116 non
1186 2047 1305 2135 potest
1338 2061 1505 2136 peecare,

327 2181 396 2238 nec
421 2162 499 2256 ipse
523 2161 641 2255 Deus3
669 2161 750 2236 ideo
776 2161 881 2236 dicit:
900 2165 1044 2234 esurro
1061 2179 1203 2251 manco,
1220 2160 1324 2254 idest,
1351 2161 1506 2235 immor-

328 2282 446 2358 talitas
471 2281 549 2358 sola
573 2282 632 2357 rel
658 2281 807 2356 libertos
839 2282 928 2374 solu,
960 2283 1106 2355 onumen
1130 2284 1190 2354 cle
1213 2285 1343 2373 cappro
1375 2283 1414 2356 di
1441 2301 1508 2355 suo

327 2391 486 2492 nebrod,
509 2401 646 2476 seilicet
670 2423 693 2476 a
718 2399 953 2475 similitudine
979 2399 1180 2494 Creatoris3
1207 2407 1412 2495 utrumque
1437 2423 1508 2476 eu·

330 2531 405 2599 tem
431 2522 585 2617 perdidit
605 2541 671 2617 per
689 2527 882 2618 pesculum
909 2521 946 2594 in
972 2521 1091 2616 primo
1111 2528 1285 2616 parente3
1304 2522 1403 2597 unde
1419 2521 1510 2595 sub-

331 2643 402 2718 dit:
427 2647 504 2718 solo
527 2645 716 2737 ilpecouto
740 2639 762 2718 e*
784 2646 864 2736 puel
885 2645 946 2716 cle
970 2645 1007 2716 lu
1031 2646 1228 2736 disfronoo,
1257 2643 1361 2737 idest,
1387 2644 1509 2738 privat
1611 2623 1616 2633 ’

334 2783 417 2840 eam
444 2763 612 2838 libertate
636 2763 811 2860 ingenita,
828 2769 866 2839 et
887 2763 972 2838 lacit
997 2783 1079 2838 eom
1102 2764 1276 2838 miseram
1294 2770 1332 2838 et
1348 2783 1508 2859 serram,

333 2903 401 2960 nec
426 2891 545 2979 potest
570 2903 637 2979 per
661 2904 702 2959 se
728 2903 936 2980 resurgere,
962 2903 981 2956 e
1011 2886 1103 2976 sollo
1123 2887 1287 2958 desinite
1311 2887 1351 2958 ol
1372 2905 1507 2959 sommo

333 3006 428 3098 lone,
457 3004 603 3098 seilicet,
630 3005 717 3098 Deo,
738 3000 868 3097 percle*
894 3006 953 3078 del
982 3006 1073 3077 toute
1101 3025 1179 3098 suo,
1203 3004 1350 3100 scilieet,
1376 3007 1506 3103 gratie

333 3143 422 3218 sum,
443 3144 535 3218 poco
559 3127 588 3197 s'
599 3125 788 3216 imbionra,
805 3123 896 3198 idest
917 3123 1164 3197 illuminatur:
1183 3130 1220 3198 et
1237 3124 1324 3198 dicit
1340 3131 1510 3200 notanter

334 3264 479 3339 purum,
496 3243 583 3340 quia
600 3244 723 3320 animo
749 3242 1071 3340 pessimihominis
1097 3244 1135 3317 in
1160 3245 1285 3318 multis
1302 3252 1358 3320 est
1378 3245 1516 3320 melior-

332 3365 455 3442 uuima
468 3363 579 3458 bruti,
596 3369 636 3438 ul
647 3363 734 3439 dicit
745 3363 1101 3461 Augustinus-Et.
1116 3365 1181 3440 llic
1191 3366 1340 3440 Beatrix
1353 3365 1509 3441 ostendit

332 3484 432 3580 quod
457 3484 503 3559 ad
529 3483 779 3560 infirmitatem
807 3485 1014 3560 necessario
1040 3486 1209 3580 sequitur
1236 3485 1427 3580 medicina,
1456 3486 1512 3560 di·

332 3623 438 3679 oens:
466 3609 503 3679 et
527 3603 604 3699 ipsu
629 3611 802 3680 ereatura
828 3605 1004 3699 humana,
1031 3609 1105 3679 moi
1129 3627 1201 3680 uon
1226 3609 1358 3680 rivom
1381 3611 1420 3680 in
1443 3627 1511 3681 suo

333 3715 480 3816 diprtitd,
509 3725 611 3819 idest,
638 3747 711 3804 nou
738 3726 938 3801 revertitur
963 3726 1000 3799 in
1030 3727 1224 3822 pristinum
1253 3727 1412 3823 gradum
1444 3750 1512 3802 no·

333 3845 492 3939 bilitutis,
516 3866 554 3918 se
577 3867 650 3919 non
673 3849 829 3938 riempie,
860 3844 963 3940 idest,
989 3848 1144 3941 supplet,
1170 3850 1259 3920 dove
1282 3851 1387 3939 eolpo
1415 3844 1510 3939 voto,

334 3966 438 4060 idest,
472 3945 602 4060 priuat,
636 3985 702 4038 ron
735 3969 845 4056 pinso
872 3985 978 4058 pene,
1013 3966 1119 4059 idest,
1153 3966 1276 4042 debite
1310 3967 1510 4062 punitione,

334 4092 460 4160 conto
485 4087 559 4158 mol
581 4086 733 4178 dilector,
758 4084 861 4179 idest,
887 4091 1016 4160 contre
1041 4093 1255 4180 peecatum
1287 4087 1382 4162 sieut
1412 4087 1509 4162 enim

335 4207 373 4282 iu
397 4224 554 4302 eorpore
580 4207 743 4281 humano
764 4205 1026 4300 quodcumque
1045 4205 1185 4279 malum
1203 4206 1312 4300 culpa
1329 4207 1415 4281 iacit
1432 4227 1513 4302 pm-

335 4325 486 4402 nitentia
512 4333 657 4423 purgat.
683 4327 729 4400 Et
753 4325 874 4400 subdit
899 4323 1190 4421 magnitudinem
1223 4327 1342 4420 culpoe
1371 4333 1409 4402 et
1442 4327 1514 4401 mi·

335 4445 441 4522 seriae
466 4446 636 4539 hominis,
664 4445 808 4520 dicens:
839 4453 960 4520 vostra
984 4452 1129 4540 notura,
1157 4449 1300 4538 quondo
1321 4440 1426 4539 peccd
1457 4451 1516 4522 nel

334 4587 425 4642 seme
456 4587 534 4659 suo,
560 4565 707 4660 scilicet,
740 4566 777 4640 in
802 4564 930 4660 Adam,
962 4572 1047 4640 tutta
1077 4570 1119 4659 su
1151 4574 1288 4640 remoto
1320 4571 1369 4642 da
1400 4576 1515 4659 queste
1566 4619 1570 4630 ·

335 4688 521 4778 dipnitadi,
547 4687 633 4781 quia
659 4686 755 4762 lacta
780 4692 836 4760 est
861 4685 1027 4760 mortalis
1053 4694 1091 4762 et
1115 4707 1225 4764 serra
1250 4687 1400 4783 peccati,
1418 4709 1515 4761 conte

336 4810 373 4882 dt
391 4809 581 4901 paradiso,
607 4808 711 4901 idest,
736 4807 831 4882 sieut
856 4805 995 4901 privata
1029 4814 1084 4881 est
1116 4808 1297 4902 felicitate,
1323 4808 1369 4882 nd
1400 4829 1513 4902 quem

338 4933 419 5004 erat
443 4935 580 5021 creata,
599 4934 635 5003 et
656 4949 771 5023 quam
797 4932 940 5022 poteret
966 4929 1172 5021 promereri
1189 4949 1256 5023 per
1272 4927 1428 5002 liberam
1447 4949 1514 5002 ro-

339 5049 530 5124 luntutem.
556 5048 600 5122 m
625 5047 684 5124 hio
708 5054 795 5122 notu
820 5047 949 5143 pulcre
972 5047 1072 5141 quod
1097 5046 1214 5123 Adam
1240 5055 1342 5124 reete
1373 5048 1440 5122 luit
1465 5049 1529 5136 si·¹
1588 5114 1592 5125 .
