4342 6692
764 949 903 1022 cunnos
927 949 1070 1006 numus.
1427 941 1496 1009 311

323 1101 413 1170 nota
439 1095 537 1189 quod
563 1094 767 1171 secuudum
785 1095 949 1171 diversos
965 1102 1070 1171 onus
1091 1097 1144 1171 sol
1163 1097 1247 1172 lacit
1269 1097 1432 1172 diversos
1448 1097 1503 1171 et-

326 1215 461 1292 teclus:
480 1236 567 1291 nam
594 1235 617 1291 a
642 1216 817 1312 principio
834 1215 958 1290 arietis
976 1236 1095 1312 usque
1113 1216 1158 1291 ad
1177 1215 1394 1312 principium
1414 1236 1503 1291 can·

325 1336 380 1412 cri
404 1340 460 1411 est
484 1337 624 1412 calidus
648 1343 686 1412 et
710 1336 895 1431 humidus,
921 1357 1104 1433 generans
1126 1343 1163 1412 et
1180 1357 1338 1434 augens3
1360 1337 1502 1432 aprin-

327 1457 421 1554 cipio
445 1457 567 1534 cancri
594 1462 715 1552 usque
742 1457 790 1531 ad
819 1457 1036 1553 principium
1071 1459 1175 1532 librae
1208 1464 1263 1532 est
1294 1457 1433 1532 calidus
1465 1463 1502 1532 et

329 1577 448 1652 siccus
473 1583 725 1670 maturans3a
750 1576 925 1673 principio
943 1577 1045 1650 librae
1065 1597 1183 1670 usque
1208 1576 1256 1651 ad
1281 1577 1498 1672 principium

328 1693 532 1794 capricorni
556 1701 613 1771 eut
637 1695 789 1794 frigidus
812 1705 850 1772 et
874 1697 1003 1792 siccus,
1022 1697 1157 1773 taciens
1182 1697 1367 1772 declinare
1386 1698 1499 1772 mixta

327 1817 376 1892 ad
407 1815 707 1911 diminutionem
740 1823 779 1893 et
810 1838 833 1891 a
864 1817 1040 1914 principio
1067 1818 1270 1913 capricorni
1304 1837 1422 1912 usque
1454 1818 1499 1891 ad

328 1937 546 2033 principium
571 1937 696 2012 arietis
720 1944 777 2012 est
801 1936 953 2033 frigidus
982 1944 1019 2013 et
1049 1938 1222 2012 humidus
1253 1936 1405 2011 humido
1430 1958 1502 2032 pu-

326 2056 482 2132 trefacto
495 2063 534 2132 et
550 2056 824 2153 putreiacicute
839 2065 881 2130 ut
897 2057 982 2132 dicit
1001 2058 1231 2132 Ptolomaeus.
1247 2057 1368 2131 Potest
1389 2057 1500 2131 etiam

328 2177 397 2251 iota
431 2177 537 2252 litera
570 2177 703 2274 exponi
738 2178 939 2271 moraliter,
965 2176 1101 2251 scilicet
1136 2177 1235 2272 quod
1267 2178 1320 2250 sol
1350 2175 1500 2272 justitia

327 2296 428 2370 Deus
453 2302 633 2393 temperat
657 2301 696 2371 et
719 2295 851 2394 sigillat
875 2297 957 2392 plus
973 2317 1043 2371 suo
1060 2296 1170 2371 modo
1195 2296 1419 2370 mundanam
1438 2315 1501 2369 ce·

327 2433 422 2510 rum,
455 2413 557 2508 idest,
589 2415 710 2511 ipsum
746 2415 945 2509 hominem,
975 2415 1012 2489 in
1045 2435 1157 2511 quem
1193 2415 1310 2512 magis
1344 2413 1497 2488 inlundit

326 2555 435 2610 suam
453 2537 610 2632 gratiam
624 2557 692 2631 per
708 2535 814 2611 istam
833 2537 1128 2612 coniunctionem
1146 2542 1285 2631 septem
1305 2535 1497 2628 virtutum,

328 2674 442 2750 uuam
469 2655 618 2750 quando
643 2657 755 2730 homo
780 2657 890 2731 habet
916 2663 1058 2730 tantum
1086 2677 1198 2730 uuam
1225 2655 1412 2747 virtutem,
1437 2653 1495 2727 vel

328 2773 421 2850 duas
446 2776 505 2850 uel
527 2795 675 2871 paucas,
692 2777 862 2872 quamvis
879 2776 943 2871 qui
960 2776 1069 2850 habet
1087 2797 1198 2850 unam
1221 2775 1393 2848 virtutem
1413 2793 1498 2868 por·

329 2895 425 2969 lecte
449 2895 583 2969 habeat
606 2915 748 2990 omnes,
774 2895 892 2991 qualis
916 2917 1014 2970 nunc
1045 2901 1126 2970 erat
1158 2901 1268 2968 autor
1295 2899 1429 2968 noster.
1455 2893 1500 2966 Et

329 3035 376 3090 ox
402 3015 597 3112 praemissis
631 3023 738 3110 poeta
768 3015 864 3090 elicit
895 3016 1024 3089 horam
1056 3015 1243 3109 temporis,
1275 3013 1415 3088 dicens:
1447 3013 1499 3085 tul

326 3138 417 3230 soce,
437 3135 591 3229 'scilicet
616 3135 714 3210 aries
741 3135 777 3209 in
802 3156 879 3230 quo
903 3141 984 3210 erat
1001 3135 1067 3228 sol,
1084 3140 1160 3208 tarn
1179 3133 1288 3228 bona,
1310 3139 1384 3208 tum
1403 3137 1500 3207 tem-

329 3263 468 3353 perata,
486 3277 575 3330 uvea
592 3261 682 3352 sotto
707 3277 822 3348 mune,
839 3256 942 3349 idest,
963 3255 1165 3329 diluculum
1187 3254 1269 3348 diei,
1296 3255 1334 3326 dt
1355 3243 1404 3344 td,
1430 3252 1503 3326 sci·

327 3377 422 3472 licet,
448 3377 486 3450 in
510 3377 572 3451 illo
598 3375 817 3471 hemisperio
840 3375 861 3418 *
875 3373 1047 3467 interiori,
1068 3393 1185 3448 eseru
1203 3376 1241 3446 di
1260 3391 1343 3466 pua,
1364 3371 1499 3446 scilicet

296 3489 301 3503 ’
327 3499 365 3572 in
389 3504 517 3572 nostro
541 3495 762 3592 hemisperio
773 3495 795 3540 *
807 3487 845 3588 (⁴)
862 3493 1042 3589 superiori
1059 3493 1224 3588 opposito
1242 3491 1308 3586 illi;
1327 3491 1425 3565 unde
1442 3488 1500 3562 di·

327 3617 395 3694 cit:
421 3639 441 3692 c
464 3621 577 3711 puello
604 3618 799 3710 endspoio,
825 3615 974 3707 scilicet,
988 3613 1215 3709 praedtnum
1248 3611 1410 3704 inierim,
1436 3631 1500 3684 era

328 3742 430 3831 prasi
452 3745 536 3812 mdo
559 3739 697 3828 manco,
722 3735 945 3828 dicitquod,
974 3732 1059 3828 quia
1086 3732 1163 3806 dies
1189 3736 1270 3806 erat
1300 3731 1337 3804 in
1363 3729 1454 3824 lieri,
1480 3751 1499 3802 e

328 3863 456 3935 tulna
475 3866 582 3952 purte
604 3878 708 3948 nera,
732 3856 836 3950 idest,
855 3862 893 3930 et
917 3852 1017 3928 aliud
1042 3849 1305 3946 hemisperium
1332 3855 1499 3924 nostrum

328 3973 500 4077 superius
532 3985 612 4055 erat
642 3978 779 4052 tactum
816 3975 975 4072 nigrum,
1000 3973 1088 4068 quia
1123 3992 1196 4045 nox
1229 3976 1309 4045 erat
1340 3969 1377 4042 in
1408 3967 1498 4042 lieri.

328 4105 452 4178 Potest
476 4100 587 4178 etiam
612 4098 680 4174 dici
706 4095 914 4193 allegorice,
930 4092 1030 4190 quod
1055 4092 1092 4167 in
1118 4092 1180 4165 illo
1202 4087 1422 4184 hemisperio
1442 4087 1497 4160 lu·

329 4221 473 4296 minoso
497 4225 578 4294 erat
603 4217 748 4294 claritas
772 4213 935 4290 veritatis
959 4211 1046 4308 quia
1072 4216 1178 4286 eraut
1195 4210 1291 4284 inter
1309 4209 1501 4283 immorta-

327 4341 399 4435 les3
425 4340 461 4414 in
487 4347 613 4415 nostro
636 4357 727 4412 vero
744 4334 965 4429 hemisperio
982 4331 1176 4407 tenebroso
1194 4335 1275 4404 erat
1295 4325 1498 4402 obscuritas

327 4459 544 4558 ignorantiae
568 4459 664 4532 inter
695 4454 879 4530 mortales.
893 4491 944 4506 —
959 4452 1119 4541 Quando.
1146 4448 1211 4522 llic
1240 4447 1375 4522 [lantes
1404 4451 1501 4520 tacto

326 4587 414 4658 ortu
440 4579 524 4655 solis
548 4575 720 4653 describit
746 4571 1016 4669 dispositionem
1049 4567 1224 4644 Beatricis
1257 4587 1347 4662 erga
1380 4567 1499 4661 ipsum

329 4703 457 4793 solem,
483 4719 567 4796 quae
592 4695 801 4772 acutissime
818 4691 1034 4787 respiciebat
1059 4689 1096 4764 in
1122 4687 1253 4783 ipsum.
1274 4685 1376 4761 Unde
1395 4683 1498 4759 dicit:

331 4823 495 4913 mundo,
512 4819 614 4911 idest,
632 4816 670 4890 in
696 4835 770 4910 qua
794 4819 870 4888 tam
890 4812 987 4885 bona
1002 4810 1095 4884 hora
1112 4805 1299 4902 temporis,
1321 4807 1392 4878 uidi
1411 4809 1501 4877 Bea-

392 5079 421 5145 [¹)
436 5079 472 5130 Le
489 5076 579 5143 parole
594 5075 634 5126 tra
650 5075 659 5125 l
673 5073 725 5124 duc
740 5071 872 5124 mtedwlrt
888 5083 935 5122 con
951 5069 1062 5133 mpplitc
1078 5068 1121 5119 dul
1136 5065 1228 5119 Codice
1244 5065 1358 5116 Balenae.
