4342 6692
770 947 908 1006 caurus
933 951 1116 1006 seramus.
1355 938 1358 944 “
1461 943 1532 1009 tl'l

356 1097 411 1166 est
428 1091 591 1168 distincta
605 1094 653 1166 ab
665 1093 751 1188 alia3
768 1095 865 1170 unde
878 1091 985 1171 dicitz'
998 1100 1173 1192 occlusa
1192 1100 1229 1171 lc
1246 1101 1395 1172 mamma
1410 1102 1532 1191 cb'eyli

355 1213 489 1304 Mauo,
501 1211 649 1307 scilicet,
669 1214 823 1289 materia
837 1216 1048 1312 praeiacens,
1062 1217 1121 1292 vel
1135 1218 1290 1293 materia
1307 1219 1426 1315 prima
1445 1240 1529 1315 quae

354 1332 487 1409 dicitur
513 1335 572 1430 yle
587 1327 638 1428 (¹),
663 1341 847 1431 occlusit
877 1340 913 1411 la
942 1333 1035 1412 oirtd
1068 1341 1294 1434 insomnunte,
1324 1359 1408 1435 quae
1432 1339 1532 1415 dedit

356 1454 512 1530 lermam
539 1454 602 1548 eis,
622 1456 661 1528 ab
686 1462 799 1547 questa
819 1459 913 1531 stelle
929 1459 988 1530 cbo
1000 1461 1141 1532 'nmmo
1164 1479 1189 1532 a
1210 1462 1268 1533 lor
1285 1481 1417 1550 vanno,
1442 1459 1528 1553 quia

354 1575 496 1670 spherae
513 1575 682 1650 coelestes
701 1576 904 1651 volvuntur
921 1579 1019 1654 circa
1038 1580 1190 1675 spherus
1213 1581 1469 1656 elementares.
1481 1621 1531 1635 -

356 1699 538 1770 L’onimu.
565 1695 632 1771 llic
658 1696 806 1771 Bealrix
833 1699 989 1773 ostendit
1008 1699 1112 1774 idem
1143 1700 1182 1774 in
1211 1702 1405 1776 animabus
1431 1701 1530 1796 quod

348 1817 427 1911 jam
453 1815 609 1890 ostendit
633 1815 670 1890 in
696 1817 931 1913 corporibus:
958 1826 995 1894 et
1012 1822 1092 1894 vult
1117 1822 1379 1898 sententialiter
1403 1823 1529 1898 dicere

353 1936 451 2030 quod
486 1936 580 2011 sicut
609 1937 646 2010 in
680 1937 896 2033 corporibus
927 1939 1052 2035 aliqua
1083 1949 1170 2016 sunt
1204 1941 1389 2018 mediante
1421 1944 1528 2038 coelo,

352 2057 447 2132 sicul
471 2058 653 2133 elementa
679 2065 717 2132 el
742 2058 973 2154 elementata,
999 2059 1123 2155 aliqua
1152 2081 1244 2137 vero
1269 2049 1480 2139 immediate
1505 2085 1528 2138 a

351 2177 441 2272 Deo,
458 2178 552 2252 sicut
577 2177 643 2273 ipsi
668 2178 770 2272 coeli3
797 2178 845 2254 ita
871 2179 1004 2275 aliquae
1031 2179 1165 2254 animae
1193 2180 1385 2256 subiacent
1410 2182 1527 2256 motui

351 2298 447 2392 ooeli,
473 2296 555 2374 ideo
581 2299 716 2374 babent
733 2299 844 2374 finem
870 2307 907 2375 el
932 2301 1228 2397 corruptionem,
1247 2303 1416 2397 quoedam
1436 2324 1527 2378 vero

351 2439 424 2493 non
451 2419 640 2494 subiacent
671 2419 788 2494 motui
820 2419 915 2514 coeli,
941 2420 1023 2495 ideo
1053 2427 1140 2494 sunt
1168 2420 1406 2498 immortales.
1432 2422 1526 2498 Dicit

350 2559 461 2637 ergo:
480 2543 530 2612 Lo
546 2541 675 2632 reggio
700 2543 757 2613 c'l
780 2548 872 2614 moto
896 2543 983 2614 delle
1002 2543 1070 2614 luci
1085 2548 1196 2632 sabb,
1215 2541 1316 2636 idest,
1334 2542 1523 2617 influentia

350 2666 387 2734 el
418 2659 534 2735 virtus
568 2661 768 2756 stellarum,
801 2665 884 2755 tiro,
922 2661 1024 2756 idest,
1064 2661 1171 2755 elicit,
1206 2665 1228 2736 l’
1241 2665 1363 2736 enimc
1394 2665 1523 2754 degni

350 2781 464 2872 bruto,
490 2779 591 2876 idest,
617 2801 767 2856 omnem
793 2781 955 2856 animam
982 2781 1203 2876 sensitivam,
1233 2785 1363 2856 edellc
1389 2786 1522 2875 pune,

348 2900 451 2997 idest,
477 2921 627 2977 omnem
653 2903 814 2977 animam
841 2901 1100 2999 vegetativam,
1134 2904 1173 2975 di
1200 2905 1427 2994 complecsion
1452 2926 1524 2997 po-

349 3024 515 3112 lenztclc,
540 3020 626 3115 quia
651 3022 731 3095 talis
756 3021 880 3096 anima
905 3021 1074 3096 educitur
1091 3021 1138 3096 de
1158 3021 1319 3116 potentia
1345 3023 1522 3120 materiae,

348 3139 440 3215 idest
455 3133 492 3234 (²)
518 3141 629 3214 simul
653 3162 739 3217 cum
765 3161 921 3237 corpore
945 3141 1076 3236 oritur,
1103 3141 1213 3216 simul
1241 3142 1412 3217 moritur.
1439 3145 1520 3219 Non

347 3261 399 3334 sic
420 3266 475 3335 est
498 3261 545 3335 de
569 3261 691 3335 anima
715 3261 893 3356 rationali,
912 3260 999 3355 quia
1014 3251 1052 3354 (³)
1072 3260 1173 3336 venit
1189 3261 1236 3336 ab
1255 3267 1372 3357 entra,
1385 3263 1524 3339 scilicet

346 3401 367 3454 a
393 3381 482 3474 Deo,
508 3387 546 3455 et
572 3387 626 3456 est
652 3401 711 3455 res
735 3379 867 3454 divina.
895 3380 997 3456 Unde
1021 3379 1125 3455 dicit:
1151 3403 1211 3453 mc
1237 3383 1273 3454 lu
1297 3402 1434 3455 somma
1460 3383 1519 3456 be·

345 3503 517 3593 ninanza,
545 3499 646 3595 idest,
665 3499 919 3574 benevolentia
945 3506 983 3574 et
1007 3499 1212 3595 benignitas
1235 3501 1312 3597 Dei,
1329 3504 1430 3595 spira
1454 3523 1521 3576 rw·

344 3629 421 3696 sna
446 3625 530 3713 vila,
556 3621 648 3696 idest
672 3621 835 3696 animam
869 3621 1071 3697 humanam
1104 3621 1265 3698 creando
1293 3622 1449 3698 infundit
1469 3629 1517 3700 ‘et

344 3741 566 3816 infundendo
591 3747 705 3836 creat,
730 3761 839 3814 senze
865 3761 999 3834 mezzo,
1029 3739 1108 3815 sine
1131 3741 1345 3836 operatione
1372 3740 1467 3837 coeli,
1499 3766 1520 3819 c

345 3863 381 3934 la
405 3863 596 3933 innumera
621 3861 658 3933 di
682 3856 732 3948 se‘,
749 3859 836 3954 quia
854 3857 1031 3932 naturalis
1055 3877 1162 3932 amor
1187 3864 1244 3934 est
1268 3860 1314 3934 ad
1339 3855 1519 3955 Deum,si

344 3981 404 4054 cltc
422 3984 488 4072 pot
510 4000 646 4073 compre
671 3981 706 4052 lu
732 3981 858 4084 distre,
875 3977 962 4072 quia
980 3998 1187 4071 numquam
1205 3979 1393 4074 quietatur
1410 4003 1519 4057 amor

344 4110 382 4178 et
406 4099 626 4176 desiderium
654 4099 811 4174 bominis
837 4098 903 4173 nisi
920 4099 957 4171 in
974 4097 1047 4172 line
1067 4099 1194 4174 redeat
1210 4100 1258 4174 ad
1275 4101 1394 4197 ipsum
1416 4103 1518 4198 prin-

343 4223 490 4319 cipium.
517 4221 561 4295 ut
585 4219 644 4296 bic
670 4227 754 4295 nota
780 4220 879 4316 quod
905 4239 991 4294 cunr
1024 4219 1123 4294 lleus
1153 4220 1454 4297 summobonus
1479 4229 1516 4299 et

342 4345 503 4443 perlecto
520 4343 650 4417 beatus
667 4341 888 4417 aeternaliter
906 4339 1027 4436 luerit,
1045 4340 1162 4415 voluit
1179 4341 1302 4418 lacere
1321 4343 1412 4418 alios
1431 4366 1518 4440 par-

340 4465 466 4561 ticipes
482 4461 714 4538 beatitudinis
727 4450 781 4556 (⁸);
795 4469 832 4536 et
849 4461 936 4556 quia
953 4460 1032 4536 eius
1049 4460 1238 4537 beatitudo
1255 4481 1330 4537 non
1346 4454 1515 4558 potestl⁵l

341 4583 546 4681 participari
573 4581 639 4656 nisi
664 4601 730 4677 per
754 4580 992 4676 intellectum,
1009 4585 1045 4656 et
1071 4587 1210 4676 quanto
1236 4583 1354 4680 magis
1380 4583 1515 4659 inlelli-

339 4705 456 4804 gitur,
478 4710 578 4778 tanto
606 4703 722 4800 magis
747 4703 914 4797 babetur,
941 4701 1023 4777 ideo
1049 4701 1133 4776 lecit
1164 4703 1381 4780 rationalem
1407 4725 1514 4780 crea-

341 4833 464 4900 turam
490 4831 532 4898 ut
556 4824 785 4920 intelligeret,
810 4821 1042 4919 intelligendo
1067 4831 1224 4919 amaret,
1245 4825 1403 4910 amando
1427 4846 1512 4920 pos-

404 5016 432 5078 (¹)
448 5015 479 5065 Ε.
495 5014 547 5066 illa.
812 5011 839 5075 (¹)
855 5011 886 5062 Ε.
903 5010 962 5061 ideo
978 5009 1065 5063 simul.
1136 5009 1210 5075 OE·
1226 5025 1242 5062 c
1258 5016 1282 5073 t,
1298 5025 1357 5076 quo
1372 5012 1451 5064 veuit.

404 5092 430 5155 (¹)
447 5092 478 5142 Ε.
494 5105 547 5143 suro
563 5090 735 5143 beatitudinis.
814 5091 841 5154 (¹)
856 5088 888 5140 Ε.
904 5089 997 5152 potuit.
