4342 6692
747 897 887 952 cunnus
913 895 1057 952 seiros
1417 882 1487 952 atr

321 1047 477 1119 matrem
494 1033 530 1133 (¹)
558 1038 676 1116 Crassi
702 1047 740 1114 et
756 1039 886 1134 iiiiam3
903 1059 978 1114 uon
998 1037 1121 1112 timuit
1137 1039 1256 1114 Deum
1275 1057 1345 1116 uec
1362 1044 1491 1114 terre·

319 1166 474 1236 motum.
496 1160 539 1234 lit
557 1167 599 1234 ut
615 1160 687 1235 cito
704 1159 934 1254 concludam,
950 1159 1071 1235 Cesar
1094 1158 1220 1234 habuit
1243 1157 1382 1236 maiora
1403 1157 1493 1237 vitia

319 1287 356 1359 ot
374 1280 531 1358 maiores
549 1279 702 1356 virtutes
719 1301 831 1374 quam
851 1278 1047 1374 Pompeius
1066 1299 1237 1370 magnus3
1251 1277 1315 1354 sod
1332 1284 1491 1372 uterque

319 1402 465 1499 petebat
483 1421 653 1498 regnum,
676 1408 834 1495 uterque
847 1401 1013 1497 ingratus
1030 1396 1167 1494 patriae,
1187 1407 1345 1493 uterque
1357 1399 1491 1474 ohscu-

322 1523 415 1601 ravit
440 1522 593 1620 gloriam
621 1522 756 1617 patris3
782 1529 819 1598 et
843 1528 947 1617 pater
964 1519 1125 1616 Pompeii
1146 1520 1342 1616 Pompeius
1359 1519 1489 1594 Strabo

321 1643 473 1736 fulmine
498 1661 692 1738 percussus
718 1649 783 1718 est.
802 1644 912 1716 —Di
935 1643 1014 1734 quel
1031 1643 1091 1715 otc
1106 1645 1153 1735 se.
1181 1640 1245 1716 llic
1268 1640 1493 1716 Iustinianus

322 1785 408 1842 cum
429 1763 567 1872 optimo
584 1762 712 1837 ordine
729 1761 948 1838 transcurrit
964 1761 1086 1856 aliqua
1113 1761 1206 1836 belia
1225 1761 1344 1838 civilia
1365 1768 1403 1836 et
1422 1763 1491 1837 ho

322 1883 414 1958 stitia
439 1881 591 1960 Caesaris
616 1882 782 1980 Augusti,
807 1882 870 1977 qui
896 1881 962 1960 luit
986 1881 1082 1956 lilius
1107 1882 1299 1977 adoptivus
1319 1889 1356 1956 ct
1372 1881 1492 1956 hares

175 2102 177 2107 s
325 2003 487 2082 Caesaris.
511 2003 564 2076 nd
583 2023 742 2096 quorum
769 2002 1013 2098 cognitionem
1040 2009 1095 2077 est
1112 2002 1273 2078 breviter
1290 2001 1494 2095 sciendum,

323 2123 432 2219 quod,
451 2122 544 2196 sicut
564 2127 682 2218 potest
699 2121 817 2219 colligi
835 2141 881 2196 en
899 2121 1018 2216 Floro,
1036 2122 1153 2198 Tullio
1169 2128 1208 2198 et
1231 2122 1322 2216 aliis,
1345 2128 1493 2197 mortuo

324 2244 477 2336 Gaesare,
504 2242 614 2316 Gaius
631 2242 802 2316 Octavius
817 2243 965 2338 juvenis
989 2243 1117 2318 decem
1136 2249 1218 2320 octo
1234 2235 1271 2334 (²)
1296 2263 1496 2334 annorum,

323 2362 388 2458 qui
405 2362 572 2437 studebat
587 2361 623 2435 in
636 2361 787 2456 Graecia,
801 2361 969 2438 celeriter
987 2363 1085 2438 venit
1103 2363 1279 2456 Romam;
1294 2360 1356 2436 ubi
1371 2361 1494 2436 statim

323 2485 466 2558 Marcus
486 2482 664 2557 Antonius
679 2482 746 2557 tuit
763 2482 829 2556 sibi
846 2481 1010 2575 infestos,
1032 2482 1119 2577 quia
1135 2481 1307 2558 Octavios
1324 2487 1405 2556 erat
1422 2482 1498 2578 pri·

325 2624 408 2678 mus
421 2604 539 2678 haeres
553 2609 771 2678 testamento
782 2602 950 2696 Caesaris3
961 2623 1079 2697 qrrare
1087 2603 1134 2678 ad
1144 2601 1424 2700 opprimendum
1432 2603 1496 2697 ju-

326 2743 457 2798 venem
468 2723 577 2819 coepit
591 2743 742 2798 movere
755 2723 904 2815 bellurn,
915 2742 1001 2797 cum
1015 2729 1164 2796 senatus
1177 2722 1317 2798 faveret
1326 2722 1494 2815 Octari03

327 2832 411 2936 eid)
422 2843 500 2939 jam
519 2849 647 2938 parato
664 2825 827 2918 exercitu
841 2842 877 2915 in
895 2841 1046 2917 Galliam
1065 2842 1274 2936 cisalpinam
1292 2842 1493 2918 circumse-

325 2962 377 3036 dit
394 2963 569 3038 Mutinam
588 2963 878 3038 florentissimam
897 2963 1078 3038 coloniam
1098 2963 1160 3037 ubi
1177 2970 1259 3038 erat
1271 2963 1442 3040 Decimus
1458 2952 1495 3056 (⁴)

327 3084 476 3178 Brutus3
491 3083 553 3158 sed
567 3083 737 3158 Octavius
751 3089 788 3158 et
800 3082 874 3158 duo
888 3084 1055 3158 consules
1068 3082 1207 3158 Hirtius
1219 3090 1256 3160 et
1269 3084 1385 3158 Pansa
1399 3083 1499 3160 missi

326 3210 492 3279 asenatu
503 3202 753 3278 liberaverunt
761 3203 916 3276 Brutum
932 3203 1077 3278 duobus
1090 3204 1228 3298 proeliis
1241 3203 1349 3280 tertio
1360 3225 1499 3298 meuse,

326 3330 364 3398 et
391 3329 549 3416 utroque
574 3323 726 3398 consule
750 3322 882 3415 occiso,
901 3322 1072 3398 Octavius
1092 3325 1207 3400 victor
1226 3325 1326 3399 solus
1343 3325 1502 3401 obtinuit

212 3445 213 3448 ‘
326 3450 401 3518 tres
425 3443 609 3518 exercitus
633 3443 754 3519 adhuc
780 3444 966 3538 privatus:
990 3445 1168 3520 Antonius
1185 3446 1359 3522 exclusus
1378 3468 1401 3521 a
1419 3447 1502 3522 llu-

328 3563 401 3637 tina
428 3562 634 3638 fidelissima
660 3564 802 3638 colonia
830 3571 998 3659 receptus
1022 3565 1060 3638 in
1085 3565 1221 3642 Parma
1249 3566 1501 3642 crudelissime

282 3713 285 3720 ·
328 3682 521 3759 trucidavit
546 3703 758 3778 parmenses
784 3683 881 3760 viros
906 3684 1062 3780 optimos
1088 3693 1125 3760 ct
1146 3686 1416 3761 honestissimos
1434 3687 1502 3761 ho-

329 3800 445 3876 mines
470 3822 556 3876 cum
582 3803 689 3878 Lutio
714 3803 870 3878 Antonio
897 3804 1010 3880 tratre
1036 3825 1125 3898 suo;
1148 3805 1216 3879 fuit
1232 3806 1331 3881 enim
1356 3807 1503 3880 Marcus

329 3921 506 3996 Antonius
532 3923 700 4017 crudelis,
727 3923 944 4018 vinolentus
971 3945 1144 4021 praeceps,
1170 3926 1354 4023 prodigus,
1373 3948 1502 4002 vorax.

331 4043 460 4118 Postea
493 4043 671 4120 Antonius
704 4049 742 4119 et
775 4044 945 4120 Octavius
980 4044 1179 4120 concordes
1215 4046 1299 4122 iacti
1334 4047 1502 4122 vicerunt

330 4163 495 4238 Marcum
521 4162 677 4236 Brutum
705 4169 741 4240 et
765 4163 896 4239 Gaium
924 4162 1089 4240 Cassium
1116 4164 1153 4238 in
1180 4165 1373 4260 Thessalia,
1408 4167 1504 4242 sicut

330 4283 506 4378 scriptum
533 4289 588 4358 est
603 4283 737 4359 interni
755 4283 914 4381 capitulo
932 4284 1073 4360 ultimo.
1091 4282 1263 4361 Octavius
1282 4284 1408 4360 relicto
1427 4285 1504 4360 An·

330 4402 430 4478 tonio
455 4402 491 4478 iu
516 4404 659 4478 oriente
677 4404 775 4478 venit
800 4403 837 4478 in
862 4404 1014 4499 ltaliam,
1031 4411 1069 4480 et
1089 4425 1176 4479 cum
1198 4404 1376 4482 divideret
1393 4427 1505 4503 agros

330 4523 406 4598 suis
430 4525 625 4619 veteranis,
650 4524 778 4598 Lutius
802 4523 980 4599 Antonius
1006 4524 1062 4600 vir
1089 4524 1236 4620 pessimi
1257 4525 1403 4622 ingenii,
1421 4526 1504 4600 imi

330 4647 426 4718 tator
451 4644 573 4720 iratris
594 4645 631 4719 in
649 4644 866 4738 temeritate,
885 4644 1056 4723 incitante
1073 4643 1202 4720 Fulvia
1223 4666 1341 4721 uxore
1357 4645 1501 4722 Antonii

329 4763 421 4838 virili
440 4764 588 4842 immina
609 4766 719 4862 coepit
736 4785 887 4841 movere
905 4765 1042 4840 bellum
1060 4772 1189 4840 contra
1200 4765 1393 4842 Octavium
1415 4788 1503 4844 cum

390 4947 419 5013 (¹)
436 4947 468 5002 E·
484 4962 593 5001 uxorem
608 4949 699 5002 crum
887 4951 914 5012 Ρ)
930 4957 954 5012 t,
970 4953 1061 5004 decem
1076 4966 1171 5006 norem
1186 4967 1324 5007 annorum.

392 5023 467 5089 ΟΒ.
482 5031 509 5078 et
524 5027 583 5079 ideo
599 5033 690 5091 parato
704 5029 821 5082 exercitu
835 5029 863 5080 in
879 5029 960 5081 (tallia
976 5030 1107 5095 cisalpina.
1246 5030 1275 5095 (⁸)
1289 5033 1321 5083 li.
1338 5033 1439 5088 litoius
