4342 6692
604 949 609 960 ,
657 883 704 950 lt
1015 895 1221 951 conmuni
1244 899 1469 954 ruberrumi

654 1041 759 1118 bene.
786 1042 934 1116 Poterat
960 1041 1057 1116 enim
1084 1041 1208 1119 dicere
1232 1043 1292 1118 bic
1316 1043 1441 1138 aliqua
1464 1043 1617 1119 mulier:
1645 1065 1718 1119 non
1740 1065 1828 1117 sum

654 1163 777 1257 Maria,
803 1183 888 1256 quae
915 1163 1052 1257 repleta
1077 1171 1133 1238 est
1165 1163 1295 1259 spiritu
1325 1171 1463 1259 sancto,
1494 1165 1609 1239 immo
1643 1185 1726 1238 sum
1759 1164 1830 1238 ioe·

656 1284 754 1358 mina
780 1284 927 1381 fragilis,
945 1305 1030 1378 quae
1047 1285 1167 1360 babeo
1183 1284 1366 1380 appetitus
1382 1285 1624 1380 inordinatos;
1641 1285 1724 1360 ideo
1741 1304 1829 1360 ecce

656 1405 867 1499 exemplum
894 1426 968 1479 nou
994 1405 1105 1479 unius
1133 1405 1198 1480 sed
1227 1405 1430 1479 multarum
1461 1426 1701 1502 paganarum.
1734 1406 1828 1480 Nam

658 1544 820 1598 romanae
833 1517 871 1616 (¹)
897 1525 996 1620 olim,
1024 1532 1065 1598 ut
1097 1531 1153 1600 est
1183 1524 1282 1621 apud
1317 1524 1517 1620 Valerium,
1548 1548 1621 1601 non
1656 1525 1830 1599 bibebant

657 1644 785 1719 vinum
804 1665 850 1720 ne
876 1645 912 1719 in
937 1645 1073 1739 aliquid
1090 1645 1250 1721 dedecus
1265 1646 1557 1741 prolaberentur.
1579 1647 1679 1722 Unde
1700 1654 1828 1722 narrat

657 1767 734 1863 ipse
759 1767 923 1842 Valerius
948 1767 994 1841 de
1023 1767 1202 1862 Romano,
1231 1768 1295 1861 qui
1325 1769 1498 1845 mactavit
1529 1789 1686 1844 uxorem
1717 1769 1826 1861 suste,

658 1908 769 1983 quam
798 1887 946 1983 reperiit
970 1887 1102 1961 bibisse
1128 1887 1256 1961 uinum
1290 1889 1428 1962 furtim.
1454 1889 1547 1964 Nam
1573 1889 1622 1964 ab
1650 1889 1829 1964 ebrietate

656 2009 702 2084 ad
728 2008 911 2083 libidinem
929 2007 1081 2082 laciliter
1095 1999 1133 2100 θ)
1152 2007 1191 2081 lit
1211 2009 1395 2102 transitus,
1418 2010 1579 2084 maxime
1596 2010 1634 2084 in
1650 2009 1825 2104 muliere;

656 2152 741 2204 narn
768 2129 995 2224 quicumque
1021 2129 1149 2203 vinum
1174 2129 1310 2225 appetit
1333 2130 1428 2204 vitiis
1439 2131 1595 2225 januam
1611 2131 1748 2226 aperit;
1771 2138 1828 2207 ta·

657 2271 743 2324 men
770 2250 911 2325 romani
937 2249 1196 2344 permittebant
1221 2249 1274 2324 eis
1299 2249 1449 2324 licenter
1478 2251 1623 2325 cultum
1648 2271 1823 2344 personae.

656 2370 699 2442 Et
724 2377 851 2444 tamen
881 2369 1019 2444 Seneca
1049 2369 1127 2463 jnm
1159 2377 1327 2464 tempore
1354 2390 1424 2444 suo
1454 2369 1695 2463 conqueritur
1728 2371 1829 2464 quod

659 2491 833 2565 mulieres
860 2510 932 2563 non
958 2489 1080 2563 miuus
1105 2497 1232 2584 potant
1256 2511 1370 2584 quam
1397 2490 1476 2584 uiri,
1502 2481 1589 2582 etti)
1618 2490 1717 2564 viros
1743 2490 1827 2565 vino

659 2615 861 2705 provocant
868 2633 879 2702 ;
897 2615 934 2702 et
953 2608 1154 2702 dicitquod
1179 2609 1267 2683 olim
1293 2629 1367 2683 non
1389 2609 1620 2704 patiebantur
1639 2609 1827 2684 calvitium

659 2750 781 2824 neque
805 2729 1007 2824 podagram
1030 2729 1125 2803 sicut
1151 2750 1259 2803 nunc.
1278 2728 1369 2802 nteit
1394 2749 1484 2824 ergo
1509 2734 1616 2823 poeta
1641 2729 1740 2823 quod
1766 2730 1826 2804 illa

595 2871 599 2880 ·
658 2853 787 2926 eadem
815 2871 887 2926 vox
913 2849 1062 2924 veniens
1087 2849 1136 2924 ab
1160 2851 1294 2924 arbore
1319 2849 1427 2924 dixit:
1452 2853 1538 2923 Ele
1562 2871 1711 2924 romane
1734 2854 1828 2924 outt-

656 2993 722 3065 que
742 2974 852 3064 saroa
876 2977 1031 3043 coeunte
1054 2973 1193 3061 d'nquo
1214 2991 1282 3062 per
1305 2973 1363 3043 tor
1386 2972 1488 3062 bere‚·
1515 2969 1653 3044 utinam
1675 2977 1827 3044 conten·

658 3098 826 3167 tarentur
852 3090 958 3165 bodie
984 3113 1059 3164 uuo
1085 3097 1124 3164 et
1153 3090 1305 3184 simplici
1337 3091 1542 3164 rino-ll
1564 3094 1736 3164 maletto.
1761 3090 1828 3163 Hic

657 3219 764 3308 poeta
789 3211 935 3286 adducit
960 3211 1059 3286 aliud
1085 3210 1296 3306 exemplum
1317 3211 1522 3285 sobrietatis
1547 3211 1583 3284 in
1603 3212 1743 3306 juvene
1761 3212 1828 3286 be-

658 3332 770 3406 braeo.
788 3331 841 3405 ad
858 3331 956 3425 quod
974 3338 1030 3405 est
1046 3331 1247 3424 sciendum,
1265 3331 1364 3424 qnod
1381 3331 1475 3404 sicut
1496 3333 1653 3405 babetur
1669 3331 1828 3406 Danielis

658 3453 778 3548 primo
799 3451 958 3546 capitolo
984 3459 1020 3525 et
1046 3471 1091 3525 ex
1119 3451 1285 3546 tosepno,
1302 3450 1636 3526 Nabuchodonosor
1658 3473 1725 3527 rer
1744 3463 1835 3527 ma*

659 3591 741 3668 guae
766 3572 958 3667 Babylonis
987 3579 1092 3667 capta
1122 3572 1325 3646 Jerusalem
1358 3570 1510 3645 adduxit
1540 3592 1667 3646 secum
1701 3594 1827 3670 regem

660 3692 823 3767 toacbim
849 3697 885 3766 et
910 3691 1048 3766 nobiles
1072 3711 1208 3786 pueros
1232 3711 1317 3766 curn
1346 3692 1519 3765 thesauro
1546 3713 1698 3789 magno:
1723 3693 1829 3770 etde

661 3811 832 3886 mandato
853 3811 932 3886 eius
949 3819 1110 3905 quatuor
1137 3811 1252 3906 pueri,
1270 3832 1431 3905 quorum
1451 3811 1656 3907 principalis
1672 3813 1740 3887 luit
1755 3814 1830 3888 lla-

660 3931 744 4024 niel‚
771 3930 886 4026 pulcri
912 3931 1029 4005 lorma
1055 3937 1093 4004 et
1116 3931 1250 4006 dociles
1274 3930 1420 4026 iugenio
1445 3931 1550 4006 electi
1576 3939 1662 4006 sunt
1692 3941 1733 4008 ut
1762 3953 1829 4008 ve-

659 4056 851 4124 scerentur
876 4050 964 4123 cibis
991 4050 1176 4147 regalibus
1200 4054 1237 4124 et
1263 4050 1499 4124 erudirentur
1524 4051 1708 4147 disciplina
1725 4054 1828 4128 obal-

658 4172 837 4246 daeorum.
864 4171 988 4246 Daniel
1014 4177 1140 4246 autem
1172 4171 1359 4266 proposuit
1373 4159 1409 4263 (⁸)
1441 4171 1479 4244 in
1510 4171 1622 4247 corde
1652 4195 1722 4248 suo
1753 4193 1827 4248 non

659 4292 823 4388 polluere
848 4298 1014 4365 ventrem
1046 4312 1156 4364 suum
1189 4291 1271 4366 cibo
1301 4290 1359 4366 vel
1388 4291 1473 4366 vino
1506 4312 1641 4366 mensae
1672 4293 1826 4389 regalis:

658 4410 739 4486 ideo
753 4410 1160 4506 impetravitacustode
1173 4431 1241 4484 suo
1255 4411 1443 4506 legumina
1455 4432 1523 4505 pro
1536 4411 1630 4505 cibo,
1640 4419 1676 4487 et
1688 4435 1825 4507 aquarn

658 4551 724 4625 pro
750 4535 856 4626 potu;
883 4537 920 4603 et
945 4530 1061 4604 lactus
1087 4535 1142 4604 est
1167 4529 1328 4624 pulcrior
1344 4537 1386 4604 ut
1403 4531 1620 4625 promiserat
1642 4531 1700 4606 illi.
1719 4533 1827 4606 Simi-

658 4651 740 4724 liter
765 4657 802 4724 et
827 4650 913 4724 socii
939 4649 996 4723 sui
1022 4650 1157 4743 quibus
1172 4640 1209 4741 (⁶)
1235 4649 1333 4723 Deus
1358 4648 1455 4722 dedit
1480 4650 1668 4724 scientiam
1695 4657 1732 4726 et
1761 4652 1829 4726 do·
1878 4743 1881 4748 ¹

720 4871 748 4932 (¹)
764 4870 794 4920 li.
812 4883 926 4920 romane
942 4870 1064 4920 mulieres
1079 4869 1153 4920 olim.
1246 4869 1274 4930 l')
1289 4869 1321 4918 R.
1337 4869 1470 4920 lacibsest
1480 4872 1611 4930 tramitae,
1629 4874 1759 4936 precipue
1775 4875 1811 4925 in.

722 4945 748 5006 (⁸)
766 4945 796 4995 E.
813 4951 839 4995 et
855 4946 924 5008 qnod
941 4947 1017 4995 viros.
1247 4944 1274 5006 (⁶)
1290 4944 1321 4994 R.
1337 4953 1516 5009 proposuerat.

722 5021 749 5084 (¹)
766 5021 796 5071 E.
813 5021 906 5084 quibus
922 5022 1084 5084 omnipotens
1101 5021 1179 5072 Deus,
