4342 6692
761 930 900 985 caurus
925 930 1069 985 numos.
1429 915 1498 983 333

326 1072 457 1147 deiude
483 1080 632 1169 propter
657 1074 894 1170 multiplicem
921 1073 1155 1172 indigentiam
1187 1073 1323 1168 appetit
1356 1071 1498 1146 divitias

328 1194 612 1269 instrumentum
647 1195 860 1290 voluptatis:
897 1195 1026 1269 deiude
1059 1195 1216 1292 gloriam
1243 1181 1499 1289 amplectitur:

330 1321 463 1389 natura
488 1313 637 1409 quidem
663 1314 780 1388 omnis
806 1316 918 1390 homo
954 1314 1070 1388 laudis
1102 1322 1139 1390 et
1169 1314 1317 1388 honoris
1349 1319 1404 1388 est
1435 1332 1501 1407 ap-

331 1441 467 1530 petens,
501 1434 587 1529 quia
620 1435 738 1508 honor
770 1442 826 1509 est
858 1435 1106 1510 testimouium
1133 1434 1287 1508 virtutis
1314 1433 1358 1506 Et
1383 1431 1499 1506 addit:

330 1555 520 1654 aegritudo,
547 1555 715 1649 servitus,
745 1556 865 1650 inopia
895 1577 1021 1631 rerum
1056 1555 1348 1630 necessariarum
1382 1553 1501 1628 abdu-

330 1677 378 1751 cit
393 1668 429 1768 3)
452 1695 519 1749 nos
542 1695 565 1749 a
591 1675 694 1748 cultu
711 1675 866 1768 virtutis,
885 1675 966 1749 ideo
983 1681 1039 1749 est
1055 1695 1147 1770 opus
1165 1673 1386 1769 sapientibus
1404 1692 1500 1767 prae-

331 1796 557 1892 ceptoribus:
583 1794 665 1870 ideo
695 1795 835 1870 Socrati
861 1817 883 1870 a
908 1815 1026 1890 puero
1050 1794 1182 1871 dicitur
1214 1793 1321 1868 datus
1345 1794 1500 1890 angelus

330 1937 455 1992 comes
485 1914 728 2012 agendorum,
757 1923 797 1989 ut
823 1915 1033 2011 prohiberet
1061 1935 1146 2009 quae
1182 1914 1259 1990 lieri
1286 1935 1359 1988 nou
1385 1933 1499 2007 expe-

329 2037 433 2112 diret.
460 2037 504 2110 Et
529 2035 722 2111 confirmat
747 2035 885 2112 dictum
916 2056 1027 2109 suum
1062 2054 1128 2130 per
1160 2054 1272 2108 unam
1305 2054 1497 2129 compara·

328 2157 464 2232 tionem
483 2159 648 2251 pulcram
667 2163 704 2233 et
719 2157 922 2253 propriam:
941 2163 979 2231 et
995 2155 1074 2232 vult
1091 2154 1352 2229 sententialiter
1364 2153 1499 2246 dicere,

328 2275 537 2370 quod-sicut
555 2276 647 2372 ignis
664 2276 728 2371 qui
744 2276 962 2350 naturaliter
979 2281 1035 2349 est
1050 2281 1158 2370 aptus
1175 2279 1282 2347 natus
1299 2273 1498 2347 ascendere

329 2415 489 2487 sursum,
510 2401 637 2469 contra
659 2400 828 2468 naturam
844 2416 951 2469 suam
971 2394 1149 2469 violenter
1169 2393 1283 2469 tendit
1303 2392 1499 2486 deorsum3

328 2514 377 2589 ita
403 2515 516 2588 homo
542 2514 608 2608 qui
632 2515 847 2590 naturaliter
873 2521 928 2590 est
952 2521 1060 2610 aptus
1085 2519 1193 2587 natus
1222 2511 1421 2587 ascendere
1450 2511 1496 2585 ad

328 2635 478 2728 coelum,
503 2635 773 2710 accidentaliter
798 2634 949 2709 reclinat
974 2633 1021 2708 ad
1051 2639 1188 2707 terram
1215 2637 1348 2727 praeter
1381 2630 1499 2704 inten-

328 2753 465 2828 tionem
492 2760 645 2828 naturae.
672 2754 764 2827 Dicit
789 2773 879 2850 ergo
896 2754 1013 2828 bene:
1040 2755 1221 2826 esiccome
1246 2753 1350 2824 ceder
1374 2754 1406 2824 ri
1424 2742 1497 2842 pud

328 2877 455 2948 cadere
475 2879 579 2970 suono
603 2876 642 2948 di
663 2874 764 2965 nube,
799 2874 944 2967 scilicet,
970 2873 1063 2970 ignis
1089 2872 1248 2946 lulminis
1273 2872 1435 2946 inclusus
1462 2870 1498 2943 in

328 3001 458 3069 ventre
484 2995 590 3068 uubis
608 2994 782 3090 expulsus
802 3015 826 3068 a
846 2994 981 3090 frigore
998 2992 1079 3086 loci,
1104 2992 1198 3066 sicut
1214 2992 1408 3086 probatum
1427 2989 1495 3063 luit

328 3135 451 3209 supra,
476 3135 513 3186 sc
538 3117 561 3187 t
572 3117 697 3206 impeto
718 3116 850 3207 primo,
868 3112 970 3207 idest,
997 3119 1119 3186 motus
1144 3111 1272 3207 primae
1297 3109 1493 3186 voluntatis

326 3240 454 3330 potest,
485 3233 623 3329 supple,
656 3232 770 3308 videri
800 3232 932 3308 cadere
957 3232 1143 3326 deorsum,
1170 3252 1195 3304 a
1220 3237 1318 3304 terra
1347 3226 1495 3320 ritorto,

325 3352 429 3448 idest,
442 3373 554 3427 carue
567 3351 723 3426 hominis
735 3372 821 3425 cum
841 3351 977 3447 impetu
997 3351 1159 3447 depulsa,
1173 3353 1221 3424 da
1231 3353 1325 3444 salso
1339 3352 1495 3443 placere,
1592 3411 1596 3416 .

328 3473 430 3569 idest,
455 3495 478 3548 a
504 3471 819 3567 complacibilitate
845 3471 897 3546 rei
930 3492 1043 3567 quam
1075 3476 1177 3545 amat
1207 3475 1397 3564 tamquam
1429 3469 1498 3543 ho·

328 3616 425 3688 nam,
452 3613 538 3667 cum
566 3599 690 3667 tamen
715 3612 789 3666 nou
814 3591 870 3686 sit,
896 3590 933 3665 in
954 3613 1028 3686 qua
1045 3598 1101 3666 est
1117 3591 1205 3665 salsa
1224 3590 1385 3685 felicitas,
1402 3590 1496 3665 sicut

240 3755 243 3760 ψ
326 3714 507 3789 subtiliter
531 3712 697 3809 probavit
723 3717 831 3808 poeta
857 3712 892 3785 in
912 3711 1116 3809 Purgatorii
1137 3711 1308 3808 capitulo,
1334 3712 1395 3786 ubi
1418 3718 1494 3785 tra·

326 3834 437 3909 ctavit
460 3833 507 3908 de
536 3853 737 3908 amore-
751 3837 831 3906 Non
863 3835 927 3907 dei.
961 3831 1025 3906 llic
1060 3831 1196 3906 ultimo
1224 3839 1330 3927 poeta
1366 3831 1497 3925 repetit

327 3953 597 4026 conclusionem
632 3953 824 4048 probatam
856 3951 903 4025 ad
937 3972 1065 4026 veram
1101 3951 1349 4026 exclusionem
1382 3949 1495 4042 dubii,

327 4071 472 4164 scilicet,
499 4071 597 4165 quod
623 4071 702 4146 eius
719 4091 891 4144 aseensus
915 4069 961 4143 ad
979 4070 1117 4145 coelum
1135 4075 1189 4146 est
1212 4067 1397 4163 naturalis,
1420 4087 1493 4142 non

326 4191 566 4286 accidentalis,
581 4212 646 4287 per
667 4212 779 4265 unam
797 4188 1108 4284 comparationem
1127 4188 1335 4262 naturalem
1353 4195 1390 4263 et
1407 4207 1494 4283 pro-

327 4312 455 4406 priam,
482 4331 567 4407 quae
591 4311 637 4387 de
661 4330 702 4385 se
726 4314 836 4406 patet,
862 4309 1003 4384 dicens:
1030 4313 1111 4382 Non
1136 4311 1191 4382 det
1214 4303 1277 4400 pit
1305 4311 1493 4398 ammdar,

325 4431 401 4505 istis
425 4432 520 4506 hene
545 4430 791 4524 consideratis,
817 4433 852 4503 to
877 4437 934 4502 tuo
958 4431 1079 4519 satire,
1105 4427 1208 4521 idest,
1234 4427 1433 4503 ascendere
1458 4427 1494 4500 in

326 4551 475 4644 coelum,
501 4573 537 4624 se
562 4551 644 4624 tene
668 4555 798 4645 roomo,
824 4550 866 4644 si,
892 4569 959 4644 pro
985 4548 1084 4643 quia,
1116 4569 1154 4621 sc
1178 4567 1250 4620 oon
1276 4568 1371 4620 conce
1401 4549 1496 4620 d'on
1542 4563 1544 4568 ⁴

326 4673 419 4760 rivo,
439 4669 584 4763 scilicet,
602 4689 710 4764 aquae
727 4669 921 4762 currentis,
938 4690 975 4741 se
991 4671 1026 4741 d'
1039 4671 1111 4741 otto
1128 4674 1243 4741 monte
1258 4668 1381 4740 :cende
1396 4671 1496 4758 pinso

326 4790 377 4861 od
399 4791 482 4881 imo,
508 4788 609 4884 idest,
635 4789 682 4863 ad
700 4789 859 4883 bassum,
883 4787 987 4882 quasi
1008 4786 1123 4861 dicat:
1150 4796 1235 4862 tuus
1259 4805 1431 4860 ascensus
1458 4785 1495 4858 in

389 5045 417 5108 (¹)
433 5050 457 5105 t,
473 5046 588 5098 obducit.
