4342 6692
679 852 727 927 98
1039 860 1245 920 comunis
1268 860 1491 925 ausonium

681 1008 860 1083 membris
892 1014 1060 1083 remanet
1084 1006 1222 1101 aliquid
1254 1005 1353 1101 qood
1386 1011 1541 1081 roratur
1565 1024 1724 1101 sperma,
1748 1003 1851 1097 merl„

677 1149 832 1224 semen3
865 1137 904 1205 et
934 1128 1006 1205 tale
1036 1148 1184 1223 sperma
1210 1134 1379 1222 temporo
1407 1126 1527 1207 notura
1550 1125 1589 1202 in
1611 1124 1763 1207 bomine
1784 1124 1851 1206 do·

679 1247 798 1328 currit
822 1248 918 1325 inira
942 1247 988 1323 ad
1013 1268 1103 1323 vasa
1126 1246 1336 1341 seminaria,
1360 1246 1496 1323 nitra
1520 1246 1719 1339 minoas,
1738 1252 1778 1323 ot
1800 1244 1850 1322 bt

680 1390 727 1444 er
753 1370 871 1445 rubeo
896 1368 1056 1445 efficitur
1084 1368 1210 1443 album
1243 1374 1281 1443 et
1309 1366 1512 1445 effunditur
1539 1366 1580 1441 in
1603 1365 1795 1445 matrioena
1811 1359 1848 1457 (¹)

682 1490 858 1583 mulieris,
884 1496 921 1567 el
946 1488 994 1565 ibi
1019 1488 1280 1565 nummiscetnr
1303 1506 1393 1565 eram
1417 1487 1598 1583 sanguine
1622 1488 1758 1563 einset
1774 1488 1850 1583 agn

682 1610 719 1685 in
744 1610 863 1685 illam:
890 1616 927 1685 et
951 1608 1045 1685 siout
1069 1629 1116 1685 er
1142 1609 1300 1704 coagulo
1323 1614 1362 1683 et
1385 1608 1481 1685 laete
1504 1608 1546 1683 lit
1567 1628 1711 1701 moeurs,
1731 1607 1782 1683 ita
1799 1628 1850 1691 ox

681 1736 866 1826 spermate
889 1735 928 1805 et
952 1736 1145 1805 menstruo
1168 1727 1210 1803 lit
1229 1728 1340 1806 leon
1355 1734 1425 1805 oto
1446 1728 1552 1805 Nune
1565 1727 1614 1803 ad
1633 1728 1777 1805 literam
1792 1728 1851 1803 di·

682 1850 730 1925 nit
755 1849 910 1925 Statius:
937 1854 1076 1941 Sunmoe
1095 1853 1259 1944 perfetio,
1282 1848 1431 1942 scilieet,
1451 1868 1612 1943 sperma,
1627 1844 1692 1942 uui
1709 1856 1765 1925 oet
1783 1848 1851 1925 de-

682 1960 860 2062 uoctusl')
888 1976 926 2045 et
950 1969 1163 2063 depuratus,
1187 1970 1249 2043 clu
1277 1970 1352 2043 not
1381 1988 1454 2044 nort
1481 1968 1619 2043 obrue
1649 1970 1744 2043 dalle
1767 1988 1852 2043 wne

681 2096 841 2181 melon,
866 2089 969 2183 idest,
995 2087 1198 2181 sitibundis,
1221 2088 1281 2163 rel
1305 2087 1523 2163 habentibus
1539 2087 1657 2181 sitim;
1674 2088 1779 2182 quad
1795 2088 1852 2163 di-

682 2216 755 2304 eat,
779 2208 878 2307 quod
904 2230 977 2285 non
1003 2208 1132 2285 transit
1156 2208 1194 2283 in
1216 2208 1448 2301 alimentum,
1471 2208 1537 2283 sad
1561 2215 1712 2303 proptor
1734 2228 1852 2306 gene-

684 2329 864 2405 rationem
881 2318 931 2421 (³)-
957 2330 1019 2402 Est
1044 2327 1143 2403 enim
1161 2327 1393 2423 superfluitas
1413 2326 1522 2421 utilis,
1543 2327 1642 2403 nude
1664 2328 1771 2403 dicit:
1788 2331 1855 2403 est

683 2454 836 2541 renone,
862 2470 884 2523 a
908 2448 1027 2549 simili,
1053 2450 1156 2540 nuno
1177 2451 1342 2523 ulmodo
1364 2448 1427 2522 obe
1449 2449 1522 2522 lone
1536 2450 1577 2521 di
1591 2466 1725 2539 mura,
1747 2447 1854 2542 idest,

685 2572 779 2647 tollis
804 2577 842 2647 et
867 2590 1047 2647 removes.
1074 2570 1118 2643 Et
1143 2568 1201 2645 bie
1227 2575 1312 2645 nola
1336 2567 1438 2661 onon
1464 2567 1662 2644 similitudo
1685 2574 1743 2645 est
1766 2588 1855 2663 pro·

655 2696 657 2704 ‘
684 2690 886 2787 priissima:
912 2690 1006 2765 sicut
1030 2689 1130 2765 euim
1154 2710 1201 2765 ex
1226 2688 1308 2765 oibo
1332 2687 1497 2783 apposito
1523 2687 1601 2785 regi
1626 2688 1686 2763 rel
1704 2688 1853 2765 domim

685 2810 774 2887 illud
798 2811 898 2905 quod
924 2815 1092 2885 remanet
1115 2820 1155 2887 et
1178 2809 1323 2885 levatur
1347 2808 1395 2883 de
1417 2828 1546 2886 mensu
1561 2814 1618 2883 est
1634 2808 1685 2883 ita
1700 2808 1853 2901 bonum,

685 2932 779 3006 sient
804 2929 891 3004 illud
917 2930 1016 3023 qnod
1040 2938 1246 3007 comestum
1267 2934 1334 3021 est,
1353 2927 1443 3021 quia
1466 2934 1522 3002 est
1545 2928 1592 3003 de
1615 2927 1748 3005 eadem
1763 2928 1854 3003 sub·

684 3050 828 3144 stantia,
846 3050 895 3125 ita
920 3060 976 3129 est
995 3049 1041 3125 de
1057 3049 1238 3145 sauguine
1253 3048 1339 3123 dato
1354 3048 1477 3141 cordi3
1492 3036 1629 3143 quiadl
1648 3048 1738 3125 illud
1754 3048 1854 3142 qnod

685 3177 798 3247 restat
822 3171 917 3245 laeta
942 3170 1124 3245 cibatione
1139 3176 1177 3247 et
1193 3169 1447 3245 distributione
1462 3176 1519 3243 est
1535 3169 1585 3248 ita
1601 3168 1743 3245 bouum
1759 3168 1855 3247 aient

685 3291 773 3365 illud
799 3290 898 3384 quod
923 3289 1053 3379 transit
1077 3289 1115 3361 io
1139 3289 1368 3365 alimentum.
1394 3288 1469 3381 Ille,
1499 3288 1663 3383 inquam,
1692 3289 1854 3385 sangnis,

683 3414 818 3505 prende
841 3413 900 3484 nel
921 3431 1039 3501 cume,
1065 3409 1168 3503 idest,
1193 3409 1352 3503 anquirit
1378 3408 1417 3483 in
1444 3408 1568 3503 eorde,
1593 3411 1718 3483 wara
1738 3412 1855 3503 asor-

687 3534 841 3623 mutr'oo3
871 3549 957 3607 nam
987 3549 1053 3604 oor
1082 3549 1156 3604 uon
1188 3529 1309 3604 solum
1341 3528 1451 3604 babet
1482 3528 1663 3605 rationem
1690 3526 1854 3625 principii

688 3656 855 3745 respectu
882 3648 996 3745 epatis
1021 3657 1058 3725 et
1082 3648 1237 3743 cerebri,
1262 3648 1328 3725 sed
1356 3648 1467 3724 etia·
1494 3654 1663 3745 respectu
1686 3648 1855 3726 omnium

688 3770 955 3863 membrorum,
981 3769 1040 3843 cni
1066 3768 1248 3845 subservit
1272 3767 1431 3862 spiritus,
1451 3767 1517 3861 qui
1541 3767 1619 3843 erit
1640 3788 1728 3845 oum
1753 3787 1858 3863 unffi

689 3896 787 3967 mate
813 3890 935 3983 maris,
961 3890 996 3965 in
1024 3910 1100 3985 quo
1130 3896 1185 3965 est
1216 3890 1332 3965 virtus
1362 3888 1619 3983 informativa3
1644 3888 1726 3965 ideo
1750 3889 1855 3968 dot:

688 4034 713 4085 a
736 4019 817 4087 tutte
840 4012 997 4085 nembro
1019 4032 1160 4103 onom,
1180 4010 1326 4104 soilioet,
1347 4010 1549 4104 lormanda,
1566 4009 1655 4104 qula
1679 4010 1718 4087 in
1741 4010 1855 4088 eorde

687 4131 783 4227 capit
808 4131 1005 4227 potentiam
1036 4129 1218 4205 formandi
1248 4130 1372 4205 omnia
1403 4130 1584 4220 membra,
1607 4152 1706 4205 nome
1728 4134 1856 4223 mello,

689 4251 832 4346 scilicet,
858 4251 1017 4347 sangnis,
1044 4254 1104 4325 obe
1128 4272 1231 4342 eone,
1261 4250 1362 4343 idest,
1388 4251 1497 4344 radit,
1522 4257 1561 4329 et
1585 4250 1767 4346 discurrit,
1788 4274 1857 4345 per

689 4376 720 4447 le
745 4393 828 4445 note
852 4392 877 4443 a
898 4375 993 4466 [orsi
1017 4374 1137 4464 quelle,
1165 4370 1269 4465 idest,
1287 4379 1329 4447 ut
1354 4370 1443 4446 liant
1467 4371 1527 4447 illa
1552 4371 1731 4449 membra.
1753 4372 1857 4451 Unde

689 4498 852 4587 apparet,
865 4491 963 4584 quod
980 4512 1128 4587 sperma
1148 4490 1391 4586 potentialiter
1405 4497 1464 4565 est
1480 4492 1604 4585 bomo,
1617 4490 1710 4569 ineat
1729 4498 1858 4588 aptum

691 4618 818 4685 natum
846 4611 922 4685 lieri
950 4614 1072 4708 bomo,
1104 4613 1339 4688 siculorum
1370 4612 1408 4685 in
1439 4612 1602 4709 potentia
1632 4618 1689 4687 est
1711 4612 1857 4710 gallina.

691 4732 843 4825 Sperma
876 4730 987 4827 igitur
1017 4732 1223 4810 radicaliter
1252 4738 1308 4807 eet
1337 4731 1375 4809 iu
1404 4732 1526 4827 eorda,
1558 4731 1624 4811 sed
1656 4732 1859 4811 formaliter

753 4916 782 4979 (¹)
796 4918 827 4968 E.
843 4920 870 4968 in
886 4921 1002 4971 nutrice.
1127 4921 1156 4985 Ρ)
1171 4925 1226 4979 m,
1246 4920 1312 4971 bno
1326 4926 1425 4972 coetos.

754 4991 781 5055 ι’)
796 4992 827 5044 ll.
843 4998 1035 5059 generationem
1051 5001 1185 5060 serratum
1200 4997 1274 5062 onan
1289 4998 1370 5049 dieat:
1385 5004 1434 5049 ost.
1557 4998 1587 5061 (¹)
1601 4998 1634 5049 ll.
1647 5001 1676 5049 tt
1690 4998 1758 5063 qula.
