4342 6692
665 895 740 962 tat
1059 907 1266 964 construit
1290 909 1457 964 emensi

663 1053 761 1128 Deus
787 1053 895 1150 elegit
921 1059 1121 1148 utramque
1146 1053 1245 1128 viam
1271 1075 1339 1150 pro
1364 1053 1520 1147 meliori,
1545 1054 1688 1130 dicens:
1714 1076 1774 1129 mo
1800 1058 1839 1128 to

663 1176 784 1250 ditem
808 1163 913 1246 nomo
936 1176 998 1248 'cte
1013 1177 1039 1248 'l
1062 1177 1193 1248 mondo
1217 1178 1405 1268 imprento,
1428 1173 1532 1270 idest,
1552 1176 1725 1250 informat
1740 1181 1840 1250 tam·-

662 1314 774 1388 quam
801 1294 957 1368 formale
988 1295 1218 1391 principium,
1247 1299 1288 1390 fu
1319 1302 1479 1370 conecto
1509 1299 1548 1369 n
1571 1300 1748 1390 procedet
1774 1318 1841 1392 per

662 1421 742 1489 tutte
766 1418 797 1488 te
821 1436 881 1488 rue
907 1417 973 1508 oie,
998 1415 1133 1492 scilicet
1153 1417 1333 1512 justitiam
1351 1426 1390 1492 et
1407 1417 1695 1493 misericordiam
1719 1417 1841 1492 inlini-

663 1542 749 1631 tum,
775 1556 800 1607 o
824 1538 994 1610 ettenorot
1017 1557 1121 1631 strom·
1146 1543 1184 1612 et
1207 1557 1295 1612 ecce
1320 1557 1472 1612 causam
1499 1538 1688 1633 optimam,
1708 1535 1838 1631 percle*

654 1658 683 1744 t
696 1677 789 1750 opro
814 1654 836 1732 c*
858 1664 953 1730 tunto
972 1652 1038 1749 piri
1061 1660 1220 1751 prodito,
1248 1657 1527 1751 increparetur
1550 1658 1747 1754 gratiosior
1771 1659 1839 1732 lio-

662 1776 832 1872 minibus‚
859 1780 943 1852 doll’
956 1787 1137 1871 operante,
1161 1778 1264 1872 idest,
1290 1779 1338 1853 ab
1362 1787 1506 1876 agente,
1533 1787 1662 1876 quanto
1681 1775 1746 1872 pcil
1770 1799 1839 1872 op-

658 1907 835 1994 presento,
863 1899 968 1992 idest,
994 1900 1232 1995 demonstrat,
1258 1891 1481 1974 collabenti
1505 1903 1563 1974 dcl
1584 1922 1701 1994 cuore
1729 1901 1835 1996 idest,

659 2020 786 2115 animi,
811 2025 894 2095 ond’
908 2024 975 2094 ello
1006 2017 1027 2094 e*
1056 2023 1178 2115 moto,
1207 2021 1309 2115 idest,
1335 2043 1358 2096 a
1388 2041 1463 2116 quo
1489 2022 1675 2115 prooessit.
1705 2022 1750 2094 Et
1778 2023 1838 2095 liic

660 2147 746 2216 nota
773 2141 871 2236 quod
898 2141 927 2216 si
953 2142 1037 2216 licet
1063 2151 1283 2237 comparare
1308 2143 1472 2216 humana
1496 2142 1626 2216 divinis
1650 2141 1837 2237 Galeugus

661 2270 787 2338 noster
812 2263 955 2336 italicus
983 2263 1207 2358 justissimus
1237 2263 1423 2359 legislator
1456 2264 1549 2338 hanc
1575 2263 1673 2336 viam
1700 2264 1835 2357 tenuit3
1893 2325 1896 2330 .

661 2383 836 2479 quoniam
859 2383 1073 2458 mirabiliter
1099 2390 1136 2458 et
1160 2384 1299 2478 pariter
1315 2405 1407 2456 usus
1426 2389 1484 2458 est
1496 2382 1638 2478 justitia
1663 2390 1701 2458 et
1725 2384 1836 2458 mise-

662 2503 830 2597 ricordia,
856 2503 905 2578 ita
931 2503 1030 2596 quod
1056 2525 1130 2577 non
1157 2503 1305 2577 violavit
1325 2503 1503 2599 justitiam
1522 2509 1671 2602 propter
1692 2503 1836 2577 miseri-

660 2623 835 2718 cordiam,
849 2643 919 2698 nec
936 2623 1224 2697 misericordiam
1244 2627 1393 2718 propter
1404 2623 1596 2718 justitiam.
1610 2625 1705 2698 Cum
1724 2623 1835 2716 euim,

661 2751 702 2818 ut
719 2751 846 2819 narrat
864 2743 1100 2840 philosophus
1118 2744 1239 2838 primo
1252 2744 1502 2838 Politicorum,
1515 2744 1695 2818 sanxisset
1714 2744 1836 2841 legem

660 2872 702 2939 ut
727 2866 873 2940 adulter
891 2871 1051 2960 utroque
1071 2866 1181 2940 oculo
1201 2865 1422 2959 privaretur,
1441 2865 1514 2939 lilio
1532 2865 1678 2961 proprio
1695 2865 1760 2959 qui
1778 2867 1836 2940 in-

658 2985 797 3061 ciderat
821 2986 858 3060 iu
885 2986 1016 3081 legem,
1043 3005 1130 3059 cum
1160 2984 1221 3058 diu
1254 2985 1290 3058 in
1327 2985 1449 3080 rigore
1481 2985 1715 3080 pertinaciter
1748 3005 1836 3081 per-

660 3107 860 3200 mansisset,
877 3106 1024 3180 tandem
1043 3107 1208 3200 pietatus
1225 3104 1396 3199 precibus
1412 3104 1580 3178 omnium
1599 3104 1696 3180 eruit
1715 3126 1833 3179 unum

657 3228 807 3303 oculum
834 3227 907 3302 filio
932 3228 1090 3302 alterum
1118 3225 1205 3319 sibi3
1229 3225 1277 3300 ita
1302 3231 1463 3300 eternus
1479 3226 1595 3321 judex
1608 3225 1835 3320 justissimus

657 3349 841 3444 legislator
866 3347 929 3421 diu
956 3367 1086 3422 severe
1112 3347 1187 3442 egit
1211 3353 1340 3421 contra
1360 3367 1479 3443 genus
1495 3348 1702 3421 humanum
1727 3365 1834 3420 reum

659 3468 786 3542 mortis
813 3473 961 3561 propter
986 3472 1179 3561 peecatum
1207 3467 1315 3561 primi
1341 3467 1502 3561 parentis
1530 3488 1553 3541 a
1585 3466 1742 3541 muliere
1766 3466 1832 3540 de-

657 3588 770 3684 cepti3
797 3592 834 3661 et
851 3587 1008 3662 finaliter
1029 3588 1199 3682 precibus
1217 3588 1341 3662 multis
1353 3589 1542 3684 justorum
1564 3595 1602 3662 et
1617 3594 1830 3662 sauctorum

560 3731 564 3739 ·
657 3716 805 3804 patrum
824 3730 914 3782 usus
932 3715 987 3784 est
1000 3709 1140 3804 justitia
1159 3715 1197 3782 et
1214 3709 1463 3784 misericordia
1476 3708 1608 3783 Filium
1625 3729 1735 3782 suum
1758 3710 1831 3783 liu·

658 3829 829 3904 miliando
855 3830 901 3903 ad
927 3828 1217 3903 incarnationem
1243 3835 1282 3904 et
1306 3830 1524 3924 passionem.
1540 3869 1590 3883 —
1603 3826 1664 3904 Ne‘.
1684 3829 1752 3903 llic
1774 3830 1833 3902 ul-

658 3950 746 4024 timo
772 3949 917 4024 Beatrix
951 3949 1163 4046 magnificat
1193 3955 1230 4023 et
1262 3949 1515 4044 superextollit
1546 3950 1646 4024 hunc
1678 3949 1831 4023 modum

656 4070 857 4144 redimendi
879 4069 1109 4144 excludendo
1127 4089 1276 4143 omnem
1293 4069 1407 4142 alium
1427 4069 1590 4142 modum.
1608 4068 1702 4143 Dicit
1720 4089 1831 4166 ergo:

657 4183 762 4264 Neri
789 4193 861 4264 olto
886 4211 905 4264 c
927 4183 959 4263 ri
984 4193 1171 4282 neopatfico
1195 4180 1484 4282 promotorum
1511 4196 1610 4263 tanta
1637 4189 1829 4286 magnani-

657 4311 782 4386 mitate
807 4318 845 4386 et
870 4311 1100 4404 liberalitate,
1118 4316 1172 4404 pr,
1189 4312 1236 4409 de
1253 4311 1449 4405 preterito,
1468 4311 1605 4385 scilicet
1624 4331 1690 4405 per
1711 4318 1830 4384 totum

655 4436 800 4526 tempus
825 4431 916 4528 legis
942 4437 1084 4505 naturae
1110 4436 1148 4506 et
1174 4431 1264 4527 legis
1290 4429 1772 4525 scripturae,ope,sci1icet
1793 4430 1831 4505 in

656 4549 780 4626 lutuno
806 4573 872 4646 per
899 4558 1018 4625 totum
1047 4559 1191 4646 tempus
1211 4552 1352 4647 gratim,
1369 4573 1391 4624 o
1402 4573 1472 4645 per
1492 4553 1603 4624 tuno
1620 4572 1643 4622 o
1662 4572 1731 4642 per
1747 4553 1832 4624 l'ot-

655 4677 723 4763 ino,
754 4671 856 4765 idest,
884 4692 949 4766 per
974 4670 1072 4745 viam
1094 4671 1246 4767 justitiae
1270 4673 1330 4746 vel
1361 4671 1630 4764 misericordiae,
1657 4678 1715 4744 tro
1740 4673 1832 4745 tul·

656 4793 740 4863 tirno
760 4799 863 4883 nolte,
883 4791 919 4864 in
934 4787 971 4884 (¹)
990 4791 1101 4866 linem
1123 4790 1262 4884 mundi,
1280 4813 1299 4864 e
1314 4793 1342 4864 il
1352 4793 1470 4883 primo
1487 4793 1554 4886 die,
1575 4789 1677 4885 idest,
1696 4790 1830 4884 priuci-

661 5023 663 5030 Ι
718 5055 744 5116 (¹)
761 5055 791 5105 E.
807 5068 822 5103 e
840 5060 862 5116 t,
879 5055 945 5106 idest
962 5055 1049 5106 finem.
