4342 6692
694 876 741 943 92
1052 886 1257 944 cummanum
1280 889 1504 944 runcanonn

693 1030 859 1108 mitatem
894 1031 1040 1129 linguae,
1071 1035 1132 1106 cte
1159 1038 1202 1129 sa
1231 1038 1323 1107 colui
1353 1037 1442 1108 ct’u
1471 1037 1569 1109 dicer
1597 1038 1863 1129 s'urpomentu,

692 1151 795 1247 idest,
819 1160 1003 1249 praeparat
1027 1173 1068 1227 se
1092 1153 1140 1228 ad
1163 1154 1378 1250 dicendum,
1403 1176 1427 1229 a
1452 1154 1572 1250 simili,
1594 1159 1699 1249 quob
1720 1160 1749 1229 u
1770 1161 1864 1231 cieo-

692 1279 779 1368 onio
804 1279 865 1349 circ
888 1279 966 1350 teca
991 1278 1170 1370 l'alaper
1195 1278 1313 1367 vopliu
1335 1279 1376 1349 di
1398 1280 1569 1367 poturae
1592 1298 1666 1350 nou
1689 1280 1863 1353 emman

693 1398 729 1470 α’
741 1397 976 1469 abbandonar
1001 1400 1036 1469 lo
1060 1399 1157 1488 nido,
1181 1418 1202 1469 e
1224 1391 1286 1487 osu
1306 1400 1343 1469 tc
1362 1400 1454 1469 cola.
1480 1398 1524 1469 Et
1549 1396 1608 1471 bic
1632 1403 1719 1471 uota
1744 1419 1864 1492 quan·

694 1522 775 1590 tum
801 1516 1027 1612 comparatio
1047 1521 1104 1591 est
1119 1514 1268 1612 propria
1281 1535 1350 1611 per
1369 1535 1500 1591 omnes
1515 1522 1640 1611 partes
1655 1536 1757 1611 suas,
1775 1538 1862 1592 nam

693 1637 864 1733 Virgilius
888 1644 926 1711 et
950 1635 1085 1710 Statius
1108 1637 1173 1711 alti
1197 1644 1316 1731 poeta
1340 1637 1470 1734 tragici
1494 1644 1647 1734 possunt
1670 1638 1864 1712 assimilari

693 1756 841 1832 ciconiis
866 1756 1080 1832 iacientibus
1104 1756 1232 1831 nidum
1257 1755 1295 1829 in
1314 1756 1396 1831 altis
1413 1758 1531 1849 tectis;
1549 1763 1588 1831 et
1604 1756 1739 1832 [lantes
1754 1766 1861 1853 poeta

693 1878 813 1952 minor
829 1874 865 1971 (¹)
894 1884 994 1953 recte
1009 1878 1232 1951 assimilatur
1256 1878 1331 1951 lilio
1356 1878 1516 1952 ciconiae.
1535 1878 1640 1952 blodo
1656 1878 1751 1953 sicut
1766 1878 1862 1952 lilius

692 2000 841 2075 ciconiae
866 1998 1048 2074 desiderat
1072 1999 1198 2073 levare
1214 1998 1312 2072 alam
1329 2005 1416 2073 ante
1438 2005 1595 2093 tempus,
1619 1998 1685 2073 sed
1703 1998 1863 2074 sentiens

691 2140 732 2195 se
749 2120 987 2214 impotentem
1001 2117 1047 2192 ad
1061 2109 1097 2210 (²)
1113 2118 1277 2191 rolatum
1294 2117 1442 2213 deponit
1459 2138 1561 2213 eam,
1579 2119 1629 2192 ita
1641 2119 1786 2213 liariter,
1800 2118 1864 2211 qui

692 2245 845 2317 venerat
858 2239 956 2313 ultra
968 2237 1124 2313 milliare
1137 2239 1279 2334 tacitos,
1292 2237 1522 2313 desiderabat
1535 2258 1687 2314 movere
1698 2238 1863 2335 linguam

692 2360 799 2437 avide
822 2360 869 2434 ad
894 2360 1005 2434 altam
1033 2361 1295 2455 quastionem3
1320 2360 1385 2435 sed
1408 2359 1579 2434 dubitans
1607 2366 1694 2435 ante
1718 2367 1863 2455 tempus

693 2481 831 2575 volare,
849 2478 1073 2575 reprimebat
1089 2478 1313 2555 desiderium
1329 2501 1441 2553 suum
1457 2486 1654 2574 expectans
1679 2480 1861 2555 licentiam

693 2600 880 2675 seniorum
895 2591 945 2691 (ἢ.
971 2601 1015 2672 Ει
1031 2598 1153 2673 subdit
1173 2598 1354 2673 licentiam
1372 2599 1497 2674 datam
1519 2598 1587 2673 sibi
1602 2621 1625 2673 a
1643 2598 1805 2696 Virgilio,
1825 2606 1863 2675 et

694 2742 801 2797 suam
822 2720 1046 2817 petitionem,
1064 2719 1205 2794 dicens:
1221 2723 1257 2794 lo
1272 2722 1598 2813 anteponens,
1615 2720 1762 2814 scilicet,
1780 2720 1862 2794 Vir-

692 2842 812 2939 gilius,
845 2862 917 2914 non
941 2833 1061 2933 iasub,
1087 2841 1216 2936 supple
1249 2840 1383 2934 dicere,
1408 2864 1477 2933 per
1507 2844 1531 2913 l
1542 2844 1663 2915 undar
1687 2846 1748 2916 cde
1767 2847 1862 2937 [mse

691 2970 799 3054 rotto,
824 2961 923 3057 *per
948 2961 1047 3035 illam
1073 2961 1172 3036 viam
1198 2967 1352 3054 arctam,
1378 2982 1438 3033 mu
1461 2963 1570 3034 disse·
1591 2983 1714 3035 scoccu
1739 2965 1861 3036 lurco

692 3086 749 3157 del
772 3086 830 3156 dir
854 3085 914 3156 circ
934 3086 1009 3175 fian
1034 3085 1073 3156 ot
1092 3085 1195 3175 [erro
1219 3084 1280 3155 bui
1302 3083 1442 3154 batto*
1456 3070 1507 3175 (⁸),
1529 3082 1634 3176 quasi
1659 3082 1775 3157 dicat:
1792 3105 1862 3159 au·
1988 3127 1993 3138 ·

691 3202 817 3277 dacter
841 3203 943 3277 solve
967 3202 1132 3298 linguam
1159 3208 1196 3276 et
1220 3202 1347 3275 emitte
1369 3201 1539 3295 verbum,
1561 3202 1759 3297 quodiam
1785 3212 1861 3277 tra·

691 3322 774 3396 xisti
799 3322 978 3416 usquead
996 3322 1134 3396 dentes
1152 3321 1197 3394 Et
1213 3328 1270 3395 est
1284 3321 1432 3416 propria
1450 3323 1686 3416 metaphora:
1703 3324 1858 3397 verbum

692 3442 790 3517 enim
820 3441 901 3517 leve
931 3442 1029 3516 volat
1057 3448 1101 3515 ut
1128 3442 1260 3537 sagitta
1293 3442 1592 3535 irrevocabiliter,
1627 3449 1664 3517 et
1696 3448 1861 3536 penetrat

691 3562 878 3655 usquead
904 3560 1030 3635 intima
1056 3560 1195 3635 cordis:
1221 3567 1260 3635 et
1283 3560 1384 3656 ponit
1404 3560 1591 3656 ellectum,
1610 3560 1750 3636 dicens:
1767 3564 1861 3635 attor

691 3684 920 3755 marmeno
951 3684 1047 3773 april
1070 3684 1108 3754 la
1131 3682 1249 3772 bocco,
1275 3702 1388 3775 quam
1414 3681 1491 3755 sola
1516 3680 1688 3755 timiditas
1713 3683 1861 3758 tenebat

692 3801 867 3894 clausam,
894 3822 913 3875 e
945 3804 1141 3892 comirtciui,
1167 3801 1306 3895 supple,
1339 3799 1485 3875 dicere:
1516 3822 1613 3873 come
1641 3805 1675 3875 si
1701 3794 1775 3894 pud
1795 3805 1860 3896 lar
1983 3878 1988 3885 ,

691 3944 833 4015 mupro,
858 3921 999 4016 aliquis,
1024 3911 1061 3996 ld
1084 3924 1186 4012 douc,
1211 3920 1357 4015 scilicet,
1384 3922 1421 3996 in
1445 3920 1650 4015 animabus,
1672 3925 1799 4015 luopo
1822 3926 1861 3997 di

690 4046 832 4137 rmdtir,
859 4042 962 4135 idest,
988 4063 1080 4137 opus
1105 4040 1301 4134 nutriendi,
1331 4040 1478 4134 scilicet,
1511 4041 1707 4117 comedere
1737 4050 1776 4117 et
1804 4043 1861 4117 bi·

689 4164 790 4257 bere,
816 4184 890 4237 ooo
917 4170 1040 4237 mccc?
1070 4162 1171 4256 idest,
1197 4182 1272 4235 non
1303 4160 1413 4235 babet
1443 4161 1578 4235 locum.
1609 4162 1655 4234 Et
1682 4161 1740 4236 bic
1773 4170 1859 4237 nota

689 4284 789 4378 quod
814 4282 881 4356 ista
907 4280 1071 4376 quaestio,
1091 4302 1203 4376 quam
1225 4286 1335 4356 autor
1360 4288 1485 4355 noster
1505 4287 1580 4354 tam
1605 4280 1751 4356 curiose
1775 4302 1860 4377 per-

690 4410 832 4496 tractat,
846 4403 905 4477 bic
922 4408 1002 4477 erat
1019 4402 1170 4476 omnino
1188 4400 1405 4494 necessaria,
1422 4400 1510 4493 quia
1528 4399 1702 4494 quicquid
1720 4400 1859 4475 dictum

688 4530 744 4599 est
769 4543 835 4618 per
859 4529 978 4597 totum
1005 4522 1043 4597 in
1068 4522 1211 4595 interno
1236 4528 1274 4597 et
1298 4520 1513 4617 purgatorio
1537 4522 1584 4597 de
1610 4528 1684 4595 tam
1705 4520 1859 4597 diversis

689 4644 805 4739 poenis
830 4643 1038 4717 animarum
1066 4641 1259 4716 videbatur
1289 4661 1441 4734 uanum,
1467 4662 1556 4715 cum
1581 4661 1656 4715 non
1683 4650 1860 4737 appareat

689 4783 756 4858 per
781 4762 879 4837 viam
906 4768 1049 4836 naturae
1078 4761 1178 4856 quod
1202 4762 1323 4835 anima
1346 4768 1554 4856 separataa
1574 4784 1730 4857 corpore
1747 4765 1858 4858 possit

753 4952 780 5009 (¹)
796 4954 850 5010 117,
862 4950 961 5012 J'unlor.
1085 4950 1114 5013 (Ἴ
1130 4955 1185 5007 ill.
1201 4950 1233 4999 ud
1248 4950 1398 5001 rolandum.
1522 4950 1549 5011 (¹)
1565 4952 1597 5001 Ε.
1612 4952 1786 5014 superiorum.

752 5028 780 5091 (Ι)
795 5028 832 5077 Le
848 5028 937 5091 parole
952 5026 1016 5079 lul
1034 5028 1084 5079 due
1101 5028 1233 5079 mlerbcbi
1247 5041 1296 5079 ron
1310 5028 1423 5092 supplito
1438 5030 1480 5081 dal
1493 5028 1581 5080 Codici
1596 5029 1704 5079 Bitenas
1718 5042 1736 5079 ο
1752 5031 1806 5079 ur.
