4342 6692
1040 856 1247 913 commun
1269 854 1489 912 iuuandum

675 1280 841 1353 andrus
874 1278 1110 1347 victitamus
1141 1274 1339 1359 QUINTUS,
1373 1275 1410 1343 iu
1440 1294 1501 1358 quo
1535 1272 1691 1359 Vsrprlitu
1722 1274 1850 1359 ruperit

753 1392 891 1463 murm
911 1392 1147 1460 dedmutmm
1174 1388 1280 1457 Danti
1313 1388 1515 1473 mmmmm
1546 1386 1684 1471 qualiter
1710 1392 1849 1471 manmit

755 1506 933 1573 merari
960 1504 1105 1589 spiritus
1130 1502 1186 1569 ubi
1211 1522 1277 1569 uon
1304 1498 1476 1584 mdiurst
1504 1500 1716 1581 nutrimenta·
1749 1504 1781 1566 ct
1809 1499 1849 1567 de

755 1618 845 1685 modu
866 1617 980 1703 figure
1001 1616 1181 1699 spiriteum,
1205 1618 1236 1681 et
1257 1611 1492 1697 diqwutaiuut
1512 1611 1551 1679 dc
1572 1612 1723 1695 ecquem

670 1917 674 1924 Ι
758 1862 884 2031 om
911 1976 976 2029 cru
1000 1956 1091 2027 uude
1107 1957 1134 2027 'l
1154 1956 1245 2027 sabb
1268 1974 1342 2027 uun
1366 1953 1848 2049 commansionem

676 2076 713 2151 in
739 2075 921 2172 superiori
946 2074 1105 2171 capitulo
1131 2081 1237 2169 poeta
1264 2079 1388 2150 noster
1414 2073 1625 2150 terminavit
1649 2081 1846 2151 tractatum

675 2198 785 2293 gulae,
812 2216 896 2291 quae
920 2194 1073 2290 punitur
1104 2194 1141 2269 in
1171 2200 1277 2269 sesto
1302 2192 1453 2289 circulo,
1479 2214 1579 2269 nunc
1610 2193 1648 2268 in
1681 2196 1848 2289 present

677 2316 836 2412 capitulo
850 2314 947 2389 XXV
965 2321 1166 2410 pertractat
1184 2334 1298 2389 unam
1314 2314 1471 2389 arduam
1492 2312 1745 2411 quaestionem,
1763 2336 1849 2410 quae

679 2437 842 2513 nascitur
858 2437 956 2512 circa
972 2436 1107 2512 dictam
1121 2434 1327 2532 materiam,
1341 2442 1378 2511 et
1394 2435 1506 2510 intrat
1523 2442 1720 2511 tractatum
1738 2437 1850 2511 luxu-

680 2559 745 2633 riae
771 2577 855 2653 quae
880 2556 1032 2653 punitur
1057 2556 1095 2631 in
1119 2556 1273 2651 septimo
1298 2554 1447 2630 circulo.
1466 2556 1510 2631 Et
1525 2553 1623 2631 istud
1646 2557 1849 2652 capitulum

671 2663 799 2773 'potest
822 2675 933 2752 dividi
958 2677 994 2749 in
1020 2683 1181 2771 quatuor
1197 2682 1320 2771 partas
1337 2677 1539 2772 generales.
1557 2676 1599 2749 ln
1620 2676 1738 2772 prima
1755 2698 1849 2772 qua·

678 2818 764 2871 rum
790 2802 898 2892 poeta
931 2796 1102 2893 proponit
1117 2788 1154 2889 (¹)
1185 2796 1304 2871 altam
1328 2796 1569 2890 questionem
1602 2795 1764 2893 Virgilio,
1789 2796 1850 2871 cui

678 2916 851 3013 Virgilius
876 2916 1070 3013 respondet
1095 2916 1133 2989 iu
1157 2913 1333 3012 generali.
1350 2914 1391 2988 ln
1417 2914 1577 2991 secunda
1602 2914 1739 2990 Statius
1762 2936 1849 3011 pre-

680 3037 784 3113 cibus
799 3036 935 3133 Virgilii
949 3038 1077 3112 volans
1094 3037 1238 3113 solvere
1256 3035 1509 3132 questionem,
1523 3036 1710 3131 qpomodo
1727 3037 1850 3113 anima

678 3166 847 3255 separata
871 3158 1043 3255 patiatur,
1069 3158 1192 3253 incipit
1217 3178 1240 3233 a
1265 3157 1385 3253 lunge,
1406 3164 1444 3233 et
1469 3162 1668 3253 pertractat
1691 3178 1851 3253 genera-

678 3278 817 3355 tionem
842 3280 965 3373 ioetus,
990 3278 1059 3353 ibi:
1085 3283 1130 3353 Se
1154 3281 1194 3351 lu
1218 3281 1354 3352 nemu
1387 3279 1428 3351 ln
1459 3276 1567 3355 tertia
1593 3276 1689 3352 idem
1715 3276 1853 3353 Statius

680 3398 851 3474 describit
876 3398 1157 3493 productionem
1181 3397 1314 3473 animae
1333 3398 1371 3472 in
1391 3398 1512 3493 ipsum
1537 3398 1680 3492 ioetum,
1698 3406 1737 3473 et
1755 3398 1851 3473 illius

680 3518 949 3614 separationem
976 3541 998 3594 a
1024 3539 1191 3615 corpore,
1208 3524 1246 3595 et
1265 3526 1443 3614 separatae
1460 3519 1678 3614 passionem,
1700 3519 1767 3594 ibi':
1789 3525 1851 3595 Mu

681 3660 777 3713 coum
801 3642 990 3715 d’autmal.
1017 3640 1058 3713 ln
1084 3647 1216 3733 quarta
1242 3646 1280 3715 et
1306 3639 1435 3713 ultima
1451 3640 1562 3715 intrat
1581 3641 1773 3717 materiam
1792 3640 1852 3715 lu·

682 3760 812 3855 xuriae,
837 3766 874 3835 et
898 3759 1068 3836 describit
1093 3781 1241 3855 poenam
1267 3760 1347 3835 eius
1371 3759 1409 3833 in
1433 3760 1608 3857 generali,
1634 3760 1702 3835 ibi:
1733 3766 1766 3833 Ε
1791 3748 1855 3853 pici

682 3886 815 3953 uuuetu
846 3879 900 3954 Ad
931 3880 1093 3975 primum
1121 3880 1215 3974 dico,
1242 3880 1340 3974 quod
1374 3886 1481 3975 poeta
1510 3887 1636 3957 movet
1665 3880 1850 3957 difficilem

681 4000 922 4096 questionem
948 3999 1109 4097 Virgilio,
1141 4001 1287 4096 scilicet,
1321 4002 1508 4095 quomodo
1532 4002 1657 4076 anima
1683 4007 1850 4097 separata

682 4125 801 4215 potest
822 4120 894 4216 pati
910 4141 1071 4216 poenam.
1098 4121 1143 4196 Et
1166 4121 1286 4217 primo
1311 4120 1498 4216 premittit
1515 4122 1644 4196 boram
1666 4120 1851 4216 temporis,

682 4247 721 4317 ut
737 4240 999 4315 sententialiter
1016 4240 1053 4315 in
1070 4240 1203 4317 effectu
1223 4262 1297 4316 non
1314 4242 1394 4315 nult
1409 4241 1508 4316 aliud
1524 4241 1740 4336 dicererisi
1753 4241 1854 4335 quod

682 4381 756 4436 non
782 4368 862 4435 erat
887 4361 979 4437 hora
1006 4360 1185 4457 perdendi
1204 4366 1361 4456 tempus,
1388 4360 1475 4456 quia
1501 4361 1585 4457 jam·
1606 4361 1852 4435 transiverant

681 4482 766 4559 duae
792 4487 913 4577 partes
938 4480 1010 4557 diei
1035 4482 1072 4555 in
1097 4501 1166 4557 suo
1184 4481 1528 4577 hemisperio,.sicut
1544 4481 1629 4557 duae
1649 4488 1771 4577 partes
1788 4501 1857 4557 no·

682 4604 748 4679 ctis
772 4604 1017 4679 transiverant
1041 4603 1079 4677 in
1099 4610 1245 4696 nostru;
1266 4602 1347 4679 ideo
1364 4602 1619 4679 accelerabant
1634 4595 1671 4696 (¹)
1690 4603 1770 4677 iter.
1792 4601 1856 4675 bi-

683 4724 732 4799 cit
755 4743 863 4819 crgo:
895 4729 972 4797 (bu
997 4744 1076 4815 cra,
1096 4729 1171 4797 tam
1198 4722 1315 4818 tarda,
1335 4726 1428 4797 ouda
1442 4726 1469 4796 ’l
1482 4725 1585 4816 autb,
1605 4722 1709 4817 idest,
1726 4742 1855 4797 ascen·

748 4984 775 5047 (¹)
791 4982 821 5034 E.
837 4984 911 5046 pouit
926 4982 1035 5035 ulmram
1051 4984 1229 5049 questionem.
1415 4986 1444 5049 ζ’)
1460 4986 1491 5036 li.
1506 4984 1675 5037 ncoebrrbat.
