4342 6692
694 884 766 955 362
1085 898 1289 957 comparum
1314 900 1481 955 ransom

690 1044 824 1119 melius
840 1049 946 1119 vocat
962 1044 1167 1119 Beatricem
1186 1045 1301 1121 solem
1318 1046 1584 1121 illuminantem
1602 1052 1765 1123 mentem
1783 1048 1866 1123 eius

690 1164 787 1239 circa
811 1163 952 1259 divina3
977 1166 1038 1237 cltc
1057 1167 1143 1257 prta
1168 1167 1217 1239 mi
1239 1157 1361 1239 scoldd
1385 1168 1524 1257 tlpctto
1553 1168 1731 1259 d’amore,
1758 1167 1863 1259 idest,

690 1304 774 1378 quae
798 1284 918 1379 primo
942 1284 1125 1360 amoravit
1149 1305 1215 1359 cor
1237 1306 1364 1361 meum
1382 1284 1589 1381 carnaliter,
1608 1286 1738 1363 deinde
1756 1309 1863 1363 men·

689 1405 821 1500 taliter,
847 1404 941 1479 sicut
966 1426 1064 1501 saepe
1089 1412 1278 1481 ostensum
1310 1411 1365 1481 est
1396 1406 1435 1481 in
1463 1407 1639 1503 principio
1669 1409 1800 1485 inferni
1827 1417 1864 1485 et

689 1524 726 1598 in
751 1524 824 1600 line
849 1525 1061 1622 purgatorii,
1080 1529 1125 1599 m’
1139 1547 1229 1601 noea
1244 1534 1403 1621 cooperto
1423 1530 1451 1600 it
1473 1529 1570 1601 dolce
1592 1536 1737 1622 nspettm
1757 1529 1862 1625 idest,

690 1645 985 1721 manifestaverat
1002 1646 1091 1720 mihi
1108 1654 1253 1744 gratam
1272 1646 1533 1743 inspectionem
1554 1647 1652 1723 circa
1675 1649 1858 1724 maculam

688 1765 797 1859 lune,
823 1768 861 1839 di
889 1766 979 1839 della
1008 1756 1132 1856 oattd,
1157 1766 1253 1841 bene
1281 1766 1378 1861 dicit,
1413 1767 1497 1861 quia
1529 1768 1656 1863 pulcra
1681 1769 1860 1843 subtiliter

688 1884 778 1959 dixit
802 1884 898 1959 eirca
931 1885 1038 1959 istam
1064 1886 1259 1961 materiam
1292 1886 1339 1961 ad
1369 1886 1622 1963 elucidandam
1653 1890 1858 1982 veritatem,

684 2006 872 2097 provando
896 2026 916 2078 e
938 2008 1171 2099 rtprooondo,
1192 2005 1294 2100 idest,
1311 2026 1472 2103 arguens
1498 2027 1565 2103 pro
1590 2014 1628 2083 et
1652 2016 1794 2101 contra,
1818 2016 1861 2084 ut

687 2126 802 2221 patuit
827 2126 865 2201 in
889 2127 1108 2221 praecedenti
1126 2126 1297 2223 capitulo.
1309 2168 1360 2183 -
1373 2132 1417 2201 Et
1430 2130 1476 2201 io.
1494 2128 1559 2203 llic
1582 2128 1715 2204 [lantes
1732 2131 1860 2205 volens

686 2245 825 2321 intrare
850 2268 984 2323 novam
1007 2248 1199 2323 materiam
1221 2248 1430 2322 animarum
1449 2246 1551 2343 lingit
1572 2268 1613 2323 se
1638 2248 1750 2325 luisse
1775 2251 1861 2325 abs-

688 2372 848 2441 tractum
873 2368 1099 2463 apparitione
1124 2388 1268 2463 earum,
1285 2366 1374 2442 dum
1392 2374 1540 2463 pararet
1561 2368 1683 2443 dicere
1702 2370 1858 2445 Beatrici

687 2487 787 2580 quod
812 2492 892 2562 erat
917 2487 1035 2563 lactus
1059 2495 1183 2564 certus
1216 2490 1263 2564 de
1291 2488 1387 2563 dicta
1416 2488 1595 2583 ueritate3
1627 2488 1725 2565 unde
1748 2490 1858 2564 dicit:

687 2611 733 2679 Et
754 2610 790 2679 io
816 2610 906 2681 aaut
929 2611 965 2681 lo
989 2629 1092 2701 capo,
1110 2608 1172 2684 ubi
1190 2608 1310 2706 primo
1328 2609 1476 2685 tenebat
1493 2610 1612 2684 visum
1631 2609 1793 2685 defixum
1821 2610 1858 2685 in

688 2725 892 2803 Beatricem
912 2728 1124 2804 auscultans
1144 2734 1284 2804 attente
1309 2748 1393 2823 que
1405 2723 1440 2821 (¹)
1455 2728 1609 2823 dicebat,
1623 2748 1721 2803 nunc
1742 2729 1858 2803 erexit

687 2852 807 2942 caput,
822 2843 883 2940 piri
907 2855 996 2941 erto,
1014 2847 1117 2942 idest,
1137 2848 1258 2943 altius,
1276 2856 1373 2923 turtto
1390 2855 1520 2940 quanto
1536 2851 1569 2922 si
1587 2869 1775 2939 convenae,
1793 2848 1856 2923 tali

688 2967 864 3063 materiae,
889 2988 914 3041 a
936 2972 1109 3063 profer-ir,
1133 2968 1235 3063 idest,
1262 2969 1308 3043 ad
1334 2968 1572 3064 loquendum,
1588 2990 1657 3061 per
1676 2970 1858 3063 consanam

686 3110 741 3163 nte
763 3096 885 3181 sesso,
910 3091 1049 3185 supple,
1075 3110 1168 3185 esse,
1194 3096 1357 3183 omero,
1386 3088 1532 3183 scilicet,
1550 3088 1742 3165 deerrare
1762 3110 1856 3186 meo,

685 3208 715 3283 si
740 3215 865 3285 tamen
890 3230 997 3286 error
1022 3217 1122 3305 erat3
1143 3230 1228 3285 nam
1251 3208 1371 3305 primo
1389 3209 1546 3284 habebat
1565 3209 1772 3306 opinionem
1793 3232 1858 3287 ve·

685 3348 778 3423 ram,
805 3352 919 3425 quam
950 3338 1074 3406 tamen
1109 3330 1267 3404 mutavit
1298 3328 1384 3423 quia
1409 3329 1486 3405 visa
1517 3336 1572 3404 est
1597 3329 1662 3405 sibi
1689 3350 1855 3427 erronea,

682 3457 833 3541 ecum,
859 3450 962 3546 idest,
988 3451 1227 3525 certioratum
1254 3455 1291 3525 et
1315 3450 1541 3524 declaratum
1568 3448 1614 3524 do
1638 3449 1731 3524 dicta
1754 3451 1854 3525 veri-

683 3574 778 3664 tate3
797 3570 860 3645 sed
886 3577 1068 3647 retractus
1094 3576 1149 3646 est
1172 3591 1196 3645 a
1217 3569 1443 3645 confessione
1460 3590 1540 3664 sua,
1557 3569 1657 3645 unde
1676 3569 1776 3645 dicit:
1794 3592 1856 3643 mu

683 3692 826 3784 omium,
854 3690 1001 3786 scilicet,
1034 3691 1267 3785 umbrarum,
1301 3690 1348 3765 de
1380 3689 1513 3785 quibus
1545 3689 1667 3764 statim
1701 3690 1854 3785 dicetur,

683 3830 853 3903 apparea,
880 3810 995 3885 oculis
1020 3810 1122 3904 mele,
1148 3811 1366 3883 classitanae
1397 3830 1451 3884 me
1480 3816 1576 3883 tanto
1605 3816 1723 3884 stretto
1753 3831 1777 3881 a
1804 3832 1855 3901 sc,

445 3901 449 3909 ¹
573 3938 577 3945 “
683 3931 846 4006 novitate
871 3931 936 4026 rei,
958 3931 1045 4026 quia
1071 3931 1149 4005 istae
1173 3936 1259 4005 sunt
1285 3929 1412 4023 primae
1428 3928 1561 4004 animae
1587 3951 1680 4024 quas
1704 3930 1792 4006 uidit
1817 3930 1855 4004 in

683 4051 864 4147 paradiso,
889 4051 971 4127 ideo
995 4051 1116 4125 subita
1142 4050 1318 4146 apparitio
1337 4050 1390 4125 rei
1411 4050 1603 4146 incognitae
1623 4050 1772 4125 abstulit
1788 4048 1854 4124 sibi

682 4170 921 4246 intentionem
946 4170 1131 4266 loquendi,
1158 4176 1196 4245 et
1220 4169 1318 4244 dedit
1343 4168 1409 4243 sibi
1435 4169 1673 4244 intentionem
1695 4169 1853 4265 videndi;

682 4291 764 4366 ideo
788 4291 886 4385 dicit,
897 4314 966 4385 per
990 4294 1137 4383 eederet,
1155 4290 1299 4385 scilicet,
1321 4290 1455 4365 dictam
1482 4290 1671 4385 visionem,
1697 4293 1758 4363 otc
1782 4312 1855 4364 non

682 4414 731 4486 mi
757 4432 931 4485 sooocnne
960 4413 999 4485 di
1026 4414 1099 4485 mic
1124 4413 1350 4506 consessione,
1385 4410 1489 4505 quasi
1520 4410 1626 4506 dicat,
1654 4410 1802 4485 recessit
1830 4432 1853 4485 a

681 4538 807 4608 monte
831 4552 915 4607 mea
940 4540 1115 4626 concepta
1142 4532 1331 4626 consessio,
1345 4536 1383 4607 et
1404 4531 1497 4626 eoepi
1516 4531 1706 4607 atlendere
1722 4531 1768 4605 ad
1786 4550 1854 4606 no-

681 4672 766 4729 vam
784 4652 1121 4749 apparitionem-
1134 4656 1245 4742 Quali.
1259 4653 1365 4727 Nunc
1382 4658 1490 4748 poeta
1507 4651 1678 4728 describit
1695 4651 1852 4727 formam

681 4779 720 4847 et
751 4772 950 4868 imaginem
984 4772 1149 4868 ipsarum
1186 4772 1407 4848 umbrarum
1440 4792 1506 4869 per
1539 4770 1851 4868 comparationem

746 5030 775 5097 (¹)
790 5032 822 5082 B.
837 5044 868 5082 aa
884 5046 952 5096 quas.
