4342 6692
686 888 758 957 lttt
1078 896 1284 953 conburunt
1310 900 1474 953 nnnnnrsr

685 1050 758 1138 ote,
776 1046 967 1137 servando,
994 1042 1131 1117 scilicet
1156 1049 1297 1138 votum,
1311 1047 1376 1137 sor
1392 1046 1539 1137 pepptm
1558 1044 1656 1118 unde
1675 1043 1853 1139 Iosephus

684 1164 894 1260 dicitquod
912 1163 1066 1259 Jephthe
1083 1182 1156 1238 non
1174 1163 1306 1240 obtulit
1322 1164 1399 1239 Deo
1418 1171 1567 1261 gratum
1586 1165 1852 1257 holocaustum,

686 1306 808 1381 neque
841 1284 1058 1381 legitimum,
1084 1283 1171 1376 quia
1201 1284 1231 1357 si
1263 1284 1363 1358 canis
1394 1284 1615 1361 occurrisset
1644 1284 1722 1379 sibi,
1748 1284 1856 1358 obtu-

685 1406 784 1481 lisset
808 1404 928 1500 ipsum
954 1406 1050 1498 lte03
1076 1402 1159 1479 ideo
1185 1401 1252 1479 luit
1276 1404 1409 1478 stultus
1434 1405 1471 1479 in
1497 1404 1661 1481 iaciendo
1691 1404 1763 1479 tale
1793 1424 1859 1478 vo-

685 1533 779 1622 tum,
804 1532 842 1598 et
866 1524 1052 1599 crudelius
1068 1530 1107 1599 et
1123 1524 1256 1620 impius
1273 1524 1310 1598 in
1327 1523 1568 1620 adimplendo.
1583 1566 1633 1579 -
1645 1531 1677 1599 Ε
1690 1517 1771 1599 cori.
1793 1524 1858 1603 Hic

687 1646 833 1722 Beatrix
850 1644 998 1720 adducit
1013 1643 1113 1718 aliud
1130 1644 1342 1739 exemplum
1360 1650 1520 1720 tractum
1534 1666 1581 1721 ex
1598 1644 1753 1719 historiis
1765 1664 1859 1743 gen-

605 1822 611 1837 .
687 1768 826 1860 tilium;
851 1772 889 1840 et
913 1765 960 1839 ad
985 1764 1270 1840 declarationem
1295 1764 1405 1843 huius
1430 1765 1546 1841 literae
1575 1765 1662 1841 satis
1689 1766 1857 1841 obscurae

686 1893 742 1962 est
766 1885 967 1979 sciendum,
994 1884 1094 1979 quod
1119 1883 1213 1958 sicut
1237 1882 1365 1980 pulcre
1390 1884 1513 1959 scribit
1541 1885 1640 1961 ilites
1666 1886 1856 1978 Cretensis,

687 2006 751 2101 qui
770 2006 901 2081 asserit
920 2026 961 2080 se
977 2006 1185 2081 interfuisse
1202 2004 1297 2081 hello
1316 2005 1470 2101 troiano,
1488 2007 1741 2102 Agamemnon
1759 2006 1858 2101 apud

686 2128 853 2203 Aulidem
880 2126 1038 2201 insulam
1063 2126 1162 2200 circa
1187 2126 1314 2200 lucum
1341 2126 1477 2221 Dianae,
1503 2128 1576 2201 telo
1602 2128 1780 2201 transfixit
1796 2146 1860 2201 ca-

686 2269 816 2345 pream
827 2239 886 2342 (¹);
911 2253 950 2321 et
974 2266 1048 2321 non
1065 2246 1183 2319 multo
1200 2252 1280 2340 post
1297 2244 1375 2321 sive
1392 2244 1445 2320 ira
1464 2246 1615 2340 coelesti,
1636 2247 1713 2323 sire
1729 2266 1861 2321 corru-

687 2369 809 2464 ptione
825 2368 921 2443 aeris
946 2368 1042 2441 lacta
1066 2371 1122 2441 est
1147 2366 1349 2461 pestilentia
1372 2386 1505 2463 magna
1523 2368 1560 2441 in
1577 2368 1741 2443 exercitu
1761 2388 1858 2465 grae-

687 2510 818 2565 corum
836 2488 915 2562 sine
933 2486 1108 2562 remedio.
1127 2486 1198 2563 Sed
1216 2488 1349 2562 mulier
1366 2488 1536 2583 quaedam
1553 2488 1629 2563 lieo
1646 2490 1752 2583 plena
1770 2488 1860 2563 dixit

687 2610 786 2706 quod
800 2610 856 2683 ira
869 2609 993 2683 bianae
1008 2608 1077 2683 boc
1090 2607 1210 2701 tiebat,
1229 2628 1313 2701 quae
1329 2628 1478 2703 poenam
1497 2608 1676 2705 sacrilegii
1689 2609 1860 2706 exigebat

687 2731 735 2806 ab
759 2730 925 2806 exercitu
950 2728 1058 2803 euius
1082 2728 1158 2801 dux
1185 2748 1357 2823 capream
1372 2720 1409 2821 (¹)
1431 2729 1674 2823 interiecerat,
1693 2750 1760 2805 nec
1781 2730 1860 2826 pla-

686 2851 763 2928 cari
792 2870 898 2946 posse
930 2848 996 2923 nisi
1030 2849 1287 2923 immolaretur
1321 2848 1393 2924 lilia
1422 2849 1522 2943 eius3
1558 2850 1621 2924 sed
1643 2870 1728 2924 cum
1762 2853 1861 2947 Aga-

688 2991 862 3047 memnon
879 2970 1060 3044 obstinate
1075 2968 1353 3063 contradiceret,
1373 2968 1486 3043 duces
1504 2968 1752 3064 spoliaverunt
1768 2988 1858 3044 eum

687 3091 790 3167 ducis
814 3092 965 3164 honore.
996 3090 1130 3184 Ulyres
1156 3106 1246 3163 vero
1277 3087 1383 3165 lictus
1415 3088 1585 3184 vulpinus
1614 3088 1761 3164 interim
1796 3088 1860 3163 ivit

687 3212 844 3285 llicenas
860 3230 948 3283 cum
962 3208 1058 3283 falsis
1068 3207 1182 3283 literis
1194 3206 1479 3304 Agamemnonis
1496 3208 1541 3282 ad
1554 3208 1858 3305 clytemnestram

686 3332 863 3406 simulans
879 3329 1103 3426 Iphigeniam
1127 3329 1417 3423 desponsandam
1431 3319 1467 3422 (³)
1486 3329 1625 3423 Achilli,
1644 3350 1756 3424 quam
1779 3351 1860 3405 ma-

687 3458 745 3527 ter
770 3450 924 3525 libenter
949 3449 1047 3524 dedit
1070 3469 1158 3523 cum
1184 3448 1264 3523 viro
1289 3448 1478 3524 clarissimi
1496 3448 1653 3524 nominis
1671 3458 1782 3545 nupta
1801 3449 1857 3523 ri-

686 3572 848 3647 deretur.
876 3569 991 3665 Ulyxe
1017 3588 1166 3644 reverso
1192 3588 1278 3643 curn
1306 3569 1489 3665 Iphigenia
1506 3568 1553 3644 ad
1570 3569 1694 3645 lucum
1720 3570 1855 3663 Dianae,

686 3690 941 3787 Agamemnon
966 3686 1124 3761 naturali
1140 3686 1274 3781 pietate
1292 3688 1437 3763 volebat
1452 3687 1594 3784 lugere
1613 3709 1660 3764 ne
1677 3696 1750 3763 tam
1767 3708 1856 3762 cru-

687 3808 757 3885 deli
782 3806 1023 3882 immolationi
1048 3806 1248 3901 interesset,
1275 3806 1358 3883 licet
1382 3808 1512 3883 Nestor
1536 3828 1600 3883 rex
1626 3808 1858 3903 amplissime

687 3926 893 4003 autoritatis
917 3926 1174 4001 facundissima
1203 3926 1370 4001 oratione
1403 3916 1600 4021 retinuitl‘)
1633 3948 1732 4003 eum.
1763 3928 1857 4005 (lum

687 4067 779 4145 ergo
803 4046 937 4144 Ulyxes
954 4054 992 4121 et
1007 4047 1193 4122 llenelaus
1213 4066 1298 4121 cum
1318 4047 1514 4123 Calchante
1534 4048 1714 4145 virginem
1732 4049 1779 4124 ad
1799 4071 1858 4125 sa-

687 4168 866 4244 crificium
891 4168 1114 4243 adornarent
1139 4174 1221 4241 orta
1246 4176 1302 4242 est
1328 4168 1496 4243 terribilis
1519 4176 1713 4265 tempestas
1731 4159 1857 4265 ralde;

688 4309 806 4384 quare
830 4288 1014 4363 llenelaus
1039 4294 1077 4363 et
1102 4285 1188 4363 socii
1215 4287 1252 4362 iu
1284 4308 1419 4384 magna
1448 4290 1685 4385 perplexitate
1717 4292 1859 4367 nescie-

688 4412 776 4487 bant
800 4410 887 4504 quid
911 4415 1075 4506 agerent.
1103 4410 1146 4483 Et
1170 4428 1257 4484 ecce
1284 4429 1354 4483 vox
1381 4409 1427 4484 de
1452 4411 1553 4506 sylva
1579 4411 1702 4487 audita
1719 4418 1785 4506 est,
1803 4412 1861 4487 di·

687 4552 787 4625 cens,
805 4531 877 4605 tale
892 4550 1011 4626 genus
1027 4528 1193 4605 sacrificii
1211 4550 1284 4603 non
1303 4531 1448 4625 placere
1466 4532 1562 4625 lteae,
1578 4530 1660 4606 ideo
1674 4532 1860 4609 abstinen-

686 4651 816 4726 duma
837 4670 992 4746 corpore
1018 4649 1180 4745 virginis,
1199 4650 1286 4743 quia
1310 4649 1564 4747 Agamemnon
1589 4650 1709 4727 lueret
1733 4674 1860 4749 poenns

688 4770 816 4866 dignas
845 4771 893 4845 ab
923 4791 1042 4846 uxore
1067 4777 1149 4865 post
1173 4776 1319 4866 captam
1345 4770 1509 4864 Troiam3
1535 4772 1599 4846 sed
1624 4772 1859 4851 immolarent

749 4955 777 5015 ι’)
792 4956 824 5005 E·
841 4969 956 5019 capram.
1283 4953 1359 5019 (¹>1t
1376 4970 1489 5019 capram.

750 5031 777 5095 (¹)
793 5032 824 5082 lt.
840 5031 1027 5097 desponsam
1285 5032 1312 5095 Ρ)
1328 5032 1358 5083 Ε.
1376 5034 1522 5086 retinuerit.
