4342 6692
610 894 612 897 ‘
705 896 774 961 172
1063 900 1267 957 counnrou
1292 901 1511 957 roaoxronn

700 1050 835 1143 dicere,
852 1050 921 1140 voi,
939 1046 1084 1141 scilicet,
1103 1054 1177 1123 tres
1202 1052 1330 1143 poelae,
1356 1050 1436 1119 stete
1458 1048 1577 1136 movi,
1594 1053 1631 1121 et
1657 1044 1799 1119 novitas
1816 1043 1871 1118 rei

700 1171 794 1267 parit
819 1167 1111 1262 admirationem,
1137 1168 1242 1263 quasi
1267 1167 1378 1242 dicat:
1406 1187 1471 1241 vos
1501 1166 1587 1241 estis
1616 1166 1732 1265 ignari
1760 1166 1870 1240 buius

702 1291 766 1385 rei,
792 1312 812 1362 e
832 1294 931 1383 forse
954 1291 1058 1361 nmen
1077 1294 1227 1380 cospetto
1244 1290 1347 1361 limat
1369 1288 1667 1377 moruoiqliondo,
1685 1286 1772 1380 quia
1788 1305 1871 1360 cre-

701 1410 782 1497 ditis
807 1408 906 1504 quod
931 1407 998 1481 sim
1013 1407 1234 1515 pbiltha,
1252 1414 1295 1481 ut
1314 1414 1354 1481 tu
1372 1407 1517 1483 dicebas
1534 1406 1643 1501 paulo
1660 1412 1747 1482 ante
1767 1406 1867 1500 mibi,

674 1530 863 1676 ppercb’io
886 1531 981 1619 ndo,
999 1549 1086 1603 cum
1114 1528 1208 1601 risus
1233 1548 1306 1602 non
1327 1527 1496 1603 videatur
1512 1526 1702 1602 laudabilis
1723 1527 1759 1599 in
1784 1547 1870 1600 mu-

680 1649 791 1743 ,liere
816 1649 976 1745 perlecta
1002 1649 1111 1724 etiam
1131 1649 1168 1722 in
1188 1648 1269 1724 loco
1287 1648 1514 1744 performat
1534 1656 1649 1741 questo
1667 1651 1742 1721 loco
1759 1651 1868 1740 clauo,

701 1768 804 1864 idest,
834 1768 1013 1843 destinato
1038 1773 1075 1843 et
1100 1768 1285 1863 deputato,
1316 1771 1375 1841 nll’
1388 1788 1520 1841 amano
1552 1775 1696 1860 namra,
1734 1768 1763 1841 si
1795 1774 1871 1843 ste·

701 1888 802 1963 tisset
838 1888 876 1961 in
908 1887 1126 1983 innocentia,
1149 1910 1216 1981 par
1248 1910 1313 1963 suo
1344 1891 1441 1982 nido,
1471 1889 1573 1983 idest,
1608 1888 1761 1984 hospitio
1793 1888 1870 1963 sive

700 2009 917 2083 habitaculo.
943 2010 988 2083 Et
1013 2009 1208 2085 confirmat
1229 2010 1368 2087 dictum
1389 2030 1499 2083 sunm
1527 2030 1593 2105 per
1618 2009 1758 2086 dictum
1784 2030 1870 2105 pro·

700 2130 830 2223 pbetae,
857 2129 921 2224 qoi
954 2129 1058 2204 dicit:
1084 2134 1270 2205 Delecturli
1292 2152 1359 2223 ore,
1385 2133 1545 2222 Domine,
1569 2133 1605 2203 ia
1628 2133 1771 2225 facturo
1796 2138 1870 2223 lua,

700 2257 734 2324 el
754 2254 792 2323 in
817 2250 978 2343 operabar
1003 2271 1170 2324 manum
1194 2258 1335 2325 morum
1359 2252 1532 2325 exultabo.
1553 2250 1655 2327 Unde
1681 2252 1784 2327 dicit:
1811 2272 1871 2325 mu

700 2371 863 2442 ilrnlmo
888 2372 1084 2462 Delectnsti,
1109 2390 1181 2444 non
1208 2371 1385 2468 intelligas
1419 2371 1603 2466 psalmum
1633 2370 1695 2465 qui
1728 2370 1867 2467 incipit:

702 2491 898 2581 Delectant,
916 2489 1003 2583 qnia
1022 2490 1145 2564 nullus
1162 2497 1217 2565 est
1234 2490 1485 2586 sicincipiens,
1503 2488 1621 2564 sedin
1641 2491 1780 2584 psalmo
1806 2490 1870 2585 qui

701 2607 843 2703 incipit:
870 2613 1007 2682 Bonum
1031 2616 1083 2683 cst
1105 2612 1261 2703 confiteri
1292 2614 1455 2701 Donduo,
1482 2616 1537 2685 est
1571 2608 1773 2683 versiculus
1807 2608 1870 2704 qui

701 2727 804 2803 dicit:
830 2731 1014 2802 Delectnrti
1036 2751 1091 2803 me
1114 2737 1197 2823 etc,
1222 2732 1330 2805 ratde
1353 2733 1438 2823 loce,
1466 2729 1568 2824 idest,
1594 2728 1678 2803 lacit
1703 2728 1868 2803 declara-

702 2848 852 2942 tionem,
877 2852 937 2921 olre
954 2857 1060 2942 ponte
1083 2851 1293 2941 amantior,
1319 2849 1420 2943 idest,
1447 2848 1655 2923 illuminare
1681 2855 1717 2923 et
1741 2848 1871 2923 diluci-

701 2968 802 3064 dare,
827 2976 947 3043 vostro
970 2973 1144 3063 abelleno,
1165 2970 1228 3066 qni
1246 2991 1320 3045 non
1337 2968 1432 3066 capit
1449 2990 1532 3064 quae
1552 2975 1589 3044 et
1608 2968 1725 3063 qualis
1743 2969 1789 3042 sit
1804 2969 1870 3044 de-

702 3088 847 3199 lectatio
867 3109 961 3164 mea.
978 3089 1103 3165 Potest
1120 3089 1231 3165 eliam
1248 3090 1353 3165 aliter
1371 3089 1502 3184 exponi
1520 3088 1625 3163 litera
1643 3087 1722 3183 ista,
1741 3093 1779 3162 et
1796 3108 1868 3162 non

659 3184 700 3206 k.

703 3208 826 3281 minus
850 3207 956 3302 bene,
982 3215 1024 3282 ut
1048 3209 1095 3283 sit
1119 3230 1259 3305 sensus,
1277 3209 1376 3304 qnod
1400 3208 1655 3283 accedentibus
1681 3228 1799 3302 nuper
1824 3206 1870 3283 ad

701 3328 841 3424 apicem
860 3328 1005 3401 virtutis
1021 3330 1202 3423 perlectae,
1220 3327 1384 3424 operatio
1402 3328 1546 3403 virtutis
1565 3350 1639 3403 non
1656 3326 1800 3403 videtur
1820 3327 1870 3401 ita

701 3445 921 3522 delectabilis
945 3448 1041 3523 sicot
1065 3449 1177 3523 estin
1198 3448 1433 3543 minoritate,
1457 3455 1494 3524 et
1519 3436 1612 3523 sicut
1637 3448 1780 3524 videtur
1801 3448 1869 3523 ba-

701 3566 849 3641 bitoatis
872 3568 910 3640 in
936 3569 1082 3643 virtute.
1110 3568 1215 3657 Quod
1246 3578 1371 3645 autem
1405 3569 1472 3643 ista
1501 3568 1546 3643 sit
1576 3568 1726 3645 intentio
1755 3569 1870 3645 literae

702 3685 848 3761 ridetur
872 3695 998 3782 palere
1023 3708 1069 3763 ex
1100 3688 1399 3783 praecedentibuq
1427 3687 1513 3782 quia
1545 3688 1654 3762 dixit:
1687 3708 1753 3763 vos
1784 3689 1869 3764 estis

703 3807 806 3901 novi3
831 3814 870 3882 et
894 3828 940 3883 ex
964 3809 1213 3903 sequentibus,
1239 3809 1325 3904 quia
1350 3808 1463 3904 aliqui
1490 3815 1611 3884 textus
1641 3809 1786 3902 babent,
1812 3810 1867 3883 dl-

701 3932 835 4004 lolasti:
854 3935 892 4004 et
917 3929 975 4005 bic
991 3937 1047 4005 est
1063 3930 1266 4005 versiculus
1283 3930 1436 4004 alterius
1452 3929 1592 4026 psalmi,
1610 3928 1672 4003 ubi
1690 3928 1866 4023 propbeta

702 4050 853 4127 tendens
877 4050 925 4125 ad
949 4050 1212 4147 perlectionem
1235 4050 1391 4145 virtutis,
1417 4071 1501 4149 qum
1526 4050 1563 4123 in
1588 4048 1755 4149 paradiso
1769 4047 1869 4143 „de-li-

701 4170 843 4245 ciarum
869 4152 988 4270 typice
1012 4170 1236 4267 designatur,
1262 4169 1365 4245 dicit:
1392 4172 1567 4264 bunum,
1590 4172 1749 4259 Domine,
1766 4189 1868 4260 pres-

700 4270 760 4364 sus
785 4274 880 4363 meos
905 4298 972 4365 etc.
992 4290 1129 4365 Deinde
1148 4290 1323 4366 Matbildis
1340 4291 1377 4365 in
1394 4290 1539 4387 speciali
1559 4290 1667 4365 offert
1687 4310 1727 4365 se
1744 4296 1868 4365 nostro

700 4416 829 4505 poetae,
846 4410 988 4486 dicens:
1007 4417 1041 4485 Ε
1054 4419 1103 4503 tu,
1121 4414 1181 4485 cle
1199 4414 1245 4485 ce*
1259 4413 1417 4502 danaum,
1437 4410 1499 4505 qui
1526 4411 1668 4487 solebas
1692 4411 1868 4485 hactenus

700 4530 805 4625 sequi
824 4531 952 4627 socios,
976 4554 996 4607 e
1020 4536 1069 4606 ml
1082 4535 1255 4626 proponti,
1273 4532 1335 4607 ubi
1359 4531 1478 4609 dixisti
1504 4532 1603 4627 quod
1621 4532 1781 4607 lacerem
1807 4553 1869 4608 me

698 4651 939 4746 propinquam
961 4652 1036 4747 tibi,
1053 4655 1114 4745 di’,
1131 4654 1257 4727 cultro
1273 4654 1354 4727 ocni
1369 4654 1481 4742 odire,
1500 4651 1586 4746 quia
1599 4650 1678 4747 J'am
1700 4650 1868 4747 respondi

699 4769 746 4845 ad
771 4770 934 4865 quaestu,
952 4774 1050 4847 cb'io
1070 4775 1172 4847 venui
1194 4780 1314 4865 presto
1331 4774 1381 4845 od
1396 4775 1480 4864 opat
1503 4779 1563 4847 tuo
1588 4774 1868 4865 queremonia

700 4890 884 4981 clodoali,
911 4890 957 4965 ad
983 4891 1266 4967 declarationem
1294 4898 1408 4967 tuam.

774 5013 938 5104 L'ocquo.
956 5013 1026 5088 Ista
1044 5019 1100 5087 est
1121 5012 1226 5087 tertia
1244 5034 1328 5109 pars
1347 5013 1505 5109 capituli,
1524 5012 1559 5088 in
1580 5034 1654 5108 qua
1673 5018 1779 5109 poeta
1799 5032 1867 5087 no-
