4342 6692
757 919 899 977 caurus
923 922 1086 977 cencius.
1439 909 1510 977 373

337 1071 468 1142 ct’una
481 1069 580 1160 sonci
595 1072 715 1140 nosue
731 1069 855 1158 coptie,
874 1088 949 1143 uua
961 1061 998 1160 (¹)
1018 1067 1158 1143 unitate
1178 1068 1392 1142 concordia.
1412 1067 1511 1142 Bone

338 1209 431 1287 ergo
455 1188 541 1263 dicit
565 1187 714 1262 Boetius
739 1186 777 1260 in
801 1186 895 1262 libro
920 1188 968 1263 de
992 1188 1129 1285 regulis
1156 1188 1251 1281 fidei,
1272 1188 1372 1281 quod
1397 1187 1512 1261 sancti

341 1310 378 1383 in
402 1308 462 1383 illa
485 1307 603 1405 gloria
628 1313 740 1381 eruut
761 1306 898 1381 astricti
920 1313 1021 1382 tanto
1038 1309 1200 1383 caritatis
1217 1309 1364 1403 allecto,
1383 1314 1424 1381 ut
1443 1307 1513 1381 mi-

342 1428 464 1503 nimus
489 1428 526 1500 in
553 1425 716 1501 maximo
740 1426 896 1523 gloriam
922 1448 1028 1501 suam
1048 1428 1084 1501 io
1106 1436 1246 1503 tantum
1268 1450 1348 1503 esse
1373 1427 1514 1525 gande-

342 1549 406 1645 bit,
431 1547 529 1623 acsi
555 1553 698 1639 tantum
726 1547 879 1643 ipsemet
902 1547 1093 1623 obtineret
1120 1548 1214 1635 Quid
1241 1548 1402 1622 mirum‘l
1427 1568 1513 1623 curn

342 1670 442 1743 lleus
466 1688 613 1742 summa
638 1666 781 1762 caritas,
806 1688 952 1740 summa
971 1667 1145 1763 sapientia
1165 1668 1201 1741 in
1218 1668 1302 1764 ipsis
1320 1669 1377 1764 sit,
1395 1676 1432 1743 et
1449 1668 1515 1766 ipsi

342 1787 380 1861 in
404 1788 492 1862 lieo.
518 1789 558 1861 ln
584 1787 662 1883 ipso
686 1786 864 1881 siquidem
892 1807 1009 1883 regno
1034 1788 1221 1863 habebunt
1248 1788 1365 1864 Deum
1396 1789 1516 1886 ipsum

344 1908 551 2003 premium,
565 1928 677 2001 quem
694 1912 874 2002 perpetuo
890 1906 982 1981 lacie
1000 1907 1046 1981 ad
1064 1907 1192 1982 laciem
1211 1910 1516 2005 contemplabun-

346 2039 425 2124 tur3
438 2035 476 2104 et
488 2048 688 2124 qoenunc
705 2048 771 2122 per
788 2027 978 2122 specuium
997 2028 1034 2101 in
1053 2028 1250 2124 enigmate
1268 2030 1516 2125 imaginantur

344 2151 464 2226 divina
489 2154 643 2241 secreta,
664 2154 752 2222 tunc
777 2148 1001 2242 plenitudine
1017 2148 1176 2223 scientias
1193 2150 1515 2244 comprehendent.

345 2271 390 2343 El
414 2269 597 2343 concludit
622 2267 789 2342 Boetius:
814 2267 1040 2342 Erubescant
1065 2267 1176 2368 igitur
1202 2270 1428 2343 Machomitae
1454 2268 1518 2362 qui

347 2388 583 2463 mulierculas
608 2396 645 2462 et
671 2386 754 2460 miri
774 2386 914 2481 saporis
930 2406 1061 2461 carnes
1082 2386 1228 2461 delicias
1249 2388 1418 2463 bestiales
1444 2396 1519 2463 ter-

348 2529 456 2585 renas
481 2528 556 2581 oon
581 2508 760 2598 celestes,
777 2506 941 2601 corporis
961 2527 1034 2581 non
1054 2506 1187 2581 auimae
1209 2507 1518 2582 resurrectionem

349 2619 689 2724 promittunt-Si
720 2628 790 2701 cde.
824 2627 890 2700 llic
918 2624 1096 2700 Picliarda
1128 2618 1241 2700 addit'
1255 2628 1301 2701 ad
1335 2628 1520 2723 praedicta,

349 2748 449 2843 quod
474 2748 541 2822 ista
566 2767 721 2822 concors
745 2755 783 2822 et
808 2746 910 2820 unita
937 2747 1105 2821 voluntas
1122 2767 1195 2820 non
1213 2749 1330 2822 solum
1354 2755 1409 2823 est
1427 2750 1521 2823 inter

349 2890 414 2945 eos
439 2870 477 2942 in
501 2868 560 2942 illa
586 2888 692 2963 spera
719 2868 880 2942 interiori
905 2867 1013 2961 lonc,
1039 2868 1239 2943 sedetiam
1266 2868 1361 2943 inter
1393 2888 1523 2943 omnes

350 3012 417 3086 per
442 3010 568 3084 speras
592 2988 811 3082 superiores.
837 2988 940 3063 Unde
964 2988 1068 3063 dicit:
1100 2982 1138 3062 Si
1161 2990 1221 3061 cte
1249 3010 1345 3062 come
1367 2992 1429 3063 noi
1451 3010 1523 3062 sem

351 3114 389 3186 di
411 3112 526 3202 sopito
549 3111 587 3182 in
610 3110 736 3200 sopito,
760 3107 862 3201 idest,
880 3107 927 3182 de
943 3106 1060 3203 gradu
1080 3108 1116 3181 in
1137 3108 1309 3204 gradum,
1321 3130 1390 3201 per
1406 3116 1524 3200 questo

349 3251 475 3323 reparo,
500 3229 602 3320 idest,
629 3248 695 3321 per
720 3247 850 3302 omnes
870 3247 996 3323 speras
1016 3227 1210 3321 coelorum,
1225 3231 1326 3321 piace
1351 3250 1374 3302 e
1400 3235 1482 3302 tutto
1499 3230 1528 3301 it

351 3370 476 3443 reparo,
501 3348 603 3442 idest,
629 3345 800 3421 omnibns
826 3347 1018 3443 regnicolis
1043 3347 1171 3442 beatis,
1195 3369 1291 3421 come
1315 3352 1354 3422 ot
1377 3370 1430 3440 re,
1455 3348 1526 3422 sci-

354 3471 447 3564 licet,
473 3474 625 3575 aeterrm,
650 3470 757 3542 cle'n
781 3488 846 3541 suo
871 3470 969 3541 ooler
991 3490 1037 3541 oe
1051 3470 1220 3562 'evoptio
1240 3469 1340 3563 idest,
1361 3469 1528 3544 accendit

355 3611 422 3665 nos
446 3596 484 3665 et
507 3588 647 3662 animat
671 3587 709 3660 in
733 3607 839 3661 suam
867 3588 1113 3663 voluntatem:
1132 3590 1176 3663 Et
1201 3589 1403 3675 concludit:
1428 3592 1465 3663 in
1492 3593 1528 3663 ta

355 3733 422 3787 suo
438 3714 611 3784 uoluntate
635 3705 657 3783 e*
677 3715 803 3781 nostro
816 3730 920 3801 pace,
938 3708 1040 3803 idest,
1058 3710 1233 3803 quietatio
1252 3716 1288 3785 et
1305 3711 1529 3786 contentatio

356 3830 487 3907 animi:
513 3849 620 3904 amor
644 3826 743 3903 enim
770 3834 909 3922 quanto
941 3834 997 3903 est
1025 3828 1179 3903 dillnsus
1204 3829 1243 3904 in
1267 3831 1401 3925 plures,
1428 3837 1529 3904 tanto

357 3946 418 4027 est
438 3950 556 4025 maior
581 3955 619 4024 et
650 3948 856 4045 perfectior,
883 3948 969 4042 quia
1001 3948 1052 4022 illi
1083 3950 1226 4044 plures,
1242 3951 1453 4025 reseruntur
1484 3950 1531 4025 ad

358 4074 488 4164 unum,
514 4070 649 4145 scilicet
673 4067 811 4161 Deum3
837 4068 936 4142 unde
959 4068 1060 4142 dicit:
1092 4072 1172 4160 etto,
1198 4068 1333 4144 scilicet
1362 4072 1532 4145 volontas

358 4191 491 4286 diuina,
518 4187 639 4283 tque
669 4210 780 4281 more,
808 4188 955 4282 scilicet,
982 4209 1173 4285 magnum,
1207 4193 1246 4263 ol
1274 4194 1359 4283 quot
1390 4198 1473 4265 utto
1501 4194 1534 4265 si

359 4332 481 4385 muooe
496 4302 550 4382 ciri
566 4312 694 4383 cd'etto
708 4311 799 4402 cria,
819 4328 866 4383 ex
884 4308 996 4383 nihilo
1013 4308 1107 4383 sicut
1124 4310 1243 4405 angeli
1262 4316 1299 4384 et
1315 4310 1448 4384 animae
1467 4331 1529 4385 ra-

360 4433 521 4523 tionales,
548 4452 566 4503 e
589 4432 649 4504 cde
676 4435 809 4503 namra
836 4434 928 4523 soce,
954 4429 1056 4524 idest,
1083 4429 1251 4525 producit
1281 4442 1347 4526 per
1373 4451 1534 4528 genera-

360 4552 508 4627 tionem.
535 4550 579 4624 Et
605 4550 663 4624 liic
687 4556 773 4625 nota
800 4556 980 4643 qnantum
1011 4550 1209 4624 similitudo
1240 4552 1352 4625 maris
1378 4552 1423 4626 sit
1448 4573 1534 4647 pro·

362 4670 459 4767 pria:
485 4671 579 4745 sicut
604 4670 703 4744 enim
728 4691 859 4744 omnes
882 4690 990 4764 aquae
1014 4671 1151 4746 habent
1170 4678 1294 4746 ortum
1322 4694 1343 4747 a
1370 4674 1535 4769 marici

364 4797 603 4866 revertuntur
627 4789 674 4864 ad
700 4788 849 4864 illudet
875 4810 980 4865 mare
1004 4810 1078 4864 non
1105 4791 1308 4885 redundat3
1335 4793 1383 4867 ita
1409 4794 1533 4871 omnia

425 5048 454 5111 (¹)
470 5053 493 5111 t,
510 5049 584 5109 idest,
600 5062 660 5100 um.
