4342 6692
723 906 863 963 caurus
887 907 1081 965 smuuum.
1415 898 1483 967 ³51

313 1061 421 1147 tures,
434 1052 537 1147 idest,
551 1074 625 1129 non
638 1052 688 1128 ita
701 1074 851 1149 purum,
864 1053 946 1130 ideo
960 1074 1034 1129 nun
1051 1054 1160 1130 estin
1178 1060 1255 1131 toto
1271 1055 1488 1152 perurant

312 1174 439 1248 iumen
465 1179 655 1268 receptum
681 1173 896 1249 diffunditur
921 1195 1054 1270 parum
1079 1174 1117 1248 in
1142 1174 1317 1251 interiere
1340 1175 1432 1271 eius,
1450 1182 1488 1251 et

312 1314 386 1369 nou
411 1299 597 1390 penetrat3
630 1292 711 1369 idco
744 1294 942 1388 aliquando
970 1300 1122 1390 apparet
1151 1302 1194 1369 ut
1226 1297 1418 1391 novacula,
1450 1304 1488 1373 et

312 1434 399 1489 curn
425 1420 481 1489 est
504 1412 700 1489 coniuncta
722 1414 803 1505 soti,
825 1414 1037 1509 superficies
1059 1434 1144 1508 quae
1169 1436 1236 1489 uos
1262 1415 1407 1511 respicit
1432 1424 1488 1491 est

312 1539 389 1609 tcta
414 1534 584 1626 obscura,
600 1539 638 1607 et
656 1534 802 1608 macula
827 1554 912 1629 quae
929 1533 1074 1609 videtur
1092 1533 1128 1607 in
1146 1554 1188 1609 ea
1208 1536 1320 1610 etiam
1338 1536 1486 1629 quando

313 1659 369 1729 est
393 1654 499 1749 piena
525 1651 681 1727 ostendit
705 1659 879 1728 naturam
896 1652 977 1727 eius
994 1673 1067 1727 nnn
1085 1674 1166 1729 esse
1185 1654 1335 1729 omuino
1353 1676 1482 1750 puram

313 1780 350 1849 et
367 1782 523 1849 tensam:
551 1772 633 1847 iden
658 1793 793 1869 corpus
815 1774 912 1848 iunae
929 1794 1017 1847 cum
1039 1774 1085 1848 sit
1110 1763 1346 1851 tenebrosum
1374 1774 1420 1850 de
1445 1794 1485 1849 se

314 1899 431 1989 potest
455 1892 633 1968 obsistere
658 1912 706 1967 ne
731 1892 921 1967 uideamus
946 1892 1067 1967 radius
1091 1895 1187 1968 solis.
1201 1900 1394 1969 -Ancou
1421 1894 1486 1969 Hic

313 2012 462 2090 Beatrix
485 2018 626 2087 cassata
651 2018 689 2086 et
713 2011 919 2107 improbata
948 2010 1044 2087 dicta
1075 2011 1245 2108 opinione
1274 2034 1340 2109 per
1367 2032 1483 2087 unum

313 2139 592 2230 argumentum,
610 2131 792 2225 improbat
811 2131 927 2227 ipsam
953 2150 1019 2227 per
1043 2131 1143 2206 aliud
1169 2132 1362 2207 osteudens
1387 2130 1487 2227 quod

314 2253 373 2327 iiia
400 2253 532 2327 raritas
555 2258 711 2327 nonest
736 2252 773 2325 iu
798 2249 955 2347 corpere
976 2252 1108 2325 lunari.
1127 2252 1169 2325 Et
1185 2253 1309 2347 arguit
1334 2274 1356 2329 a
1381 2253 1487 2327 suffi-

313 2372 423 2448 cienti
446 2371 633 2465 divisione,
651 2355 702 2447 sic
726 2371 872 2446 diceus:
899 2370 945 2445 de
969 2370 1115 2445 duobus
1139 2371 1298 2445 alterum
1325 2379 1391 2465 est,
1417 2380 1484 2446 aut

313 2493 375 2568 ilia
401 2513 485 2588 pars
509 2512 594 2587 quae
617 2500 673 2569 est
698 2512 782 2566 rara
809 2491 846 2565 iu
868 2491 957 2565 luna
982 2498 1038 2565 est
1058 2490 1218 2567 totaliter
1237 2512 1321 2566 rara
1342 2493 1389 2567 ab
1411 2513 1484 2567 una

314 2620 418 2708 parte
442 2613 488 2687 ad
514 2613 637 2706 aliern,
665 2618 731 2687 aut
762 2613 881 2686 scium
912 2617 1079 2705 penetrat
1111 2630 1231 2705 usque
1262 2611 1308 2686 ad
1341 2618 1484 2689 certum

314 2734 515 2809 terminum
526 2733 617 2807 eius.
631 2731 724 2807 Dicit
736 2752 826 2828 ergo
844 2750 1051 2826 proponens
1064 2730 1169 2805 istam
1184 2730 1398 2807 divisionem
1411 2732 1482 2807 sic:

313 2859 447 2946 ancer,
467 2852 570 2947 idest,
586 2858 778 2948 praterea,
796 2872 834 2924 re
849 2854 1049 2945 rarescere
1066 2852 1194 2942 canton
1210 2853 1248 2925 di
1264 2854 1343 2943 quet
1358 2852 1485 2942 nuno,

312 2972 415 3067 idest,
433 2972 528 3047 iilius
552 2972 719 3066 maculae,
735 2974 796 3045 cte
811 2979 848 3045 tu
862 2972 1032 3064 climaci,
1053 2969 1156 3063 idest,
1174 2970 1220 3045 de
1240 2992 1314 3064 qua
1337 2976 1374 3046 tu
1394 2972 1486 3066 petis

313 3092 408 3167 scire
440 3092 634 3184 rationem,
662 3110 686 3163 ο
719 3097 836 3183 questo
863 3093 1022 3183 pinnata,
1052 3088 1188 3165 scilicet
1220 3090 1318 3184 luna,
1341 3095 1428 3186 sora
1456 3086 1488 3167 si

312 3214 470 3303 affatu,
486 3210 589 3304 idest,
607 3217 703 3285 esset
727 3210 775 3283 ita
801 3230 953 3304 vacuus,
971 3212 1009 3283 di
1031 3229 1098 3282 rua
1124 3212 1286 3303 mutuis,
1303 3210 1407 3306 idest,
1426 3232 1486 3287 es-

311 3337 368 3407 set
392 3330 542 3406 omnino
560 3350 669 3405 rarus
685 3329 722 3403 in
739 3336 844 3424 parte
868 3328 1038 3423 raritatis,
1055 3350 1078 3401 ο
1098 3337 1228 3425 questu,
1248 3330 1384 3406 scilicet
1406 3333 1486 3427 pla·

312 3459 408 3546 ueta,
433 3452 659 3543 mutuate
682 3457 791 3541 curte,
817 3449 920 3543 idest,
947 3455 1110 3525 mutaret
1141 3448 1312 3546 figuram,
1338 3454 1397 3525 net
1422 3472 1486 3525 racc

310 3576 457 3666 volume,
486 3572 589 3664 idest,
614 3577 709 3647 esset
734 3590 864 3646 rarum
896 3576 1077 3664 quantum
1110 3568 1156 3643 ad
1184 3577 1326 3665 partem
1353 3571 1423 3665 sui,
1450 3580 1488 3647 et

311 3691 476 3769 densum·
493 3698 673 3786 quantum
700 3690 748 3765 ad
771 3690 881 3765 aliam
908 3697 1072 3785 partem3
1090 3682 1162 3763 cort
1185 3711 1282 3764 come
1302 3694 1337 3764 io
1355 3712 1486 3784 musso

309 3814 366 3885 c’t
389 3833 517 3903 mame
540 3818 719 3903 comperte
742 3830 797 3909 un*
814 3830 937 3903 corpu,
964 3809 1121 3883 alicuius
1146 3808 1324 3905 animalis,
1343 3810 1430 3905 quia
1448 3792 1485 3885 in

311 3953 387 4007 uua
411 3952 524 4007 carue
541 3953 625 4027 pars
641 3931 785 4027 pinguis
800 3938 858 4006 est
873 3929 997 4023 densa,
1015 3935 1053 4003 et
1069 3950 1154 4024 pars
1171 3950 1296 4005 macra
1314 3938 1370 4007 est
1386 3952 1485 4027 rara,

314 4052 400 4147 quia
417 4072 505 4127 carn
522 4059 577 4126 est
594 4052 799 4148 spongiosa,
816 4056 955 4146 aperta,
973 4068 1107 4145 pcrnsa
1127 4056 1165 4125 et
1180 4051 1342 4148 axungia
1360 4052 1483 4127 densa.

312 4172 356 4247 lit
380 4172 475 4247 iacta
499 4171 677 4246 divisione
700 4171 856 4247 destruit
867 4163 905 4263 (¹)
931 4170 1089 4264 numam
1120 4178 1263 4265 partem
1295 4172 1375 4247 eius
1406 4178 1485 4247 tan-

312 4312 426 4386 quam
459 4292 610 4367 ianam:
645 4297 684 4366 et
720 4290 941 4385 dicitquod
972 4290 1003 4365 si
1034 4290 1094 4364 ilia
1125 4310 1209 4385 pars
1240 4299 1336 4367 esset
1365 4292 1486 4369 totali·

313 4418 370 4487 ter
391 4432 477 4487 rara
502 4417 723 4505 sequeretur
749 4409 845 4485 istud
869 4410 1089 4505 inauditum,
1107 4410 1206 4505 quod
1231 4412 1321 4487 radii
1348 4413 1487 4489 solares

313 4531 461 4626 quando
486 4532 525 4607 fit
557 4531 699 4627 eclipsis
726 4530 812 4606 solis
844 4530 1042 4605 transirent
1073 4551 1139 4627 per
1171 4530 1259 4605 illud
1291 4552 1419 4607 rarum
1450 4540 1488 4609 et

315 4652 547 4746 pervenirent
570 4650 618 4725 ad
647 4671 714 4725 uos
738 4650 797 4725 hic
821 4649 983 4725 interius.
1011 4651 1103 4725 Dicit
1132 4672 1245 4747 erge:
1271 4654 1350 4725 sc't
1369 4656 1488 4745 panae

310 4775 417 4866 fosse,
435 4774 523 4865 seru
547 4773 731 4865 manifeste
755 4772 833 4843 uelt’
846 4773 957 4843 eciuci
980 4772 1039 4846 del
1060 4776 1138 4866 son
1165 4792 1248 4847 nam
1276 4772 1486 4849 obscuratio

375 5031 402 5095 (¹)
417 5035 442 5090 r,
459 5029 591 5081 nuncu.
