4342 6692
688 947 828 1002 clusus
851 947 1043 1002 rmusruus
1069 947 1211 1002 paruus.
1510 931 1532 1001 3

362 1093 418 1162 tus
454 1089 559 1182 quasi
592 1089 639 1164 de
673 1089 805 1185 losepb
839 1090 929 1184 nati,
963 1110 1048 1165 cum
1084 1095 1209 1165 amen
1243 1088 1411 1165 venerint
1444 1089 1532 1165 alim

360 1207 407 1282 de
431 1208 566 1284 Persia.
592 1210 745 1298 Quando
770 1229 861 1284 vere
885 1209 1057 1286 videbant
1077 1231 1142 1285 eus
1166 1211 1304 1286 deletus
1329 1230 1404 1284 nun
1428 1232 1535 1285 com-

362 1329 598 1404 municabant
623 1351 761 1406 secum
787 1331 859 1406 lsta
880 1351 971 1428 erge
995 1331 1082 1427 sitis,
1100 1335 1150 1405 mi
1165 1334 1404 1423 recapitare,
1429 1330 1534 1424 idest,

361 1451 535 1528 turbabat
560 1457 597 1528 et
622 1450 794 1548 fatigabat
815 1452 903 1525 mibi
929 1459 1104 1547 mentem,
1122 1455 1347 1546 epunpecmi
1362 1455 1400 1525 lu
1413 1456 1533 1544 patu,

362 1570 467 1664 idest,
483 1569 688 1646 festinantia
714 1570 925 1646 stimulabat
950 1594 1011 1648 me
1036 1579 1078 1646 ut
1103 1573 1195 1647 irem
1216 1573 1300 1668 cite,
1313 1593 1382 1666 per
1405 1575 1444 1647 lu
1467 1575 1535 1645 im-

361 1693 523 1784 pucriutu
560 1693 632 1781 uic,
665 1697 883 1786 occupatam
918 1692 965 1766 ab
999 1691 1067 1766 illis
1104 1691 1290 1788 spiritibus
1315 1691 1534 1788 jacentibus,

363 1814 475 1885 dubo
500 1813 538 1883 αἱ
561 1813 631 1883 nnio
655 1814 760 1904 duca,
787 1812 874 1905 quia
899 1811 975 1886 ibat
999 1815 1159 1887 multum
1193 1814 1373 1908 expedite,
1399 1833 1419 1886 c
1448 1833 1534 1886 cen·

315 1973 320 1980 ·
364 1933 515 2008 uocanti
541 1952 567 2004 a
598 1935 635 2005 lu
662 1935 777 2023 giusta
808 1935 978 2024 umdcttu,
1008 1933 1110 2028 idest,
1136 1934 1385 2030 compatiebar
1416 1953 1535 2030 poeuae

347 2072 578 2145 ,avarorum
594 2049 678 2125 licet
695 2050 855 2125 meritae:
882 2059 919 2125 et
943 2072 1033 2128 vere
1057 2073 1167 2148 poeua
1187 2054 1341 2128 istorum
1358 2059 1415 2128 est
1430 2073 1536 2126 ama-

365 2172 519 2266 rissima,
552 2169 640 2265 quia
671 2176 757 2244 suut
787 2169 917 2265 privati
944 2171 1095 2268 magnis
1125 2170 1242 2267 bunis,
1275 2172 1412 2248 scilicet
1440 2174 1535 2266 luce,

364 2291 450 2388 quia
476 2311 549 2366 nun
574 2291 698 2365 vident
714 2289 782 2364 uisi
799 2297 950 2386 terram,
974 2297 1011 2365 et
1036 2291 1203 2366 libertate
1227 2292 1394 2366 emnium
1417 2311 1536 2365 mem-

363 2413 532 2487 brorum.
570 2411 614 2485 Et
651 2411 702 2486 sie
740 2410 809 2486 tria
839 2419 946 2486 erant
977 2410 1147 2487 vexantia
1178 2417 1362 2506 autorem,
1388 2412 1537 2507 scilicet,

364 2533 516 2610 aviditas
542 2531 688 2627 sciendi,
714 2531 887 2606 velocitas
916 2532 1026 2606 eundi
1061 2538 1098 2607 et
1130 2531 1377 2607 misericordia
1407 2533 1536 2608 aliena

365 2657 614 2750 paene—Et
627 2673 716 2724 ccco.
734 2651 799 2726 llic
824 2661 930 2747 poeta
956 2651 1127 2726 describit
1142 2651 1405 2747 apparitionem
1426 2653 1537 2727 unius

304 2785 312 2800 '
365 2773 515 2849 illustris
532 2779 649 2869 puetoe
669 2793 736 2869 per
759 2794 871 2846 uuam
893 2773 1051 2847 nobilem
1078 2773 1402 2868 comparationem.
1421 2775 1464 2847 llt
1489 2773 1537 2848 ad

366 2894 640 2992 intelligentiam
671 2893 780 2968 buius
809 2881 1013 2990 peregrina
1046 2903 1084 2970 et
1116 2882 1320 2967 artificiosae
1344 2913 1538 2988 compara·

369 3017 474 3092 tionis
499 3024 554 3092 est
578 3015 699 3110 primo
727 3014 929 3108 sciendum,
955 3013 1054 3108 quod
1080 2998 1184 3088 multi
1212 3013 1395 3088 mirantur
1420 3033 1538 3109 quare

367 3143 475 3233 pueta
495 3142 619 3210 nester
639 3133 957 3208 christianissimus
981 3132 1067 3207 lacit
1091 3131 1248 3207 Statium
1273 3154 1347 3207 nun
1371 3133 1538 3207 cbristia-

368 3279 458 3332 num
492 3257 551 3330 bic
580 3261 690 3349 stare,
721 3252 921 3329 nescientes
953 3253 1079 3328 videre
1110 3274 1286 3329 caumm:
1312 3252 1394 3329 ideo
1419 3255 1538 3350 primu

367 3376 448 3451 dico
479 3375 577 3470 qued
602 3381 710 3470 peeta
735 3373 853 3469 potuit
884 3372 1140 3450 coniecturare
1168 3393 1215 3448 ex
1245 3373 1369 3449 multis
1402 3373 1540 3464 iudiciis

368 3495 525 3571 Statium
560 3493 685 3576 luisse,
706 3491 956 3568 christianum.
988 3492 1080 3567 Nam
1113 3492 1143 3566 si
1174 3492 1344 3590 Virgilius
1376 3494 1439 3588 qui
1472 3495 1541 3568 iuit

369 3623 455 3692 ante
481 3616 663 3691 Christum
683 3613 793 3688 sensit
808 3613 945 3707 aliquid
962 3613 1007 3688 de
1029 3613 1090 3687 illo
1115 3634 1181 3708 per
1201 3615 1365 3688 carmina
1391 3614 1540 3711 sybilla,

369 3742 412 3811 ut
437 3741 592 3812 testatur
617 3733 852 3830 Augustinus,
880 3737 1017 3826 quantu
1051 3733 1167 3829 magis
1192 3732 1338 3828 Statius,
1364 3731 1427 3829 qui
1453 3734 1542 3809 uidit

370 3863 539 3951 tempure
568 3873 637 3928 suo
666 3852 816 3927 cmdele
839 3852 1100 3926 exterminium
1133 3858 1171 3927 et
1201 3853 1406 3927 inauditum
1431 3861 1541 3930 antea

369 3976 469 4071 qued
500 3973 582 4049 iecit
611 3973 711 4047 Titus
741 3971 788 4046 de
812 3971 954 4067 judaeis,
985 3977 1021 4046 et
1052 3977 1107 4045 tot
1138 3972 1317 4047 miracula
1350 3973 1443 4048 lacta
1475 3994 1541 4070 per

341 4087 342 4090 ‘
371 4102 552 4192 martyres
582 4113 675 4188 quos
700 4090 927 4166 Domitianus
953 4091 1065 4164 irater
1088 4089 1156 4165 Titi
1181 4091 1431 4168 crudelissime
1456 4114 1542 4189 per·

372 4225 521 4292 secutus
557 4221 623 4309 est,
661 4233 748 4288 eum
786 4211 1025 4285 christianum
1071 4232 1205 4286 numen
1242 4233 1388 4308 semper
1425 4214 1542 4311 magis

373 4343 566 4413 cresceret.
601 4333 684 4408 Fuit
715 4333 825 4409 etam
857 4331 993 4406 Statius
1027 4351 1141 4407 ausus
1169 4332 1293 4408 dicere
1324 4333 1361 4407 in
1392 4334 1541 4409 maiori:

374 4463 514 4533 Primus
541 4459 580 4531 in
613 4456 698 4529 urbe
722 4459 816 4528 Deus
844 4456 928 4548 [ecit
958 4456 1072 4527 timer.
1099 4451 1182 4527 Fuit
1196 4447 1233 4547 (⁴)
1265 4460 1302 4528 et
1333 4455 1543 4531 honestissi-

372 4602 457 4655 mus
482 4586 521 4655 et
545 4575 810 4652 moralissimus
840 4575 877 4648 in
909 4574 1079 4650 omnibus
1111 4575 1187 4649 suis
1219 4575 1341 4670 dictis,
1371 4577 1436 4651 sed
1466 4577 1544 4653 sive

373 4701 485 4777 luerit
509 4697 740 4792 christianus,
760 4695 838 4772 sive
862 4715 948 4790 neu,
966 4716 1039 4770 non
1065 4696 1158 4771 lacie
1183 4697 1257 4770 vim
1283 4697 1321 4770 in
1346 4698 1427 4791 hoc,
1448 4719 1544 4792 que-

373 4822 472 4897 niam
500 4819 680 4895 subtiliter
695 4824 734 4892 et
750 4817 957 4892 necessario
973 4824 1081 4913 poeta
1099 4819 1170 4892 boc
1189 4815 1303 4914 tingit,
1321 4817 1407 4912 quia
1426 4819 1542 4892 multa

436 5076 465 5142 (¹)
481 5077 512 5128 Β.
528 5077 589 5127 Fuit
604 5078 691 5128 ellam.
