4342 6692
650 899 788 954 caurus
812 899 1003 955 vressruus
1027 900 1208 955 summus.
1441 891 1509 959 145

341 1044 377 1117 in
402 1044 557 1141 sylvam,
582 1053 619 1119 et
645 1046 792 1121 invento
822 1046 930 1141 pallio
959 1052 1151 1121 cruentato
1176 1046 1329 1130 credens
1352 1047 1509 1143 Tysbem

340 1164 554 1239 devoratam
572 1185 595 1239 a
612 1165 701 1259 iera,
719 1166 812 1239 iacta
830 1166 999 1239 dolorosa
1016 1174 1053 1239 et
1071 1186 1204 1263 magna
1226 1166 1388 1260 querela,
1407 1166 1506 1261 quod

339 1285 600 1359 amantissima
625 1285 756 1382 virgini
782 1286 997 1381 praebuisset
1021 1306 1171 1361 causam
1191 1286 1319 1360 mortis
1338 1285 1508 1382 indignae,

341 1403 457 1478 inum
481 1405 644 1501 gladium
670 1405 809 1500 pectori
833 1426 912 1480 suo.
939 1408 1014 1481 Nec
1038 1428 1166 1501 mura,
1191 1407 1309 1503 Tysbe
1333 1428 1380 1481 ue
1406 1406 1508 1481 ride·

343 1531 446 1600 retur
465 1524 641 1599 delusisse
661 1531 859 1620 amantem,
877 1533 943 1599 aut
959 1526 1144 1601 cruciaret
1161 1531 1428 1622 expectantem,
1451 1545 1511 1600 re·

341 1643 440 1719 dibat
464 1643 511 1717 ad
537 1643 686 1737 iontem,
713 1644 776 1717 ubi
801 1644 1033 1739 palpitantem
1065 1645 1187 1721 adhuc
1211 1646 1413 1742 Pyramum
1439 1645 1509 1719 sub

342 1765 439 1839 lunae
455 1763 595 1838 lumine
612 1764 844 1861 recognovit,
862 1771 899 1839 et
920 1784 1032 1840 ruens
1045 1760 1082 1858 (¹)
1100 1786 1211 1861 super
1225 1766 1411 1862 y'aceutem
1429 1786 1511 1839 am·

342 1882 508 1978 plexibus
534 1890 571 1957 et
596 1884 766 1980 lacrymis
792 1884 991 1981 lugientem
1004 1886 1082 1980 jam
1107 1886 1269 1959 animam
1295 1885 1509 1979 revocabat,

342 2002 405 2078 sed
430 2001 556 2076 videns
583 2010 739 2078 mortem
765 2012 983 2099 praeseutem
1010 2006 1166 2100 amplius
1188 2006 1313 2083 rivere
1329 2026 1403 2080 uon
1422 2006 1511 2078 sub-

342 2122 477 2197 stinuit.
507 2122 606 2197 Unde
630 2142 760 2198 amere
776 2128 813 2198 et
832 2123 959 2199 dolore
976 2124 1155 2218 vincente,
1177 2132 1342 2200 extracto
1362 2125 1409 2199 de
1428 2123 1512 2197 vul-

344 2264 433 2319 uere
457 2263 545 2318 ense
570 2264 679 2317 suum
707 2264 842 2319 vocans
870 2246 1082 2341 Pyramum,
1109 2246 1239 2321 eodem
1265 2265 1306 2321 se
1330 2244 1510 2319 transfixit

343 2385 453 2459 super
478 2384 577 2440 eum.
604 2363 696 2452 Quid
722 2366 833 2461 plus?
859 2366 1039 2460 Pyramus
1055 2365 1102 2440 ad
1120 2385 1254 2440 nomen
1279 2367 1416 2462 Pysbes
1431 2367 1510 2461 y'am

343 2484 420 2561 iere
445 2485 588 2559 clausos
612 2484 756 2578 aperuit
787 2484 924 2578 oculos,
949 2490 987 2559 et
1017 2484 1068 2559 sic
1100 2485 1236 2581 pariter
1262 2488 1442 2581 Pyramus
1475 2492 1512 2559 et

343 2604 460 2700 Tysbe
487 2603 619 2677 relictis
642 2604 857 2698 corporibus
873 2604 1024 2677 strictim
1045 2606 1209 2679 conflatis
1228 2604 1338 2678 simul
1359 2605 1513 2679 descen-

343 2722 477 2799 derunt
496 2722 543 2797 ad
561 2723 708 2817 inieras,
734 2724 799 2798 ubi
824 2724 942 2798 nullos
967 2724 1114 2818 spiritus
1139 2724 1301 2799 velocius
1318 2724 1455 2816 volare,
1476 2735 1514 2800 et

343 2844 577 2919 affectuosius
605 2845 789 2938 querelari
819 2843 1047 2918 crediderim.
1075 2844 1181 2919 Nunc
1214 2845 1296 2919 vide
1328 2850 1509 2940 quantum

344 2964 555 3057 exemplum
581 2964 741 3038 duorum
774 2965 978 3040 amantium
1009 2965 1143 3039 habeat
1172 2986 1344 3061 magnam
1376 2986 1513 3040 couve-

345 3081 517 3157 nientiam
543 3104 630 3157 cum
656 3103 785 3160 amore
810 3085 933 3158 [lautis
958 3090 995 3158 et
1012 3084 1195 3159 Beatricis.
1217 3084 1309 3159 Nam
1331 3085 1514 3180 Pyramus

343 3210 381 3276 et
406 3203 523 3299 Tysbe
548 3204 594 3277 de
618 3204 757 3279 famosa
775 3204 972 3301 Babylonia
985 3206 1143 3299 juvenes
1163 3205 1258 3300 capti
1278 3212 1364 3279 sunt
1383 3225 1514 3280 amore

344 3321 500 3397 mirabili
524 3323 571 3397 ab
598 3324 674 3419 ipsa
700 3325 856 3419 pueritia
878 3344 996 3419 usque
1014 3324 1059 3397 ad
1084 3330 1242 3399 mertem
1264 3324 1343 3399 sine
1359 3324 1513 3418 ellectu,

343 3442 393 3517 ita
418 3444 552 3518 Dantes
578 3451 616 3518 et
639 3445 786 3521 Beatrix
811 3444 858 3519 de
883 3445 1025 3519 florenti
1046 3444 1240 3519 Florentia.
1267 3444 1311 3518 Et
1341 3446 1370 3517 si
1395 3445 1513 3541 ryshe

343 3568 509 3639 amatum
536 3565 735 3661 Pyramum
765 3570 954 3639 mortuum
978 3566 1094 3640 voluit
1119 3566 1222 3659 sequi
1250 3585 1316 3661 per
1343 3572 1513 3656 mortem,

344 3691 381 3759 et
409 3684 544 3758 Dantes
579 3705 810 3759 econverso
845 3693 1030 3759 mortuam
1065 3692 1228 3760 amatam
1262 3685 1377 3759 veluit
1409 3685 1512 3779 sequi

344 3813 424 3900 post
449 3811 619 3899 mortem,
644 3811 681 3880 et
706 3806 844 3880 felicius
870 3826 956 3881 cum
983 3805 1042 3881 illa
1074 3806 1154 3880 lieri
1181 3806 1319 3881 beatus.
1346 3805 1399 3879 Ad
1434 3806 1515 3880 lite·

346 3946 425 4000 ram
445 3946 535 4022 ergo
551 3926 635 3999 dicit
654 3932 780 4019 poeta:
803 3927 879 4021 Ego
896 3927 1040 4019 Dantes,
1060 3930 1112 3999 Mi
1131 3930 1220 3999 notet
1235 3929 1275 3999 al
1288 3928 1388 3999 sacia
1404 3926 1510 4016 duca,

344 4046 390 4121 ad
415 4045 604 4141 Virgilium
631 4046 693 4139 qui
721 4066 817 4120 nunc
842 4044 1054 4119 ostendebat
1079 4067 1121 4121 se
1145 4047 1294 4140 durum,
1329 4047 1516 4120 ndendoit

346 4186 459 4257 noane,
484 4165 591 4240 dulce
620 4164 804 4259 Beatricis,
835 4168 894 4240 cde
922 4168 1014 4239 nella
1045 4174 1155 4241 mente
1177 4188 1314 4259 sernpre
1338 4168 1386 4238 mi
1409 4186 1510 4239 ram-

341 4289 453 4379 pntta,
490 4284 592 4378 idest,
631 4284 837 4379 repullulat,
872 4291 910 4359 et
943 4285 1142 4379 revirescit,
1179 4289 1216 4359 la
1249 4289 1321 4359 mia
1354 4288 1513 4359 durana

342 4412 433 4501 satta
463 4407 566 4495 solta,
593 4404 699 4498 idest,
727 4405 836 4497 molli,
867 4398 937 4477 cosi
967 4426 1063 4477 conte
1096 4410 1254 4498 Pirama,
1289 4425 1424 4480 nomen
1457 4411 1514 4479 est
1642 4456 1646 4466 .

345 4527 586 4605 conveniens:
612 4527 791 4622 Pyramus
817 4525 927 4620 enim,
945 4525 1046 4619 idest,
1073 4526 1206 4603 ardens
1232 4546 1371 4620 amere,
1389 4547 1514 4618 upcrsc

345 4650 510 4740 uuam,
539 4647 718 4738 clausum,
744 4648 781 4718 tn
805 4666 847 4718 su
872 4649 908 4719 lu
933 4652 1043 4719 morte
1072 4651 1112 4721 al
1134 4667 1236 4719 nome
1264 4649 1302 4720 di
1330 4646 1451 4739 tute,-
1476 4653 1514 4721 et

344 4767 449 4843 dicit:
475 4788 494 4839 c
517 4769 739 4855 ripunrdotla
765 4768 858 4839 attor
889 4768 948 4840 cde
964 4769 990 4839 ’t
1017 4770 1126 4859 pedo,
1152 4766 1255 4861 idest,
1285 4767 1397 4842 arbor
1427 4786 1514 4861 quae

391 5062 393 5069 ,
408 5023 436 5085 (¹)
453 5024 484 5075 Ε.
500 5022 611 5075 irruens.

480 5130 518 5173 lv.
1357 5133 1383 5175 rc
