4342 6692
656 860 728 930 ldl
1048 873 1252 929 conmanunt
1276 873 1443 928 reuersi

656 1015 778 1090 nullus
811 1023 898 1092 ante
931 1016 1154 1112 complura
1184 1016 1280 1092 heda
1308 1014 1430 1112 gessit,
1463 1017 1589 1109 plnres
1622 1016 1827 1112 provinciae

654 1134 749 1231 lecit,
764 1155 832 1212 nec
846 1143 991 1212 tantum
1003 1136 1191 1233 ampliavit
1208 1137 1384 1212 terminos
1402 1136 1545 1212 romani
1561 1135 1722 1232 imperii:
1737 1157 1825 1212 nan

654 1254 776 1332 Asiam
804 1277 916 1350 qnam
943 1261 1137 1352 acceperat
1156 1263 1366 1334 extremam
1391 1255 1616 1352 provinciam
1640 1257 1726 1332 lecit
1749 1258 1826 1332 lde-

656 1375 769 1470 diam,
786 1381 826 1450 ut
853 1383 1007 1452 testatur
1023 1377 1163 1452 Tullius
1186 1377 1224 1452 in
1249 1377 1371 1452 libello
1386 1376 1433 1451 de
1450 1375 1620 1452 laudibus
1643 1375 1828 1472 Pompeii3

657 1497 757 1592 qnod
782 1497 944 1574 declarat
963 1498 1108 1600 Plinius
1117 1499 1155 1574 in
1172 1497 1243 1572 vlt
1268 1500 1374 1574 Nunc
1398 1497 1447 1573 ad
1470 1497 1636 1590 literam3
1656 1497 1744 1572 dicit
1763 1497 1828 1572 ln-

659 1617 853 1694 stinianns:
879 1621 1055 1710 Sottesso,
1080 1618 1229 1712 scilicet,
1253 1619 1324 1694 sul)
1348 1618 1453 1715 signo
1477 1618 1623 1712 aquile,
1649 1619 1829 1711 nicnfoeo

660 1741 830 1832 Scipione,
856 1739 1002 1832 scilicet,
1030 1739 1158 1833 maior,
1183 1761 1204 1812 e
1227 1745 1380 1832 Penipeo
1402 1741 1612 1830 ptommtd5
1637 1758 1723 1812 nam
1748 1737 1828 1812 Sci·

660 1857 719 1954 pio
744 1866 823 1933 erat
849 1859 943 1935 torte
967 1859 1114 1957 triginta
1139 1880 1324 1934 annorum
1348 1858 1495 1952 quande
1520 1857 1756 1953 triumphavit
1780 1856 1828 1932 de

628 1977 791 2073 dirim,
816 1985 854 2054 et
878 1979 1073 2075 Pompeius
1104 1985 1185 2056 erat
1210 1979 1334 2076 viginti
1368 1999 1434 2054 ser
1465 1999 1649 2055 annorum
1680 1978 1828 2074 quando

660 2097 780 2194 primo
807 2097 1044 2194 triumpharit
1068 2099 1116 2176 de
1145 2100 1286 2193 Airica;
1317 2099 1373 2174 bis
1402 2100 1602 2194 imperator
1626 2105 1830 2192 antequam

662 2216 776 2312 mites,
796 2223 832 2293 et
854 2219 906 2294 bis
925 2240 1102 2295 romanus
1118 2240 1233 2314 eques
1250 2220 1332 2294 loco
1351 2219 1522 2313 consulis,
1539 2226 1577 2294 et
1594 2220 1694 2294 solus
1718 2219 1831 2316 gessit

661 2337 811 2412 tertium
836 2340 1076 2414 consolatum.
1098 2339 1202 2419 Unde
1221 2339 1362 2414 Tullius
1387 2337 1512 2414 trienii
1537 2337 1710 2434 Pompeio
1734 2360 1830 2434 qua·

660 2462 747 2532 tuor
781 2445 985 2533 necessaria
1018 2480 1166 2533 summo
1195 2459 1423 2553 imperatori,
1457 2458 1608 2553 scilicet,
1641 2459 1830 2534 scientim

664 2578 716 2654 rei
742 2579 918 2672 militarie,
935 2579 1122 2674 virtutem,
1140 2580 1389 2674 autoritatem,
1406 2579 1631 2674 felicitatem3
1648 2587 1686 2656 et
1706 2587 1832 2656 tamen

662 2697 699 2772 in
725 2697 797 2774 fine
822 2699 1011 2775 infeliciter
1036 2698 1251 2794 debellatus,
1267 2700 1445 2776 infelicius
1469 2699 1573 2796 legit,
1591 2700 1833 2774 infelicissime

664 2827 835 2894 mortuns
859 2828 934 2896 est:
961 2821 1023 2916 qui
1041 2820 1183 2916 primns
1201 2841 1441 2895 remanorum
1458 2819 1554 2915 cepit
1569 2820 1775 2896 lermalem
1795 2827 1833 2895 et

665 2941 844 3036 templum
869 2941 958 3016 illud
986 2942 1152 3016 mirabile
1176 2941 1393 3016 ditissimum
1416 2940 1556 3015 intrans
1574 2941 1751 3014 intactum
1770 2960 1832 3015 re-

537 3127 540 3134 ,
664 3061 777 3158 liquit.
796 3063 840 3138 Et
857 3063 955 3138 addit
972 3062 1196 3138 Iustinianus
1212 3061 1413 3138 incidenter
1430 3081 1547 3136 unum
1570 3060 1707 3136 lactum
1732 3061 1833 3155 qnod

665 3182 779 3280 tangit
795 3191 978 3276 autorem,
996 3182 1133 3258 scilicet
1147 3182 1378 3258 eversionem
1400 3180 1585 3256 insulam·
1601 3180 1769 3275 civitatis,
1785 3201 1833 3256 ex

663 3321 737 3396 qna
754 3301 841 3376 olim
863 3302 957 3377 tacta
978 3310 1034 3378 est
1053 3287 1248 3377 Florentia.
1266 3301 1371 3395 Nem,
1389 3307 1482 3376 terte
1497 3299 1667 3394 salustio,
1683 3300 1835 3376 Catilina

664 3422 844 3516 pessimus
875 3425 1002 3518 pulsus
1034 3443 1080 3498 ex
1118 3422 1211 3497 urbe
1244 3429 1393 3519 prepter
1424 3421 1632 3518 pestiferam
1662 3421 1835 3496 coniura-

666 3541 801 3616 tionem
840 3562 952 3636 qnam
992 3542 1130 3617 iecerat
1164 3563 1251 3618 cum
1285 3543 1409 3618 multis
1442 3542 1621 3617 nobilibus
1651 3542 1697 3615 de
1729 3541 1833 3616 inra-

664 3660 783 3736 denda
808 3661 994 3756 republica
1019 3670 1057 3737 et
1082 3662 1298 3738 trucidando
1322 3669 1453 3739 senatu
1479 3661 1643 3759 confugit
1664 3660 1710 3736 ad
1741 3660 1832 3736 ciri·

665 3787 779 3858 tatem
805 3781 1044 3876 insularum,
1071 3791 1109 3856 et
1133 3782 1218 3858 inde
1243 3783 1417 3859 recedens
1446 3783 1482 3856 in
1513 3802 1606 3879 agre
1631 3781 1832 3877 pistoriensi

667 3911 869 4000 prostratus
895 3910 950 3980 est
975 3925 1061 3979 cum
1092 3904 1168 3978 suis
1198 3903 1411 3979 mirabiliter
1444 3923 1611 4000 pugnans
1639 3909 1677 3978 et
1706 3901 1835 3977 civitas

666 4025 891 4101 insularum
925 4025 1111 4100 destructa
1145 4032 1211 4099 est.
1241 4023 1333 4099 llicit
1363 4044 1466 4121 ergo,
1489 4031 1525 4097 et
1541 4045 1658 4116 poree
1688 4043 1832 4114 amoro,

667 4143 754 4219 illud
780 4145 937 4243 signum,
962 4167 986 4218 o
1012 4147 1091 4237 quet
1112 4148 1211 4235 colle,
1236 4144 1337 4240 idest,
1356 4145 1470 4218 menti
1497 4144 1835 4238 inanimemque

667 4264 734 4340 luit
758 4263 844 4339 olim
870 4264 972 4338 tertis
997 4265 1125 4342 civitas
1149 4263 1388 4357 Faesulanum,
1413 4271 1501 4339 sotto
1517 4267 1543 4337 'l
1565 4266 1649 4356 qnct
1672 4272 1721 4354 tu,
1741 4263 1837 4338 scili·

666 4392 736 4480 cet,
761 4406 784 4460 o
809 4385 954 4478 Dentes,
980 4385 1293 4473 recrescentem
1318 4384 1355 4458 in
1378 4385 1560 4460 Florentia
1577 4403 1662 4480 qum
1678 4390 1734 4459 est
1751 4403 1836 4479 pro-

666 4506 802 4602 pinqua
827 4512 865 4580 et
889 4505 1050 4580 subiecta
1078 4505 1127 4578 illi
1152 4504 1235 4580 colli
1260 4505 1354 4580 torte
1383 4526 1450 4602 per
1484 4505 1553 4579 tria
1585 4502 1764 4598 milliaria,
1789 4503 1837 4580 de

666 4646 741 4720 qno
765 4623 850 4700 alibi
875 4623 1013 4700 dictum
1040 4631 1097 4700 est
1112 4631 1150 4699 et
1165 4625 1319 4700 dicetur.
1332 4665 1382 4682 -
1395 4629 1469 4699 Pol.
1491 4627 1596 4699 Nunc
1613 4621 1837 4699 lmtinianus

666 4745 884 4822 transcursis
918 4745 1079 4821 breviter
1116 4745 1335 4840 quibusdam
1374 4745 1533 4821 victoriis
1571 4751 1608 4820 et
1642 4741 1837 4838 triumphis

668 4867 801 4961 aquilae
825 4887 892 4964 per
917 4873 1083 4962 tempera
1109 4866 1315 4960 consulum,
1342 4888 1439 4941 nunc
1463 4865 1649 4942 descendit
1677 4865 1724 4938 ad
1757 4884 1836 4939 ma·

669 4986 963 5084 gnificenlissima
979 4992 1081 5085 gesta
1100 4987 1377 5082 imperatorum.
1396 4988 1439 5065 Et
1451 4986 1609 5081 incipite
1622 4983 1753 5082 primo,
1765 4983 1836 5058 sci·
