4342 6692
651 888 723 955 161
1011 895 1215 953 comunem
1241 896 1460 951 runenmnn

649 1064 811 1134 coneorzo
823 1044 884 1115 cte
902 1046 935 1115 si
953 1063 1082 1116 muovo
1095 1044 1211 1115 bruno
1227 1042 1342 1115 bruno
1357 1048 1446 1115 sotto
1466 1040 1627 1114 tomtm
1633 1046 1823 1136 perpetum

651 1158 731 1238 vult
755 1163 880 1238 dicere
904 1163 1003 1257 quod
1029 1170 1130 1238 tenta
1162 1170 1217 1237 est
1242 1162 1291 1239 ibi
1320 1160 1478 1237 densitas
1507 1161 1697 1255 arborum,
1723 1161 1821 1255 quod

651 1304 699 1359 ex
724 1282 953 1358 connexione
978 1303 1171 1361 ramorum
1198 1282 1287 1356 radii
1312 1280 1398 1355 solis
1418 1282 1477 1356 vel
1503 1282 1601 1356 lunae
1628 1288 1824 1377 penetrare

650 1427 725 1480 non
750 1410 925 1500 possunt5
951 1403 1050 1478 unde
1074 1403 1180 1478 dicit:
1197 1406 1257 1477 olle
1273 1405 1346 1476 moi
1364 1406 1516 1495 raynmr
1531 1423 1605 1475 loon
1624 1405 1734 1476 luscio
1751 1402 1823 1474 sole

650 1528 710 1616 toi,
734 1521 781 1598 ne*
802 1527 899 1617 luno,
926 1529 964 1599 et
988 1544 1055 1619 per
1079 1544 1308 1618 consequens
1330 1544 1398 1599 nec
1419 1523 1478 1600 die
1495 1544 1564 1599 nec
1580 1528 1688 1599 nocte
1704 1528 1821 1618 potest

651 1664 732 1719 esse
757 1642 805 1716 ibi
830 1644 894 1716 lux
910 1637 948 1735 (¹)
975 1642 1148 1737 maxime,
1167 1663 1236 1718 nec
1261 1643 1309 1716 ihi
1336 1649 1390 1718 est
1407 1645 1508 1719 calor
1524 1646 1584 1719 vel
1610 1644 1736 1740 frigus,
1756 1641 1820 1717 sed

650 1763 824 1839 continua
851 1762 1070 1857 temperies:
1098 1763 1165 1837 ista
1192 1762 1289 1837 enim
1315 1784 1414 1858 equa
1440 1763 1577 1839 inducit
1600 1763 1819 1838 oblivionem

648 1888 897 1980 peccatorum.

724 2006 786 2075 Coi
807 1998 873 2094 nid.
899 2003 971 2076 lstu
997 2009 1052 2076 est
1076 2002 1238 2078 secunda
1268 2024 1353 2098 pars
1384 2004 1422 2077 in
1452 2024 1526 2098 qua
1556 2010 1664 2098 poeta
1696 2008 1820 2077 noster

648 2123 819 2199 describit
844 2122 1049 2197 mirabilem
1076 2122 1263 2199 dominam
1290 2145 1403 2219 quam
1433 2124 1570 2219 reperit
1594 2124 1643 2198 ihi
1667 2129 1820 2198 canten-

649 2252 724 2319 tem
757 2248 794 2319 et
827 2243 936 2317 llores
968 2242 1210 2338 colligentem.
1247 2244 1290 2318 lit
1321 2244 1367 2319 ad
1405 2244 1676 2341 intelligendam
1712 2243 1820 2339 plene

648 2363 755 2438 istem
780 2363 938 2437 nobilem
957 2368 1113 2457 partem,
1131 2364 1215 2439 volo
1233 2364 1352 2459 primo
1379 2372 1415 2440 te
1439 2372 1569 2440 notare
1593 2366 1693 2460 quod
1709 2372 1819 2439 autor

649 2505 748 2557 nunc
773 2482 928 2558 ostendit
954 2503 995 2558 se
1020 2484 1146 2558 videre
1170 2485 1217 2559 de
1242 2484 1337 2561 lacto
1362 2485 1460 2561 illum
1487 2484 1685 2579 dominam,
1703 2504 1816 2580 quum

648 2602 820 2697 superius
846 2601 1002 2676 tinxerat
1026 2624 1068 2678 se
1093 2603 1222 2678 vidisse
1248 2605 1284 2677 in
1310 2624 1440 2679 somno
1465 2605 1502 2679 in
1529 2605 1658 2679 eodem
1692 2603 1818 2680 habitu

648 2729 687 2797 et
711 2728 807 2795 actu.
833 2722 919 2795 llaec
945 2728 1000 2795 est
1025 2742 1116 2819 ergo
1141 2722 1323 2799 comitissa
1352 2724 1540 2819 Muthildis,
1571 2744 1656 2819 quae
1686 2723 1817 2799 devota

647 2840 719 2915 lilia
744 2839 841 2913 Petri
858 2860 925 2934 pro
943 2847 1063 2915 matre
1079 2840 1232 2916 ecclesia
1258 2862 1404 2938 semper
1428 2842 1475 2917 de
1500 2842 1663 2917 hostibus
1684 2842 1817 2916 trium·
1936 2842 1942 2855 '

646 2960 781 3057 phavit.
807 2960 878 3033 isto
903 2982 994 3057 ergo
1019 2967 1169 3057 propter
1195 2962 1447 3037 excellentium
1480 2982 1558 3036 suae
1588 2962 1733 3036 virtutis
1762 2962 1818 3035 in-

645 3081 793 3156 ducitur
810 3081 880 3175 hio,
894 3088 936 3155 ut
952 3081 1082 3156 docent
1101 3086 1138 3156 et
1153 3081 1320 3157 ostendet
1335 3082 1477 3157 animas
1497 3088 1671 3179 purgatus
1687 3102 1817 3157 ascen-

646 3223 753 3275 suras
785 3202 831 3275 ad
862 3202 1011 3296 crolum,
1041 3208 1213 3298 oportere
1246 3202 1401 3277 transire
1433 3222 1498 3298 per
1530 3202 1721 3278 ecclesiam
1752 3201 1816 3276 liei

646 3321 864 3396 militantem
891 3322 1074 3397 mediante
1099 3322 1330 3398 balneetione
1345 3321 1504 3396 duarum
1522 3343 1707 3417 aquarum
1732 3342 1817 3417 quae

645 3442 705 3517 hic
734 3441 996 3537 inveniuntur3
1027 3442 1077 3516 sic
1107 3442 1196 3517 Cato
1215 3434 1252 3535 (¹)
1284 3442 1431 3536 ponitur
1461 3444 1498 3518 in
1536 3443 1685 3517 introitu
1722 3463 1816 3537 pur-

644 3561 776 3657 gatorii
809 3561 856 3635 ad
886 3561 1167 3656 praeparnndum
1204 3562 1346 3636 animas
1376 3563 1423 3636 ud
1455 3582 1648 3638 ascensum
1684 3562 1817 3637 montis

644 3701 710 3776 per
736 3681 911 3757 lotionem
938 3681 1052 3757 laciei.
1077 3682 1131 3756 Ad
1150 3682 1293 3757 literam
1313 3701 1403 3779 ergo
1423 3682 1509 3757 dicit
1527 3688 1653 3779 poete:
1678 3688 1739 3758 Coi
1757 3679 1817 3777 pte*

644 3804 778 3892 mutii,
804 3801 905 3896 idest,
932 3800 1076 3876 lirmuvi
1104 3822 1164 3877 me
1189 3802 1227 3877 iu
1253 3800 1331 3897 ripn
1357 3803 1528 3899 lluminis,
1562 3808 1727 3898 cpussoi
1748 3824 1815 3877 con

642 3925 694 4013 912·
716 3925 811 3995 occid
826 3926 865 3996 di
880 3913 917 3996 ld
933 3924 997 3996 dol
1008 3926 1204 4016 domicello
1227 3922 1372 4017 scilicet,
1390 3926 1590 4018 Lethaeum,
1609 3945 1721 4019 quem
1735 3925 1812 4019 jum

643 4042 787 4117 vocavit
812 4042 946 4138 rivum,
976 4065 1045 4137 pcr
1069 4047 1217 4135 muare,
1238 4064 1325 4118 cum
1343 4043 1437 4137 visu,
1460 4046 1497 4117 lo
1512 4065 1608 4135 oron
1625 4048 1813 4117 vammum

642 4164 680 4237 di
699 4166 830 4257 [nesciri
854 4166 939 4256 moi,
965 4163 1067 4258 idest,
1094 4163 1291 4238 virentium
1318 4184 1523 4258 rumorum,
1544 4164 1607 4260 qui
1633 4170 1739 4240 erunt
1758 4164 1812 4238 di·

641 4285 739 4361 versi
764 4285 801 4357 in
827 4285 962 4378 colore,
980 4284 1106 4378 odore,
1124 4290 1162 4359 et
1178 4304 1309 4380 sapore
1328 4285 1538 4358 fructuum:
1556 4292 1594 4359 et
1610 4284 1690 4359 talis
1711 4284 1813 4357 locus

640 4406 736 4481 bene
761 4406 931 4481 convenit
956 4405 1098 4497 locut03
1133 4403 1231 4478 uude
1261 4403 1363 4479 dicit:
1389 4426 1408 4477 e
1438 4398 1462 4478 ll
1492 4408 1537 4477 m'
1550 4426 1709 4497 oppuroe
1739 4424 1811 4478 una

641 4528 763 4599 donno
786 4528 920 4615 sotctto,
946 4524 1047 4618 idest,
1074 4523 1253 4616 solitaria3
1281 4529 1318 4599 et
1348 4544 1437 4599 vere
1469 4524 1535 4599 isto
1566 4524 1714 4600 domina
1739 4542 1811 4598 non

612 4644 772 4762 rhubuit
793 4645 930 4719 sociam
963 4644 1000 4717 in
1031 4643 1133 4718 ltalia
1161 4643 1239 4737 jum
1274 4650 1440 4737 tempore
1471 4645 1605 4739 multo;
1637 4644 1713 4718 imo
1744 4662 1812 4718 nec

473 4826 479 4835 .
616 4775 620 4808 ¹
640 4766 762 4839 virum
788 4765 855 4839 sibi
881 4764 1036 4839 similem
1062 4764 1099 4838 in
1125 4763 1274 4857 virtute,
1291 4768 1350 4837 cllc
1369 4768 1401 4837 si
1419 4757 1480 4856 ota
1499 4768 1675 4839 camundo
1684 4790 1700 4858 ;
1725 4761 1811 4859 quid

704 5026 732 5090 (¹)
749 5030 802 5086 117,
819 5025 865 5076 lux
880 5040 982 5090 magns.
1234 5020 1262 5082 ι’)
1278 5022 1308 5073 E.
1324 5024 1390 5073 slent
1405 5022 1476 5075 Crto.
