4342 6692
679 876 751 945 358
1070 888 1275 945 connnrmr
1298 888 1466 943 rnannrsr

679 1034 857 1109 mendans
889 1032 1055 1109 ordinem
1090 1033 1232 1124 datum,
1264 1039 1301 1108 et
1330 1032 1453 1109 dicens
1466 1026 1521 1127 ('):
1558 1035 1739 1126 &aaaron
1768 1037 1853 1109 banc

679 1178 704 1228 a
720 1176 775 1229 nro
797 1147 827 1227 si
851 1156 986 1226 oom'io
1010 1156 1116 1247 vodo,
1134 1154 1236 1249 idest,
1258 1153 1417 1248 qualiter
1442 1152 1623 1251 gradatim
1642 1158 1680 1229 et
1696 1154 1850 1229 strictim

678 1273 848 1371 procedo,
881 1277 920 1347 ot
949 1295 1011 1347 ver
1043 1276 1103 1347 cte
1135 1280 1170 1347 tu
1204 1275 1323 1366 desim,
1348 1274 1453 1367 idest,
1481 1271 1528 1347 ad
1560 1272 1850 1371 investigandam

679 1395 872 1472 veritatem
898 1414 1012 1489 quam
1037 1394 1132 1468 scire
1155 1394 1350 1469 desideras.
1377 1394 1421 1467 Et
1445 1392 1565 1469 subdit
1594 1394 1693 1488 quod
1720 1394 1769 1469 ita
1795 1396 1853 1469 iu-

678 1514 876 1611 telligentia
910 1520 1085 1610 operatur
1115 1513 1289 1589 virtutem
1321 1513 1505 1589 mediante
1535 1534 1676 1610 organo
1701 1516 1782 1590 ooeli
1800 1508 1852 1609 (¹),

678 1636 773 1709 sicut
807 1634 910 1709 taber
947 1642 1066 1709 artem
1103 1634 1286 1710 mediante
1320 1634 1454 1709 malleo
1487 1633 1731 1710 instrumento
1760 1656 1850 1731 suo;

680 1753 777 1829 unde
801 1753 908 1829 dicit:
935 1757 970 1827 to
995 1761 1088 1827 moto
1114 1776 1132 1827 e
1157 1758 1193 1827 ta
1218 1749 1309 1829 virtri
1333 1757 1387 1828 tle’
1406 1757 1500 1828 sant
1528 1756 1613 1847 piri,
1644 1753 1746 1849 idest,
1771 1776 1850 1831 ooe-

678 1876 800 1950 lorum
833 1874 1109 1970 praedictorum,
1138 1878 1283 1947 conmen
1313 1878 1372 1947 cte
1400 1878 1507 1968 spiri,
1535 1874 1627 1951 idest
1659 1884 1783 1952 manet
1812 1882 1851 1951 et

677 1996 862 2092 procedat,
890 1998 950 2070 aa
969 1998 1059 2069 beot
1087 1999 1228 2088 motori,
1253 1995 1355 2091 idest,
1387 1996 1435 2089 ab
1466 1995 1707 2093 intelligentiis
1736 2018 1852 2095 ange-

678 2118 766 2212 licis,
791 2138 887 2190 oomc
911 2120 934 2189 t’
946 2124 1037 2208 orte,
1067 2116 1205 2211 supple,
1232 2116 1356 2211 spirat,
1381 2116 1439 2189 dat
1459 2116 1566 2210 fabro
1592 2119 1649 2189 aet
1678 2120 1849 2193 martello.

677 2276 727 2291 -
740 2240 808 2311 E’t
830 2239 902 2310 ciet.
928 2235 993 2310 llic
1017 2236 1165 2310 Beatrir
1200 2234 1238 2308 in
1269 2234 1414 2330 speciali
1442 2234 1613 2310 describit
1647 2236 1851 2335 intelligen-

679 2356 768 2431 tiam
793 2363 1005 2431 moventem
1037 2356 1175 2430 ooelum
1214 2354 1403 2431 stellarum
1420 2346 1457 2449 (⁹)
1490 2363 1527 2432 et
1558 2356 1638 2431 eius
1663 2358 1850 2453 virtutem,

678 2476 825 2551 diceus:
859 2481 893 2549 Ε
908 2478 935 2548 ’t
965 2478 1039 2569 ciet,
1075 2475 1185 2569 idest,
1220 2474 1509 2569 firmamentum,
1546 2481 1602 2551 cui
1634 2480 1722 2551 tanti
1755 2480 1851 2569 lumi,

677 2595 781 2690 idest,
806 2595 919 2670 stellae
942 2594 1147 2689 luminosae,
1168 2600 1283 2690 sonno
1300 2596 1399 2686 betto,
1420 2595 1507 2690 quia
1528 2596 1647 2673 sidera
1665 2603 1750 2671 sunt
1767 2598 1850 2693 pnl-

678 2716 837 2791 cerrima
871 2721 1090 2791 ornamenta
1124 2716 1218 2810 coeli,
1246 2718 1382 2808 proram
1417 2718 1441 2789 t
1453 2718 1592 2808 imaro,
1619 2716 1723 2812 idest,
1756 2716 1851 2791 ima·

676 2835 817 2932 ginem,
851 2836 1005 2931 scilicet,
1044 2836 1323 2932 impressionem
1356 2842 1393 2911 et
1427 2836 1619 2931 uirtutem,
1657 2858 1676 2909 e
1708 2842 1850 2932 fossore

675 2960 843 3049 suppeto,
869 2956 955 3051 quia
988 2976 1094 3031 more
1125 2956 1228 3052 sigilli
1264 2955 1440 3051 imprimit
1471 2956 1508 3030 in
1540 2956 1724 3051 interiora,
1750 2960 1851 3031 natta

676 3086 786 3152 morte
806 3080 1001 3172 profonda,
1021 3077 1125 3171 idest,
1142 3076 1377 3173 intelligentia
1395 3082 1579 3171 movente,
1597 3079 1657 3151 cto
1673 3082 1772 3154 volve
1788 3082 1849 3170 lat,

676 3198 778 3292 idest,
797 3204 933 3273 movet.
956 3198 1000 3269 Et
1017 3196 1180 3271 declarat
1198 3195 1296 3290 quod
1323 3197 1411 3271 dirit
1436 3217 1503 3293 per
1527 3196 1687 3273 nobilem
1709 3204 1747 3273 et
1766 3200 1852 3294 pro-

676 3318 792 3412 priam
827 3316 1161 3412 comparationem,
1194 3316 1338 3412 dicens,
1365 3317 1464 3411 quod
1500 3318 1579 3391 talis
1613 3316 1850 3415 intelligentia

676 3442 851 3532 operatur
875 3437 913 3510 in
937 3437 1029 3511 orbe
1054 3437 1149 3511 siout
1173 3436 1297 3510 anima
1323 3436 1359 3509 in
1385 3456 1561 3531 corpore3
1587 3444 1626 3511 et
1651 3436 1737 3531 quia
1761 3457 1850 3513 sen-

676 3557 789 3632 tentia
812 3558 912 3631 clara
937 3563 1004 3651 est,
1030 3555 1112 3631 ideo
1137 3555 1266 3631 ordina
1290 3557 1411 3631 solum
1437 3557 1583 3632 literam
1608 3557 1678 3633 sic:
1698 3579 1718 3630 c
1737 3560 1773 3631 to
1792 3561 1850 3631 in-

675 3679 870 3769 tettipcnzo,
887 3674 1033 3770 scilicet,
1053 3681 1174 3750 motor
1199 3675 1302 3751 istius
1327 3683 1468 3751 octava
1493 3696 1621 3773 sperae,
1641 3670 1853 3769 putandos&

674 3818 785 3890 sopra
808 3817 875 3870 suo
898 3799 1039 3890 annuo,
1067 3796 1171 3891 idest,
1197 3818 1308 3892 supra
1334 3815 1493 3893 speram,
1514 3796 1551 3871 in
1569 3818 1643 3892 qua
1660 3797 1763 3872 unita
1779 3804 1848 3891 est,

675 3918 733 3992 vel
758 3938 870 4013 supra
895 3938 936 3993 se
961 3937 1086 4012 unam,
1119 3916 1206 4011 quia
1238 3936 1278 3991 se
1308 3916 1344 3992 in
1374 3936 1415 3991 se
1447 3921 1606 4013 regyrat,
1637 3920 1758 4010 sptepa
1781 3938 1849 3991 sua

674 4040 824 4130 omna,
857 4038 959 4131 idest,
993 4037 1149 4133 explicat
1180 4058 1287 4112 suam
1317 4036 1505 4133 virtutem,
1532 4040 1755 4131 moltipticota
1781 4059 1849 4131 por

675 4158 961 4253 resumtum,
987 4179 1053 4253 per
1082 4178 1209 4253 speras
1238 4164 1275 4233 et
1309 4158 1442 4253 stellas,
1472 4178 1557 4252 qnae
1588 4165 1674 4233 sunt
1708 4179 1848 4256 organa

675 4300 755 4373 sua,
779 4271 852 4354 cosi
875 4299 971 4351 come
995 4281 1138 4369 totmn,
1162 4276 1265 4371 idest,
1291 4278 1415 4353 anima
1442 4277 1638 4372 rationalis,
1664 4282 1697 4352 si
1719 4282 1849 4352 rtsotm

676 4421 701 4471 a
720 4402 855 4473 dicare
868 4400 1040 4491 potcnzie,
1065 4397 1161 4471 sicut
1186 4396 1291 4490 visui,
1316 4396 1457 4471 auditui
1483 4405 1565 4493 etc,
1586 4400 1710 4472 denuo
1735 4419 1760 4471 α
1785 4420 1849 4471 vo-

675 4524 753 4592 stro
774 4520 889 4612 potae,
913 4516 1016 4611 idest,
1041 4536 1205 4619 carnem,
1228 4536 1296 4608 per
1320 4518 1477 4589 monera
1507 4519 1689 4612 differenti.
1716 4518 1760 4591 Et
1790 4517 1850 4592 hic

678 4646 763 4716 nota
783 4640 877 4713 bene
893 4638 991 4733 quod
1010 4635 1256 4732 multiplicitas
1273 4656 1499 4735 organorum
1519 4644 1694 4713 causatur
1711 4637 1749 4712 in
1768 4637 1850 4711 ani-

678 4760 836 4833 malibus
863 4780 888 4835 a
919 4757 1183 4853 multiplicitate
1217 4762 1437 4852 potestatum
1468 4758 1624 4832 animae:
1653 4757 1750 4833 unde
1781 4757 1849 4833 nisi

683 5048 707 5071 ·.
740 5018 768 5083 (¹)
784 5020 817 5071 B.
831 5025 858 5071 ot
874 5020 942 5072 dicit.
1067 5016 1095 5083 Ρ)
1110 5018 1142 5070 Ε.
1158 5017 1265 5069 coloso.
1391 5016 1418 5080 (¹)
1434 5023 1449 5069 t
1465 5031 1480 5069 o
1495 5018 1527 5069 n
1544 5018 1684 5069 stallatum.
