4342 6692
688 871 734 938 ot
1047 885 1251 939 couunwu
1276 884 1497 940 runcatunu

756 1032 844 1122 Dal,
860 1033 966 1124 [rote.
992 1031 1062 1104 lsta
1084 1037 1141 1104 est
1167 1036 1299 1126 quarta
1324 1038 1362 1105 et
1388 1030 1517 1104 ultima
1543 1049 1627 1125 pars
1641 1021 1691 1122 (¹),
1718 1029 1755 1102 in
1782 1049 1853 1122 qua

684 1156 789 1245 poeta
816 1149 1023 1224 manilestat
1044 1149 1194 1224 Foresio
1210 1149 1397 1244 quomodo
1424 1149 1565 1224 venerit
1583 1151 1655 1224 buc
1678 1150 1794 1243 vivus,
1817 1155 1855 1222 et

683 1271 747 1365 qui
773 1276 859 1344 sunt
883 1270 957 1345 duo
983 1270 1096 1345 duces
1121 1271 1198 1344 sui:
1226 1278 1262 1346 et
1287 1270 1406 1366 primo
1424 1270 1562 1345 inducit
1581 1270 1772 1346 Foresium
1799 1271 1856 1343 in·

684 1397 853 1485 stantem,
881 1398 923 1464 ut
948 1410 1020 1464 non
1045 1390 1190 1466 diderat
1215 1392 1370 1466 ulterius
1393 1391 1614 1487 respondere
1637 1390 1685 1466 ad
1709 1390 1855 1487 petitio-

685 1531 770 1586 nem
796 1531 914 1585 suam.
941 1511 1033 1585 Dicit
1058 1531 1149 1609 ergo
1174 1511 1344 1599 Foresius
1368 1511 1619 1606 deprecative:
1640 1514 1714 1585 Det
1735 1516 1856 1606 frate?

685 1631 790 1725 quasi
815 1632 928 1706 dicat:
956 1652 1047 1728 rogo
1073 1638 1121 1726 te,
1147 1632 1334 1707 carissime
1354 1631 1480 1726 irater,
1498 1653 1542 1704 or
1558 1634 1611 1726 [α’
1624 1635 1683 1704 cte
1702 1627 1766 1724 piri
1783 1652 1854 1703 non

685 1756 733 1825 ml
758 1756 783 1825 ti
805 1755 888 1846 cett,-
912 1758 1107 1849 postquam
1135 1752 1303 1847 respondi
1333 1752 1394 1827 tibi
1420 1751 1527 1848 plene
1552 1758 1590 1827 et
1614 1751 1855 1826 amicabiliter

684 1872 730 1946 ad
757 1877 959 1966 utrumque
984 1872 1179 1967 quaesitum
1209 1880 1316 1946 tuum
1343 1878 1418 1946 tarn
1442 1872 1630 1966 publicum
1648 1893 1760 1966 quam
1779 1860 1855 1966 pri'-

684 1999 822 2066 vatum.
848 1993 892 2064 Et
916 1991 963 2066 ad
994 1991 1209 2085 captandam
1245 1991 1387 2088 plenius
1418 1990 1724 2085 benevolentiam,
1750 1990 1853 2064 dicit:

683 2116 761 2188 cedi
790 2115 850 2185 cle
880 2115 1117 2205 conperto,
1149 2113 1212 2206 qui
1238 2113 1322 2186 novi
1349 2119 1386 2187 te
1418 2114 1455 2186 in
1484 2113 1559 2187 vita
1588 2120 1625 2187 et
1656 2113 1853 2209 recognovi

682 2239 719 2308 te
745 2233 865 2308 statim
893 2232 1004 2328 paulo
1028 2241 1126 2328 aute,
1160 2254 1221 2306 mo
1245 2240 1331 2308 tutte
1356 2242 1475 2327 questa
1493 2240 1605 2326 pente,
1623 2234 1725 2327 idest,
1745 2234 1855 2308 turba

685 2353 847 2426 maxima
874 2354 1103 2450 gulosorum,
1128 2357 1257 2427 almiro
1283 2343 1319 2426 ld
1345 2356 1433 2428 done
1460 2357 1488 2426 il
1516 2356 1572 2427 sol
1605 2357 1682 2444 ceti,
1708 2353 1867 2446 scilicet,

683 2493 769 2546 cum
797 2473 931 2548 umbra
957 2457 1121 2568 corporis
1138 2473 1203 2566 tui,
1221 2473 1321 2568 quod
1342 2493 1415 2548 non
1436 2473 1572 2548 laciunt
1589 2472 1733 2546 umbrae
1752 2495 1853 2546 mor-

684 2599 848 2667 tuorum.
875 2594 918 2667 Et
943 2592 1064 2666 subdit
1082 2593 1268 2688 quomodo
1287 2593 1469 2689 respoudit
1490 2593 1609 2688 primo
1626 2593 1773 2668 Foresio
1790 2614 1854 2670 oc-

684 2714 793 2807 culte,
811 2712 861 2786 ita
889 2713 987 2808 quod
1013 2713 1098 2788 lacit
1122 2713 1404 2788 insinuationem
1425 2714 1603 2809 captando
1628 2713 1854 2789 benevolen-

581 2819 584 2824 ’
684 2834 793 2927 tiam3
821 2839 857 2908 et
874 2833 1134 2908 sententialiter
1152 2835 1230 2907 vult
1247 2835 1381 2940 dicere,
1400 2835 1499 2928 quod
1519 2834 1689 2910 Foresius
1707 2856 1780 2909 non
1798 2841 1854 2908 est

684 2961 825 3030 lantum
840 2959 1005 3027 mutatus
1022 2953 1058 3027 in
1075 2974 1242 3051 corpore,
1260 2960 1452 3049 postquam
1471 2962 1641 3029 mortuus
1654 2961 1720 3050 est,
1734 2976 1853 3048 quan-

682 3079 762 3148 tum
789 3072 865 3169 ipse
890 3081 1054 3148 mutatus
1080 3080 1135 3148 est
1159 3075 1294 3148 animo.
1314 3073 1404 3149 llicit
1425 3095 1535 3171 ergo:
1550 3076 1715 3167 perclt'io
1740 3097 1764 3147 a
1789 3078 1850 3165 tat,

682 3194 822 3290 supple,
847 3193 944 3268 dixi:
970 3216 1007 3266 se
1041 3197 1066 3266 o·
1097 3197 1212 3267 viduet
1240 3215 1264 3266 c
1293 3200 1414 3285 mmte,
1441 3193 1544 3288 idest,
1570 3215 1722 3268 revocas
1752 3195 1798 3268 ad
1814 3185 1850 3286 (¹)

683 3322 844 3402 mentem
871 3321 908 3389 et
934 3313 1164 3408 memoriam,
1190 3318 1276 3406 prat
1290 3318 1377 3410 susti
1401 3337 1508 3405 nacco,
1527 3315 1562 3388 in
1582 3315 1698 3411 patria
1715 3322 1851 3408 nostra,

682 3439 778 3512 inter
804 3436 881 3509 illas
907 3435 1055 3529 sirenas,
1083 3457 1102 3507 e
1122 3437 1430 3530 protererent,
1456 3435 1682 3511 convivendo
1707 3443 1851 3529 tecum;

681 3561 708 3632 il
741 3577 919 3629 memoror
944 3563 1117 3647 procoma,
1155 3555 1261 3650 idest,
1293 3575 1452 3650 praesens
1491 3556 1706 3651 recordatio,
1740 3578 1854 3630 precer

680 3681 732 3769 lto
747 3697 872 3768 mooe,
891 3675 992 3769 idest,
1011 3675 1081 3749 erit
1099 3674 1294 3749 molestum
1324 3675 1438 3769 nobis,
1455 3675 1541 3769 quia
1560 3676 1739 3750 memoria
1756 3697 1854 3772 prae-

683 3797 877 3872 teritorum
905 3794 999 3869 inter
1020 3815 1086 3869 nos
1104 3815 1178 3869 non
1196 3795 1257 3869 fiet
1274 3796 1353 3870 sine
1369 3795 1495 3869 dolore
1512 3801 1549 3869 et
1568 3795 1727 3891 pudore;
1746 3797 1851 3889 quasi

683 3917 788 4010 dicat,
817 3914 951 3990 tacite:
977 3915 1006 3987 sl
1032 3920 1073 3988 tu
1100 3915 1305 3989 recordaris
1323 3915 1432 3988 modo
1452 3935 1584 3988 eorum
1603 3937 1687 4011 quae
1706 3916 1851 3991 diceba·

683 4058 767 4111 mus
792 4041 829 4110 et
855 4034 1078 4110 faciebamus
1103 4055 1199 4108 vane
1223 4033 1386 4109 vacando
1406 4033 1572 4129 lasciviis,
1592 4036 1791 4130 amoribus,
1813 4043 1850 4112 et

681 4157 760 4232 aliis
778 4155 889 4230 rebus
903 4153 1014 4248 vanis,
1030 4161 1225 4248 sequentes
1240 4154 1465 4229 delectabilia
1480 4175 1552 4229 non
1566 4156 1735 4252 bonesta3
1749 4162 1851 4232 certe

681 4277 762 4352 talis
788 4273 967 4349 memoria
993 4274 1064 4348 erit
1087 4295 1217 4349 amara
1235 4273 1309 4367 tibi,
1330 4275 1394 4367 qui
1421 4275 1478 4347 bic
1503 4276 1673 4370 purgaris
1699 4283 1741 4350 ut
1764 4298 1851 4372 per-

681 4397 807 4473 venias
831 4395 878 4468 ad
911 4396 1056 4469 beatam
1084 4395 1209 4488 vitam,
1239 4400 1276 4469 et
1308 4395 1395 4468 mibi
1423 4395 1485 4491 qui
1516 4417 1644 4489 quaero
1675 4397 1849 4472 virtutem

681 4526 719 4592 et
743 4501 898 4613 gloriam
924 4515 1066 4611 magnis
1096 4513 1282 4588 laboribus
1313 4521 1350 4588 et
1384 4514 1524 4611 vigiliis,
1551 4521 1588 4590 et
1616 4537 1700 4589 snm
1735 4517 1853 4591 lactus

682 4659 799 4712 novus
835 4637 946 4709 bomo
977 4640 1157 4727 maturus,
1183 4633 1306 4732 gravis
1332 4639 1369 4709 et
1406 4635 1501 4710 bene
1533 4646 1711 4713 moratus.
1732 4677 1783 4690 -
1804 4640 1853 4710 Di

682 4761 805 4852 puella.
832 4756 897 4829 Hie
922 4761 1029 4850 poeta
1048 4755 1241 4850 respondet
1256 4761 1384 4850 aperte
1404 4757 1562 4852 qualiter
1584 4757 1689 4832 vivus
1710 4757 1851 4832 venerit

745 5017 772 5081 (¹)
788 5016 818 5066 E.
837 5029 896 5080 pars
911 5015 989 5066 buius
1005 5017 1120 5079 capituli,
1136 5016 1163 5066 ln
1179 5029 1238 5098 qua,
1364 5014 1390 5078 ιβ)
1408 5020 1462 5078 117,
1479 5017 1510 5067 ad
1526 5017 1689 5068 memorum.
