4342 6692
633 920 773 979 caurus
798 924 1014 980 resonamus
1038 926 1200 980 rannus.
1424 917 1495 985 267

315 1069 501 1165 propbeta
525 1068 690 1163 deplorat
714 1067 976 1145 desolationem
1001 1075 1113 1145 terrae
1137 1077 1273 1146 sancte
1289 1093 1403 1167 quam
1428 1075 1496 1149 ba·

321 1187 435 1262 bituri
459 1197 566 1264 erant
580 1181 630 1284 (¹),
661 1194 699 1264 et
731 1190 887 1266 ostendit
912 1190 1098 1285 quomodo
1136 1189 1259 1266 iniusti
1291 1197 1328 1266 et
1363 1193 1495 1289 ingrati

322 1308 562 1385 subiiciantur
587 1310 738 1408 llagellis
762 1311 966 1385 bominum.
993 1312 1038 1386 ltt
1067 1318 1122 1387 est
1153 1311 1271 1387 oratio
1302 1313 1349 1386 ad
1375 1313 1493 1388 Deum

321 1430 421 1525 quod
446 1430 559 1506 corda
588 1436 779 1506 convertat
808 1452 832 1506 a
866 1433 974 1506 malo.
1005 1433 1135 1529 Tangit
1165 1440 1291 1508 autem
1326 1433 1493 1529 ordinem

320 1570 397 1645 quo
421 1552 629 1647 cantabant,
655 1558 693 1626 et
717 1557 758 1627 tu
784 1553 913 1629 ordina
937 1552 990 1628 sio
1015 1554 1180 1628 literam:
1208 1558 1254 1627 Le
1278 1557 1406 1648 donne,
1424 1556 1495 1631 sci-

319 1671 416 1767 licet,
441 1677 579 1766 septem
606 1672 780 1768 virginer,
804 1675 1056 1747 incominctoro
1086 1694 1106 1746 e
1135 1677 1374 1766 loprtmnndo,
1405 1695 1494 1772 sup-

320 1793 392 1888 ple,
428 1792 590 1867 clamare
622 1792 749 1868 dolore
769 1798 1027 1888 extorquente
1064 1793 1247 1890 lacrymas
1281 1801 1319 1870 et
1351 1795 1491 1871 dicere:

321 1915 419 1988 debe
440 1915 654 2006 protnmdin,
670 1913 774 2007 idest,
791 1921 940 1988 cantum
960 1913 1090 2009 psalmi
1111 1914 1268 2010 dulcem,
1289 1914 1374 1990 licet
1397 1922 1493 1991 esset

321 2032 369 2109 de
393 2033 548 2108 materia
573 2054 712 2109 amara.
731 2033 899 2108 Psalmus
923 2039 1048 2108 autem
1075 2041 1157 2110 erat
1182 2035 1281 2109 talis:
1308 2040 1415 2128 Duos,
1434 2057 1493 2110 ee-

320 2159 450 2228 ncrunt
472 2159 613 2247 pentem
638 2161 677 2228 et
700 2154 779 2227 vult
803 2154 927 2229 dicere
951 2154 1148 2250 propbeta:
1179 2175 1202 2230 o
1227 2156 1337 2250 Dens,
1362 2163 1491 2248 puras,

318 2273 421 2368 idest,
447 2273 601 2370 gentiles
626 2273 685 2347 nel
710 2272 936 2369 alienigena,
953 2273 1048 2348 sicut
1072 2274 1160 2371 syri,
1178 2274 1334 2370 aegyptii,
1361 2275 1493 2349 arabes

318 2399 503 2469 venerunt
526 2393 565 2467 in
593 2393 844 2468 haereditatem
881 2400 996 2488 tuam,
1030 2394 1134 2488 idest,
1168 2394 1205 2466 in
1241 2399 1379 2468 terram
1409 2416 1495 2470 san-

320 2517 417 2588 ctam
443 2518 524 2608 etc,
551 2519 588 2588 et
618 2512 668 2588 ita
692 2535 716 2588 a
741 2513 847 2588 simili
873 2513 951 2588 istae
975 2514 1135 2589 dominae
1160 2513 1331 2588 volebant
1357 2513 1490 2608 dicere,

319 2634 414 2709 sicut
446 2634 524 2709 llen
552 2635 699 2709 volente
731 2635 886 2730 gentiles
918 2635 1133 2710 invaserunt
1164 2642 1202 2708 et
1231 2642 1493 2730 oppresserunt

319 2760 460 2830 terram
477 2761 642 2829 sanctam
660 2760 809 2850 propter
825 2762 974 2850 peccata
988 2755 1211 2850 judaeorum,
1230 2755 1278 2829 ita
1300 2774 1398 2863 nunc
1416 2755 1491 2830 Deo

319 2873 554 2968 permittente
579 2873 697 2970 gallici
715 2881 991 2969 occupaverunt
1015 2881 1053 2949 et
1078 2881 1353 2968 usurpaverunt
1372 2875 1491 2950 eccle·

320 2993 413 3068 siam
439 3000 602 3069 sanctam
629 2993 694 3069 liei
718 3000 868 3089 propter
893 2999 1042 3089 peccata
1067 3015 1326 3090 romanorum
1348 3001 1385 3070 et
1405 2995 1490 3070 dicit

319 3117 543 3208 olemunde,
563 3113 655 3189 idest
674 3113 891 3188 alternative
906 3134 973 3209 per
990 3113 1098 3208 vices,
1120 3136 1164 3187 or
1184 3123 1249 3209 tre,
1273 3115 1408 3190 scilicet
1425 3115 1491 3190 do-

318 3234 440 3328 minae,
459 3253 506 3308 ex
532 3254 604 3308 una
631 3240 748 3328 parte,
773 3254 818 3305 or
843 3241 995 3324 quomo,
1015 3234 1162 3329 scilicet,
1180 3234 1338 3309 dominae
1355 3256 1401 3312 ex
1419 3235 1489 3310 alia

318 3360 441 3450 parte3
462 3354 511 3429 ita
537 3354 636 3447 quod
662 3359 737 3428 tres
761 3353 972 3448 incipientes
995 3352 1167 3428 dicebant
1191 3355 1352 3449 primum
1374 3355 1490 3430 versi-

319 3476 458 3570 culum,
472 3474 620 3567 scilicet,
633 3479 740 3565 Deus,
754 3479 922 3548 ameum
934 3481 1052 3565 penes
1066 3477 1105 3548 ie
1120 3477 1354 3550 haeredilatem
1372 3471 1488 3571 tnam5

319 3600 356 3670 et
379 3595 461 3669 aliae
486 3600 648 3688 quatuor
673 3613 720 3668 ex
746 3592 911 3688 opposito
939 3593 1107 3668 dicebant
1140 3595 1342 3670 secundum
1375 3595 1491 3671 versi·

227 3697 231 3703 ’
318 3717 458 3810 culum,
477 3713 623 3808 scilicet,
641 3721 675 3786 et
694 3715 894 3806 polluerunt
916 3716 1078 3806 templum
1102 3719 1260 3788 sunnmm
1286 3721 1380 3790 mum
1405 3721 1487 3810 etc,

319 3835 412 3911 siout
437 3857 460 3910 a
484 3834 592 3909 simili
617 3832 780 3929 quotidie
803 3839 953 3910 cantant
972 3834 1148 3908 moniales
1165 3827 1201 3927 (¹)
1225 3835 1433 3933 symbolum
1452 3836 1490 3910 in

319 3958 445 4050 choro,
458 3963 496 4032 et
512 3954 562 4030 ita
579 3954 711 4030 clerici.
725 3993 775 4008 -
788 3959 821 4027 Ε
835 3957 1003 4028 Beotrtce.
1021 3954 1087 4030 Hic
1104 3963 1211 4050 poeta
1232 3964 1378 4031 ostenso
1395 3977 1490 4050 qna-

319 4077 402 4152 liter
427 4097 468 4152 se
491 4075 688 4152 habuerint
702 4065 739 4168 (³)
765 4075 923 4149 dominre
948 4074 995 4149 ad
1020 4079 1159 4150 tantam
1183 4082 1343 4172 stragem
1370 4077 1490 4151 eccle·

319 4199 383 4276 siaa
407 4206 445 4276 et
469 4199 623 4294 pastoris
648 4199 740 4291 eius,
766 4218 865 4273 nunc
889 4197 1046 4272 ostendit
1078 4197 1265 4292 quomodo
1297 4218 1337 4273 se
1363 4199 1490 4274 babuit

319 4321 395 4416 ipsa
421 4319 567 4394 beatrix
592 4318 638 4393 ad
663 4323 814 4394 cantum
840 4318 987 4392 illarum
1013 4317 1247 4392 dominarum
1275 4337 1359 4412 quae
1382 4325 1490 4394 erant

319 4440 459 4516 ancille
483 4461 571 4515 suae.
601 4441 646 4514 Et
676 4438 797 4534 primo
827 4438 942 4535 tangit
974 4438 1287 4534 perturbationem
1316 4439 1394 4514 eius
1424 4428 1490 4534 per

320 4560 633 4657 comparationem
659 4559 930 4635 devotissimam
956 4559 1090 4654 llariae,
1116 4559 1259 4634 dicens:
1285 4565 1318 4633 E
1335 4563 1492 4634 Baetice

316 4683 502 4774 remenso
526 4683 642 4773 epte,
667 4679 772 4774 idest,
796 4678 923 4754 dolens
948 4685 985 4753 et
1013 4680 1238 4776 compatiens
1263 4684 1373 4754 tantae
1398 4680 1492 4755 indi-

318 4801 459 4899 gnitati,
494 4804 676 4875 meottooo
705 4802 827 4892 quode
859 4798 1007 4894 scilicet,
1032 4799 1198 4875 dominas
1232 4806 1419 4875 cantantes
1454 4807 1493 4876 et

381 4990 410 5055 (¹)
425 4991 457 5042 ll.
473 4996 548 5042 erent
564 4991 681 5056 gentilos,
697 4995 725 5042 ot
739 4988 859 5040 ostendlt.
944 4989 973 5050 (¹)
990 4991 1044 5053 ¹17,
1060 4992 1155 5039 uncto
1170 4987 1294 5039 mulieres
1310 4987 1465 5052 symbolum.

382 5068 411 5132 (⁸)
426 5069 458 5120 lt.
474 5068 630 5120 habueram.
