4342 6692
683 883 731 950 34
1041 903 1245 958 cousnrun
1269 904 1489 960 runenronu

678 1050 741 1137 poi
759 1050 923 1138 parendo
949 1057 1045 1122 muto
1069 1054 1175 1140 aaut,
1201 1050 1250 1123 illi
1282 1049 1532 1145 predicantes,
1553 1052 1625 1139 ele,
1650 1071 1760 1122 senza
1784 1053 1856 1123 mio
1932 1079 1939 1096 ·

680 1170 857 1258 tuprimur
887 1191 960 1242 non
986 1175 1050 1265 [ur
1079 1175 1136 1244 tor
1162 1176 1287 1266 moad,
1320 1191 1368 1246 er
1400 1170 1652 1264 compassione
1681 1171 1856 1245 innocen·

679 1293 773 1382 tum,
799 1294 941 1382 quando
958 1295 1148 1365 Domizian
1170 1296 1196 1365 o·
1208 1297 1430 1384 persepuette.
1452 1291 1680 1364 Domitianus
1706 1291 1855 1384 quidem

680 1416 761 1504 post
786 1410 969 1486 Neronem
985 1405 1020 1504 (¹)
1049 1413 1347 1508 persecutionem
1365 1411 1449 1486 lecit
1472 1412 1510 1484 in
1535 1411 1761 1505 christianos,
1781 1412 1855 1485 imo

682 1528 878 1603 intantum
899 1533 1065 1628 llagravit
1087 1532 1170 1607 odio
1187 1533 1328 1625 Christi,
1347 1531 1457 1626 quod,
1476 1537 1569 1605 teste
1589 1531 1752 1624 llorosio,
1772 1531 1855 1605 tecit

683 1649 874 1748 diligenter
899 1654 1031 1747 inquiri
1058 1654 1104 1728 de
1125 1654 1257 1749 judaeis
1281 1654 1328 1728 de
1351 1654 1462 1748 stirpe
1481 1652 1608 1745 David,
1627 1660 1668 1724 ut
1685 1653 1855 1747 perderet

683 1791 747 1845 eos
773 1772 819 1847 de
844 1780 955 1868 terra,
974 1775 1059 1868 quia
1077 1775 1269 1848 audiverat
1286 1774 1470 1848 Christum
1489 1779 1616 1848 natum
1643 1773 1691 1848 de
1715 1773 1855 1847 semine

683 1895 807 1968 David.
835 1896 878 1967 Et
902 1895 1033 1989 subdit,
1051 1897 1150 1990 quod
1177 1917 1250 1969 non
1276 1895 1394 1968 solum
1413 1895 1537 1969 animo
1560 1894 1623 1968 sed
1641 1913 1754 1989 opere
1770 1914 1855 1968 suc-

683 2015 800 2088 currit
825 2015 903 2109 illis,
930 2016 1071 2091 diceus:
1098 2037 1117 2088 e
1142 2022 1274 2088 mentre
1298 2017 1358 2088 clre
1382 2016 1419 2088 di
1449 2005 1485 2088 td
1512 2036 1579 2106 per
1610 2035 1663 2086 me
1691 2017 1853 2105 eistette,

678 2133 786 2228 idest,
811 2135 987 2228 quamdiu
1005 2141 1131 2230 postca
1152 2136 1265 2209 vitam
1283 2135 1394 2208 habui
1414 2135 1551 2229 Rornae,
1569 2138 1605 2207 io
1621 2136 1672 2225 pti
1690 2137 1857 2206 soonensi

684 2276 702 2327 e
726 2259 739 2327 i
763 2258 820 2328 lor
845 2259 943 2329 drittt
967 2260 1111 2329 custumi
1132 2259 1416 2352 [adimatur
1438 2277 1462 2326 α
1480 2277 1533 2327 me
1553 2263 1633 2327 tutte
1653 2258 1744 2327 ultre
1762 2262 1856 2347 sette,

682 2375 775 2448 sicut
801 2396 1076 2470 saracenorum,
1104 2377 1337 2451 hebraeorum
1364 2383 1433 2450 etc.
1449 2380 1543 2448 —E
1561 2379 1656 2467 pria.
1684 2375 1748 2450 Hic
1774 2376 1857 2449 Sta-

684 2495 755 2567 tius
780 2497 936 2570 ostendit
962 2497 1109 2589 quando
1134 2496 1252 2570 lactus
1277 2496 1322 2568 sit
1337 2487 1373 2586 (²)
1400 2496 1628 2588 christianus,
1654 2495 1798 2569 diceus:
1826 2501 1858 2569 Ε

679 2617 765 2709 prin
790 2617 860 2688 edd'
873 2621 908 2688 io
929 2619 1112 2707 ‘dattesmq
1129 2618 1187 2690 rel
1214 2617 1370 2690 llammis
1388 2617 1445 2690 vel
1462 2637 1570 2710 aquae
1585 2607 1635 2708 (³),
1653 2618 1704 2688 ct'
1716 2619 1752 2687 io
1772 2637 1857 2688 con-

683 2736 816 2808 dacesst
844 2739 857 2808 r'
884 2740 981 2828 preci
1009 2741 1046 2809 ui
1073 2741 1172 2829 firmi
1201 2739 1239 2809 di
1269 2739 1365 2827 rete,
1392 2739 1581 2828 pectendo,
1615 2735 1716 2830 idest,
1750 2741 1856 2811 aute-

684 2875 796 2948 quam
823 2857 1101 2950 complevissem
1128 2863 1273 2930 sextum
1301 2857 1449 2950 librum,
1469 2856 1530 2929 ubi
1548 2856 1719 2951 descripsi
1734 2845 1772 2947 (⁸)
1790 2856 1856 2929 ad-

683 2981 834 3048 rentum
870 2969 1077 3071 graecoru'm
1111 2970 1209 3050 circa
1237 2976 1379 3050 Thebas
1410 2998 1495 3051 cum
1529 2983 1669 3072 septem
1704 2976 1855 3073 regibus

683 3095 769 3168 suis.
788 3097 832 3168 Et
848 3097 1043 3171 confitetur
1061 3098 1235 3171 vilitatem
1253 3118 1372 3189 suam,
1390 3096 1532 3170 diceus:
1550 3117 1609 3169 mo
1623 3096 1733 3190 sa'mi,
1752 3097 1854 3190 idest,

684 3217 735 3289 lui
761 3217 849 3290 milri
875 3227 912 3291 et
938 3219 1073 3292 damno
1099 3239 1194 3311 meo,
1222 3221 1367 3291 cratian
1391 3221 1520 3312 eliasu,
1549 3217 1651 3311 idest,
1677 3218 1855 3311 occultus,

681 3357 750 3429 per
772 3359 904 3433 poure,
928 3339 1021 3412 sicut
1047 3345 1083 3412 et
1109 3339 1249 3413 Seneca
1274 3338 1370 3432 dicit,
1392 3338 1490 3431 quod
1511 3337 1595 3411 talia
1613 3337 1755 3432 sapiens
1776 3358 1856 3412 ser-
1912 3370 1914 3373 ·

684 3457 784 3531 rabit
809 3480 883 3532 nou
909 3467 1099 3552 tamquam
1126 3458 1200 3532 lliis
1225 3463 1343 3555 grata,
1361 3459 1424 3532 sed
1441 3467 1631 3553 tamquam
1650 3457 1761 3554 vulgo
1778 3459 1857 3552 pla·

685 3577 780 3670 cita3
806 3578 888 3652 ideo
914 3579 1017 3651 dicit:
1045 3583 1263 3670 lonpumcate
1287 3582 1493 3676 mostrnndo
1515 3599 1755 3671 pepanesmo5
1781 3586 1857 3652 ter·

685 3718 771 3772 rore
799 3699 936 3792 mortis,
962 3699 1049 3792 quia
1076 3720 1149 3773 non
1175 3699 1227 3772 tui
1253 3705 1326 3772 tarn
1354 3699 1487 3773 ardens
1510 3699 1547 3771 in
1566 3719 1697 3773 amore
1713 3699 1856 3793 Christi,

684 3825 726 3893 ut
751 3827 879 3914 sponte
904 3820 1066 3894 subirem
1095 3820 1324 3914 supplicium,
1342 3827 1379 3894 et
1402 3821 1501 3913 quod
1526 3819 1630 3914 peius
1655 3826 1736 3894 erat
1762 3816 1857 3893 ludi·

686 3940 809 4013 brium
823 3939 1030 4013 saevissimae
1048 3940 1164 4013 belvas
1182 3941 1395 4034 Domitiani3
1409 3939 1491 4015 ideo
1509 3961 1606 4014 nunc
1625 3942 1687 4014 luo
1704 3960 1853 4035 poenam

684 4059 843 4156 dignam.
871 4061 973 4134 Unde
1005 4061 1110 4134 dicit:
1141 4083 1159 4133 e
1191 4068 1309 4152 questa
1344 4064 1536 4152 tepideszu,
1570 4061 1670 4153 idest,
1704 4060 1855 4152 accidia,

685 4185 734 4254 ort
754 4184 791 4274 se
814 4185 972 4255 cernitur
996 4185 1023 4255 it
1047 4190 1174 4274 quarto
1199 4185 1346 4276 coctio,
1371 4181 1516 4274 scilicet,
1535 4181 1749 4277 purgatorii,
1767 4201 1856 4255 cur·

685 4303 800 4376 rendo
826 4324 911 4377 curu
945 4303 1143 4396 accidiosiS,
1170 4299 1232 4396 piri
1262 4305 1312 4376 clr’
1325 4305 1352 4376 it
1381 4309 1508 4394 quarto
1537 4311 1718 4394 centesmo,
1753 4302 1856 4396 idest,

685 4424 781 4496 ultra
808 4423 1094 4518 quadringentos
1118 4445 1245 4497 annos,
1584 4488 1588 4495 .

763 4549 811 4617 Tu
827 4548 973 4636 dunque.
992 4545 1063 4618 lsta
1081 4552 1136 4618 est
1153 4545 1260 4619 tertia
1278 4565 1362 4639 pars
1380 4544 1538 4638 capituli,
1555 4545 1684 4639 inqua
1702 4549 1809 4639 poeta
1819 4536 1855 4637 (⁶)

683 4663 838 4738 ostendit
863 4666 1020 4758 qualiter
1037 4665 1173 4738 Statius
1193 4663 1343 4757 inquirit
1359 4685 1382 4738 a
1400 4663 1549 4760 Virgilio
1570 4665 1615 4739 de
1636 4664 1856 4759 quibusdam

745 4894 773 4958 (¹)
791 4899 843 4954 tlt.
861 4897 990 4948 Neronem
1007 4897 1184 4947 crudelissime
1200 4897 1407 4961 persecutionem
1424 4896 1494 4947 tecit.

746 4971 773 5030 (²)
790 4971 820 5021 E.
837 4971 920 5022 lactus
936 4977 983 5023 est.
1291 4970 1318 5033 (¹)
1336 4972 1367 5021 E.
1384 4971 1424 5022 rel
1440 4985 1515 5035 aqua.

748 5048 774 5109 (⁸)
790 5047 815 5098 S.
832 5049 921 5112 scripsi
938 5051 1085 5101 adrentum.
1291 5048 1318 5110 (¹)
1335 5049 1365 5098 B.
1383 5055 1459 5112 pocta
1475 5053 1562 5099 noster
1578 5049 1698 5100 ostendit.
1767 5125 1771 5130 ι
