<?xml version="1.0" encoding="UTF-8"?>
<!DOCTYPE html PUBLIC "-//W3C//DTD XHTML 1.0 Transitional//EN"
    "http://www.w3.org/TR/xhtml1/DTD/xhtml1-transitional.dtd">
<html xmlns="http://www.w3.org/1999/xhtml" xml:lang="en" lang="en">
 <head>
  <title>
</title>
<meta http-equiv="Content-Type" content="text/html;charset=utf-8" />
  <meta name='ocr-system' content='tesseract 3.04.00' />
  <meta name='ocr-capabilities' content='ocr_page ocr_carea ocr_par ocr_line ocrx_word'/>
</head>
<body>
  <div class='ocr_page' id='page_1' title='image "benevenutideram01lacagoog_0314.png"; bbox 0 0 4342 6692; ppageno 0'>
   <div class='ocr_carea' id='block_1_1' title="bbox 695 876 1481 950">
    <p class='ocr_par' dir='ltr' id='par_1_1' title="bbox 695 876 1481 950">
     <span class='ocr_line' id='line_1_1' title="bbox 695 876 1481 950; baseline 0.005 -6"><span class='ocrx_word' id='word_1_1' title='bbox 695 876 766 944; x_wconf 71' lang='lat'>3⁰4</span> <span class='ocrx_word' id='word_1_2' title='bbox 796 889 799 893; x_wconf 74' lang='grc'><em>’</em></span> <span class='ocrx_word' id='word_1_3' title='bbox 1086 893 1292 950; x_wconf 79' lang='lat' dir='ltr'>consuram</span> <span class='ocrx_word' id='word_1_4' title='bbox 1317 895 1481 949; x_wconf 78' lang='lat' dir='ltr'>rrnrnrsr</span> 
     </span>
    </p>
   </div>
   <div class='ocr_carea' id='block_1_2' title="bbox 602 1033 1866 4871">
    <p class='ocr_par' dir='ltr' id='par_1_2' title="bbox 602 1033 1866 4871">
     <span class='ocr_line' id='line_1_2' title="bbox 692 1033 1864 1137; baseline 0.003 -26"><span class='ocrx_word' id='word_1_5' title='bbox 692 1038 887 1134; x_wconf 87' lang='lat' dir='ltr'>praemium</span> <span class='ocrx_word' id='word_1_6' title='bbox 906 1058 1096 1135; x_wconf 81' lang='lat' dir='ltr'>magnum,</span> <span class='ocrx_word' id='word_1_7' title='bbox 1107 1038 1241 1114; x_wconf 89' lang='lat' dir='ltr'>seilicet</span> <span class='ocrx_word' id='word_1_8' title='bbox 1253 1033 1302 1134; x_wconf 78' lang='lat'>(¹),</span> <span class='ocrx_word' id='word_1_9' title='bbox 1312 1040 1618 1137; x_wconf 84' lang='lat' dir='ltr'>propagationem</span> <span class='ocrx_word' id='word_1_10' title='bbox 1635 1041 1763 1137; x_wconf 82' lang='lat' dir='ltr'>gloriae</span> <span class='ocrx_word' id='word_1_11' title='bbox 1775 1061 1864 1134; x_wconf 83' lang='lat' dir='ltr'>suae,</span> 
     </span>
     <span class='ocr_line' id='line_1_3' title="bbox 692 1155 1866 1256; baseline 0 -22"><span class='ocrx_word' id='word_1_12' title='bbox 692 1159 838 1235; x_wconf 85' lang='lat' dir='ltr'>diceus:</span> <span class='ocrx_word' id='word_1_13' title='bbox 869 1163 1044 1234; x_wconf 80' lang='lat' dir='ltr'>(idiotae</span> <span class='ocrx_word' id='word_1_14' title='bbox 1070 1155 1181 1253; x_wconf 82' lang='lat' dir='ltr'>oirtd,·</span> <span class='ocrx_word' id='word_1_15' title='bbox 1206 1161 1351 1255; x_wconf 89' lang='lat' dir='ltr'>idest,o</span> <span class='ocrx_word' id='word_1_16' title='bbox 1376 1161 1515 1256; x_wconf 77' lang='lat' dir='ltr'>Apollo,</span> <span class='ocrx_word' id='word_1_17' title='bbox 1542 1161 1648 1235; x_wconf 86' lang='lat' dir='ltr'>cuius</span> <span class='ocrx_word' id='word_1_18' title='bbox 1673 1161 1791 1235; x_wconf 88' lang='lat' dir='ltr'>virtus</span> <span class='ocrx_word' id='word_1_19' title='bbox 1810 1166 1866 1236; x_wconf 86' lang='lat' dir='ltr'>est</span> 
     </span>
     <span class='ocr_line' id='line_1_4' title="bbox 693 1280 1866 1375; baseline 0.002 -23"><span class='ocrx_word' id='word_1_20' title='bbox 693 1281 809 1354; x_wconf 87' lang='lat' dir='ltr'>multa</span> <span class='ocrx_word' id='word_1_21' title='bbox 834 1287 872 1354; x_wconf 91' lang='lat' dir='ltr'>et</span> <span class='ocrx_word' id='word_1_22' title='bbox 897 1280 1099 1375; x_wconf 77' lang='lat' dir='ltr'>multiplex,</span> <span class='ocrx_word' id='word_1_23' title='bbox 1126 1287 1167 1354; x_wconf 94' lang='lat' dir='ltr'>ut</span> <span class='ocrx_word' id='word_1_24' title='bbox 1187 1281 1266 1375; x_wconf 87' lang='lat' dir='ltr'>jam</span> <span class='ocrx_word' id='word_1_25' title='bbox 1293 1281 1431 1356; x_wconf 88' lang='lat' dir='ltr'>dictum</span> <span class='ocrx_word' id='word_1_26' title='bbox 1454 1287 1564 1357; x_wconf 91' lang='lat' dir='ltr'>estet</span> <span class='ocrx_word' id='word_1_27' title='bbox 1583 1282 1743 1375; x_wconf 84' lang='lat' dir='ltr'>dicetur3</span> <span class='ocrx_word' id='word_1_28' title='bbox 1761 1301 1799 1354; x_wconf 84' lang='lat' dir='ltr'>se</span> <span class='ocrx_word' id='word_1_29' title='bbox 1817 1283 1866 1354; x_wconf 81' lang='lat' dir='ltr'>mi</span> 
     </span>
     <span class='ocr_line' id='line_1_5' title="bbox 692 1398 1862 1496; baseline -0.001 -23"><span class='ocrx_word' id='word_1_30' title='bbox 692 1403 852 1494; x_wconf 83' lang='lat' dir='ltr'>tipresti,</span> <span class='ocrx_word' id='word_1_31' title='bbox 869 1401 1015 1494; x_wconf 90' lang='lat' dir='ltr'>scilicet,</span> <span class='ocrx_word' id='word_1_32' title='bbox 1031 1406 1106 1475; x_wconf 88' lang='lat' dir='ltr'>tam</span> <span class='ocrx_word' id='word_1_33' title='bbox 1120 1399 1356 1476; x_wconf 83' lang='lat' dir='ltr'>favorabilem</span> <span class='ocrx_word' id='word_1_34' title='bbox 1372 1409 1413 1475; x_wconf 90' lang='lat' dir='ltr'>ut</span> <span class='ocrx_word' id='word_1_35' title='bbox 1426 1401 1560 1495; x_wconf 92' lang='lat' dir='ltr'>possim</span> <span class='ocrx_word' id='word_1_36' title='bbox 1574 1401 1751 1496; x_wconf 86' lang='lat' dir='ltr'>perlicere</span> <span class='ocrx_word' id='word_1_37' title='bbox 1767 1398 1862 1473; x_wconf 89' lang='lat' dir='ltr'>istud</span> 
     </span>
     <span class='ocr_line' id='line_1_6' title="bbox 692 1521 1863 1618; baseline -0.003 -22"><span class='ocrx_word' id='word_1_38' title='bbox 692 1542 841 1596; x_wconf 88' lang='lat' dir='ltr'>sacrum</span> <span class='ocrx_word' id='word_1_39' title='bbox 865 1542 968 1616; x_wconf 91' lang='lat' dir='ltr'>opus,</span> <span class='ocrx_word' id='word_1_40' title='bbox 996 1529 1093 1594; x_wconf 74' lang='lat' dir='ltr'>muto</span> <span class='ocrx_word' id='word_1_41' title='bbox 1117 1523 1167 1594; x_wconf 86' lang='lat' dir='ltr'>ct’</span> <span class='ocrx_word' id='word_1_42' title='bbox 1180 1523 1215 1594; x_wconf 88' lang='lat' dir='ltr'>io</span> <span class='ocrx_word' id='word_1_43' title='bbox 1241 1525 1427 1616; x_wconf 76' lang='lat' dir='ltr'><strong><em>manifesti,</em></strong></span> <span class='ocrx_word' id='word_1_44' title='bbox 1453 1521 1555 1617; x_wconf 87' lang='lat' dir='ltr'>idest,</span> <span class='ocrx_word' id='word_1_45' title='bbox 1576 1523 1753 1618; x_wconf 81' lang='lat' dir='ltr'>explicem</span> <span class='ocrx_word' id='word_1_46' title='bbox 1771 1521 1863 1594; x_wconf 87' lang='lat' dir='ltr'>scri·-</span> 
     </span>
     <span class='ocr_line' id='line_1_7' title="bbox 692 1643 1861 1740; baseline 0 -24"><span class='ocrx_word' id='word_1_47' title='bbox 692 1650 812 1740; x_wconf 87' lang='lat' dir='ltr'>pturu,</span> <span class='ocrx_word' id='word_1_48' title='bbox 825 1646 861 1717; x_wconf 85' lang='lat' dir='ltr'>&#39;l’</span> <span class='ocrx_word' id='word_1_49' title='bbox 873 1643 999 1717; x_wconf 84' lang='lat' dir='ltr'>embra</span> <span class='ocrx_word' id='word_1_50' title='bbox 1022 1645 1081 1716; x_wconf 86' lang='lat' dir='ltr'>det</span> <span class='ocrx_word' id='word_1_51' title='bbox 1103 1648 1161 1716; x_wconf 85' lang='lat' dir='ltr'>tuo</span> <span class='ocrx_word' id='word_1_52' title='bbox 1190 1662 1316 1736; x_wconf 78' lang='lat' dir='ltr'>repud,</span> <span class='ocrx_word' id='word_1_53' title='bbox 1348 1643 1495 1738; x_wconf 89' lang='lat' dir='ltr'>scilicet,</span> <span class='ocrx_word' id='word_1_54' title='bbox 1529 1643 1705 1737; x_wconf 82' lang='lat' dir='ltr'>coelestis3</span> <span class='ocrx_word' id='word_1_55' title='bbox 1732 1648 1770 1718; x_wconf 89' lang='lat' dir='ltr'>et</span> <span class='ocrx_word' id='word_1_56' title='bbox 1794 1661 1861 1716; x_wconf 94' lang='lat' dir='ltr'>no-</span> 
     </span>
     <span class='ocr_line' id='line_1_8' title="bbox 690 1761 1859 1857; baseline -0.002 -19"><span class='ocrx_word' id='word_1_57' title='bbox 690 1769 811 1839; x_wconf 87' lang='lat' dir='ltr'>tanter</span> <span class='ocrx_word' id='word_1_58' title='bbox 836 1763 921 1838; x_wconf 88' lang='lat' dir='ltr'>dicit</span> <span class='ocrx_word' id='word_1_59' title='bbox 946 1762 1131 1854; x_wconf 89' lang='lat' dir='ltr'>umbram,</span> <span class='ocrx_word' id='word_1_60' title='bbox 1153 1761 1239 1857; x_wconf 88' lang='lat' dir='ltr'>quia</span> <span class='ocrx_word' id='word_1_61' title='bbox 1256 1782 1384 1840; x_wconf 82' lang='lat' dir='ltr'>veram</span> <span class='ocrx_word' id='word_1_62' title='bbox 1403 1762 1597 1838; x_wconf 81' lang='lat' dir='ltr'>essentiam</span> <span class='ocrx_word' id='word_1_63' title='bbox 1616 1783 1685 1837; x_wconf 89' lang='lat' dir='ltr'>uec</span> <span class='ocrx_word' id='word_1_64' title='bbox 1705 1761 1771 1836; x_wconf 92' lang='lat' dir='ltr'>scit</span> <span class='ocrx_word' id='word_1_65' title='bbox 1791 1781 1859 1836; x_wconf 86' lang='lat' dir='ltr'>nec</span> 
     </span>
     <span class='ocr_line' id='line_1_9' title="bbox 691 1883 1859 1980; baseline -0.004 -20"><span class='ocrx_word' id='word_1_66' title='bbox 691 1890 808 1980; x_wconf 85' lang='lat' dir='ltr'>potest</span> <span class='ocrx_word' id='word_1_67' title='bbox 827 1885 979 1975; x_wconf 82' lang='lat' dir='ltr'>reterre,</span> <span class='ocrx_word' id='word_1_68' title='bbox 995 1890 1144 1974; x_wconf 74' lang='lat' dir='ltr'>separata</span> <span class='ocrx_word' id='word_1_69' title='bbox 1165 1885 1222 1956; x_wconf 83' lang='lat' dir='ltr'>net</span> <span class='ocrx_word' id='word_1_70' title='bbox 1245 1885 1314 1956; x_wconf 86' lang='lat' dir='ltr'>mio</span> <span class='ocrx_word' id='word_1_71' title='bbox 1339 1903 1442 1977; x_wconf 88' lang='lat' dir='ltr'>capo,</span> <span class='ocrx_word' id='word_1_72' title='bbox 1462 1883 1565 1978; x_wconf 89' lang='lat' dir='ltr'>idest,</span> <span class='ocrx_word' id='word_1_73' title='bbox 1583 1883 1801 1978; x_wconf 80' lang='lat' dir='ltr'>descriptam</span> <span class='ocrx_word' id='word_1_74' title='bbox 1822 1883 1859 1956; x_wconf 91' lang='lat' dir='ltr'>in</span> 
     </span>
     <span class='ocr_line' id='line_1_10' title="bbox 691 2001 1860 2098; baseline 0 -20"><span class='ocrx_word' id='word_1_75' title='bbox 691 2025 772 2080; x_wconf 84' lang='lat' dir='ltr'>mea</span> <span class='ocrx_word' id='word_1_76' title='bbox 791 2003 995 2080; x_wconf 80' lang='lat' dir='ltr'>memoriali</span> <span class='ocrx_word' id='word_1_77' title='bbox 1009 2004 1152 2097; x_wconf 90' lang='lat' dir='ltr'>cellula,</span> <span class='ocrx_word' id='word_1_78' title='bbox 1166 2005 1336 2077; x_wconf 74' lang='lat' dir='ltr'>mdrdmi</span> <span class='ocrx_word' id='word_1_79' title='bbox 1352 2007 1468 2078; x_wconf 71' lang='lat' dir='ltr'>aenae</span> <span class='ocrx_word' id='word_1_80' title='bbox 1484 2007 1523 2077; x_wconf 83' lang='lat' dir='ltr'>at</span> <span class='ocrx_word' id='word_1_81' title='bbox 1528 2001 1590 2098; x_wconf 69' lang='lat' dir='ltr'>pie*</span> <span class='ocrx_word' id='word_1_82' title='bbox 1603 2006 1661 2078; x_wconf 87' lang='lat' dir='ltr'>det</span> <span class='ocrx_word' id='word_1_83' title='bbox 1675 2010 1734 2078; x_wconf 86' lang='lat' dir='ltr'>tao</span> <span class='ocrx_word' id='word_1_84' title='bbox 1746 2006 1860 2078; x_wconf 74' lang='lat' dir='ltr'>diedo</span> 
     </span>
     <span class='ocr_line' id='line_1_11' title="bbox 689 2122 1859 2220; baseline -0.001 -21"><span class='ocrx_word' id='word_1_85' title='bbox 689 2129 803 2217; x_wconf 73' lang='lat' dir='ltr'>buno,</span> <span class='ocrx_word' id='word_1_86' title='bbox 829 2125 933 2218; x_wconf 89' lang='lat' dir='ltr'>idest,</span> <span class='ocrx_word' id='word_1_87' title='bbox 958 2124 1056 2219; x_wconf 90' lang='lat' dir='ltr'>apud</span> <span class='ocrx_word' id='word_1_88' title='bbox 1081 2123 1253 2199; x_wconf 81' lang='lat' dir='ltr'>arborem</span> <span class='ocrx_word' id='word_1_89' title='bbox 1281 2122 1443 2216; x_wconf 87' lang='lat' dir='ltr'>laurum,</span> <span class='ocrx_word' id='word_1_90' title='bbox 1469 2145 1582 2218; x_wconf 90' lang='lat' dir='ltr'>quam</span> <span class='ocrx_word' id='word_1_91' title='bbox 1609 2125 1718 2219; x_wconf 90' lang='lat' dir='ltr'>paulo</span> <span class='ocrx_word' id='word_1_92' title='bbox 1749 2144 1859 2220; x_wconf 90' lang='lat' dir='ltr'>supra</span> 
     </span>
     <span class='ocr_line' id='line_1_12' title="bbox 602 2244 1859 2340; baseline -0.002 -19"><span class='ocrx_word' id='word_1_93' title='bbox 602 2334 605 2338; x_wconf 41' lang='grc'>,</span> <span class='ocrx_word' id='word_1_94' title='bbox 669 2247 832 2321; x_wconf 78' lang='lat' dir='ltr'>meavit</span> <span class='ocrx_word' id='word_1_95' title='bbox 848 2251 1029 2320; x_wconf 88' lang='lat' dir='ltr'>amatam:</span> <span class='ocrx_word' id='word_1_96' title='bbox 1049 2251 1086 2320; x_wconf 92' lang='lat' dir='ltr'>et</span> <span class='ocrx_word' id='word_1_97' title='bbox 1103 2246 1214 2339; x_wconf 93' lang='lat' dir='ltr'>paulo</span> <span class='ocrx_word' id='word_1_98' title='bbox 1232 2250 1312 2340; x_wconf 92' lang='lat' dir='ltr'>post</span> <span class='ocrx_word' id='word_1_99' title='bbox 1331 2244 1427 2318; x_wconf 89' lang='lat' dir='ltr'>dicet</span> <span class='ocrx_word' id='word_1_100' title='bbox 1439 2245 1625 2339; x_wconf 89' lang='lat' dir='ltr'>quomodo</span> <span class='ocrx_word' id='word_1_101' title='bbox 1648 2248 1727 2320; x_wconf 80' lang='lat' dir='ltr'>baec</span> <span class='ocrx_word' id='word_1_102' title='bbox 1746 2246 1859 2320; x_wconf 87' lang='lat' dir='ltr'>arbor</span> 
     </span>
     <span class='ocr_line' id='line_1_13' title="bbox 689 2365 1857 2462; baseline 0 -22"><span class='ocrx_word' id='word_1_103' title='bbox 689 2367 798 2442; x_wconf 84' lang='lat' dir='ltr'>luerit</span> <span class='ocrx_word' id='word_1_104' title='bbox 821 2367 951 2441; x_wconf 91' lang='lat' dir='ltr'>dilecta</span> <span class='ocrx_word' id='word_1_105' title='bbox 976 2365 1142 2462; x_wconf 80' lang='lat' dir='ltr'>Apollini,</span> <span class='ocrx_word' id='word_1_106' title='bbox 1169 2387 1188 2438; x_wconf 88' lang='lat' dir='ltr'>e</span> <span class='ocrx_word' id='word_1_107' title='bbox 1212 2369 1419 2438; x_wconf 76' lang='lat' dir='ltr'>caonarmt</span> <span class='ocrx_word' id='word_1_108' title='bbox 1443 2368 1529 2440; x_wconf 82' lang='lat' dir='ltr'>detta</span> <span class='ocrx_word' id='word_1_109' title='bbox 1555 2369 1675 2460; x_wconf 79' lang='lat' dir='ltr'>sopiit,</span> <span class='ocrx_word' id='word_1_110' title='bbox 1701 2365 1796 2440; x_wconf 91' lang='lat' dir='ltr'>sicut</span> <span class='ocrx_word' id='word_1_111' title='bbox 1818 2373 1857 2440; x_wconf 92' lang='lat' dir='ltr'>tu</span> 
     </span>
     <span class='ocr_line' id='line_1_14' title="bbox 688 2468 1859 2581; baseline 0.001 -21"><span class='ocrx_word' id='word_1_112' title='bbox 688 2493 726 2562; x_wconf 91' lang='lat' dir='ltr'>te</span> <span class='ocrx_word' id='word_1_113' title='bbox 750 2472 933 2561; x_wconf 78' lang='lat' dir='ltr'>coronasti</span> <span class='ocrx_word' id='word_1_114' title='bbox 959 2492 996 2561; x_wconf 89' lang='lat' dir='ltr'>et</span> <span class='ocrx_word' id='word_1_115' title='bbox 1021 2485 1159 2561; x_wconf 89' lang='lat' dir='ltr'>ornasti</span> <span class='ocrx_word' id='word_1_116' title='bbox 1185 2484 1374 2560; x_wconf 79' lang='lat' dir='ltr'>frondibus</span> <span class='ocrx_word' id='word_1_117' title='bbox 1393 2485 1498 2560; x_wconf 89' lang='lat' dir='ltr'>lauri.</span> <span class='ocrx_word' id='word_1_118' title='bbox 1517 2468 1592 2560; x_wconf 88' lang='lat' dir='ltr'>Hoc</span> <span class='ocrx_word' id='word_1_119' title='bbox 1609 2489 1733 2560; x_wconf 92' lang='lat' dir='ltr'>autem</span> <span class='ocrx_word' id='word_1_120' title='bbox 1756 2493 1859 2581; x_wconf 89' lang='lat' dir='ltr'>opta·</span> 
     </span>
     <span class='ocr_line' id='line_1_15' title="bbox 686 2605 1858 2702; baseline 0.001 -21"><span class='ocrx_word' id='word_1_121' title='bbox 686 2606 749 2681; x_wconf 89' lang='lat' dir='ltr'>bat</span> <span class='ocrx_word' id='word_1_122' title='bbox 769 2612 878 2702; x_wconf 90' lang='lat' dir='ltr'>poeta</span> <span class='ocrx_word' id='word_1_123' title='bbox 904 2606 1027 2681; x_wconf 86' lang='lat' dir='ltr'>lacere</span> <span class='ocrx_word' id='word_1_124' title='bbox 1044 2607 1081 2681; x_wconf 91' lang='lat' dir='ltr'>in</span> <span class='ocrx_word' id='word_1_125' title='bbox 1099 2605 1281 2681; x_wconf 86' lang='lat' dir='ltr'>Florentia</span> <span class='ocrx_word' id='word_1_126' title='bbox 1299 2605 1393 2680; x_wconf 93' lang='lat' dir='ltr'>sicut</span> <span class='ocrx_word' id='word_1_127' title='bbox 1413 2606 1489 2701; x_wconf 90' lang='lat' dir='ltr'>ipse</span> <span class='ocrx_word' id='word_1_128' title='bbox 1518 2607 1633 2702; x_wconf 82' lang='lat' dir='ltr'>tangit</span> <span class='ocrx_word' id='word_1_129' title='bbox 1658 2627 1733 2680; x_wconf 93' lang='lat' dir='ltr'>uno</span> <span class='ocrx_word' id='word_1_130' title='bbox 1758 2607 1858 2701; x_wconf 89' lang='lat' dir='ltr'>capi-</span> 
     </span>
     <span class='ocr_line' id='line_1_16' title="bbox 687 2725 1856 2821; baseline 0 -21"><span class='ocrx_word' id='word_1_131' title='bbox 687 2729 766 2801; x_wconf 91' lang='lat' dir='ltr'>tulo</span> <span class='ocrx_word' id='word_1_132' title='bbox 791 2727 872 2801; x_wconf 90' lang='lat' dir='ltr'>libri</span> <span class='ocrx_word' id='word_1_133' title='bbox 898 2727 1008 2801; x_wconf 89' lang='lat' dir='ltr'>huius</span> <span class='ocrx_word' id='word_1_134' title='bbox 1033 2726 1142 2820; x_wconf 87' lang='lat' dir='ltr'>tertii,</span> <span class='ocrx_word' id='word_1_135' title='bbox 1168 2729 1240 2816; x_wconf 82' lang='lat' dir='ltr'>cte,</span> <span class='ocrx_word' id='word_1_136' title='bbox 1266 2725 1368 2819; x_wconf 87' lang='lat' dir='ltr'>idest,</span> <span class='ocrx_word' id='word_1_137' title='bbox 1395 2725 1593 2821; x_wconf 70' lang='lat' dir='ltr'>quibusda</span> <span class='ocrx_word' id='word_1_138' title='bbox 1615 2730 1856 2801; x_wconf 67' lang='lat' dir='ltr'>mmanuelis</span> 
     </span>
     <span class='ocr_line' id='line_1_17' title="bbox 686 2837 1855 2943; baseline 0.003 -24"><span class='ocrx_word' id='word_1_139' title='bbox 686 2850 735 2920; x_wconf 87' lang='lat' dir='ltr'>mi</span> <span class='ocrx_word' id='word_1_140' title='bbox 756 2837 844 2942; x_wconf 84' lang='lat' dir='ltr'>sard</span> <span class='ocrx_word' id='word_1_141' title='bbox 867 2849 994 2940; x_wconf 78' lang='lat' dir='ltr'>depae,</span> <span class='ocrx_word' id='word_1_142' title='bbox 1021 2845 1126 2941; x_wconf 87' lang='lat' dir='ltr'>quasi</span> <span class='ocrx_word' id='word_1_143' title='bbox 1151 2847 1258 2940; x_wconf 89' lang='lat' dir='ltr'>dicat,</span> <span class='ocrx_word' id='word_1_144' title='bbox 1284 2866 1397 2942; x_wconf 88' lang='lat' dir='ltr'>opera</span> <span class='ocrx_word' id='word_1_145' title='bbox 1423 2867 1506 2922; x_wconf 89' lang='lat' dir='ltr'>mea</span> <span class='ocrx_word' id='word_1_146' title='bbox 1533 2847 1595 2941; x_wconf 90' lang='lat' dir='ltr'>qui</span> <span class='ocrx_word' id='word_1_147' title='bbox 1612 2839 1647 2938; x_wconf 84' lang='lat'>(¹)</span> <span class='ocrx_word' id='word_1_148' title='bbox 1675 2849 1855 2943; x_wconf 89' lang='lat' dir='ltr'>assumpsi</span> 
     </span>
     <span class='ocr_line' id='line_1_18' title="bbox 685 2955 1853 3063; baseline -0.001 -21"><span class='ocrx_word' id='word_1_149' title='bbox 685 2974 761 3042; x_wconf 90' lang='lat' dir='ltr'>tam</span> <span class='ocrx_word' id='word_1_150' title='bbox 783 2955 941 3042; x_wconf 89' lang='lat' dir='ltr'>nobilem</span> <span class='ocrx_word' id='word_1_151' title='bbox 961 2967 1154 3042; x_wconf 85' lang='lat' dir='ltr'>materiam</span> <span class='ocrx_word' id='word_1_152' title='bbox 1173 2972 1210 3041; x_wconf 91' lang='lat' dir='ltr'>et</span> <span class='ocrx_word' id='word_1_153' title='bbox 1233 2967 1352 3062; x_wconf 83' lang='lat' dir='ltr'>gratia</span> <span class='ocrx_word' id='word_1_154' title='bbox 1371 2973 1434 3041; x_wconf 89' lang='lat' dir='ltr'>tua</span> <span class='ocrx_word' id='word_1_155' title='bbox 1452 2967 1558 3042; x_wconf 88' lang='lat' dir='ltr'>laciet</span> <span class='ocrx_word' id='word_1_156' title='bbox 1579 2988 1639 3042; x_wconf 89' lang='lat' dir='ltr'>me</span> <span class='ocrx_word' id='word_1_157' title='bbox 1660 2969 1853 3063; x_wconf 80' lang='lat' dir='ltr'>meritum3</span> 
     </span>
     <span class='ocr_line' id='line_1_19' title="bbox 684 3076 1853 3184; baseline 0.001 -22"><span class='ocrx_word' id='word_1_158' title='bbox 684 3089 788 3184; x_wconf 89' lang='lat' dir='ltr'>quasi</span> <span class='ocrx_word' id='word_1_159' title='bbox 813 3088 920 3181; x_wconf 89' lang='lat' dir='ltr'>dicat,</span> <span class='ocrx_word' id='word_1_160' title='bbox 938 3087 968 3160; x_wconf 84' lang='lat' dir='ltr'>si</span> <span class='ocrx_word' id='word_1_161' title='bbox 988 3086 1118 3162; x_wconf 85' lang='lat' dir='ltr'>iecoris</span> <span class='ocrx_word' id='word_1_162' title='bbox 1144 3086 1233 3160; x_wconf 91' lang='lat' dir='ltr'>mibi</span> <span class='ocrx_word' id='word_1_163' title='bbox 1250 3086 1355 3160; x_wconf 88' lang='lat' dir='ltr'>istam</span> <span class='ocrx_word' id='word_1_164' title='bbox 1371 3076 1408 3179; x_wconf 79' lang='lat'>(³)</span> <span class='ocrx_word' id='word_1_165' title='bbox 1426 3086 1596 3182; x_wconf 84' lang='lat' dir='ltr'>gratiam,</span> <span class='ocrx_word' id='word_1_166' title='bbox 1614 3108 1684 3184; x_wconf 81' lang='lat' dir='ltr'>ego</span> <span class='ocrx_word' id='word_1_167' title='bbox 1702 3088 1853 3163; x_wconf 89' lang='lat' dir='ltr'>reddam</span> 
     </span>
     <span class='ocr_line' id='line_1_20' title="bbox 683 3196 1854 3304; baseline 0 -23"><span class='ocrx_word' id='word_1_168' title='bbox 683 3207 747 3282; x_wconf 90' lang='lat' dir='ltr'>tibi</span> <span class='ocrx_word' id='word_1_169' title='bbox 773 3209 867 3282; x_wconf 90' lang='lat' dir='ltr'>banc</span> <span class='ocrx_word' id='word_1_170' title='bbox 882 3196 918 3300; x_wconf 83' lang='lat'>(⁸)</span> <span class='ocrx_word' id='word_1_171' title='bbox 945 3207 1113 3304; x_wconf 81' lang='lat' dir='ltr'>gloriam,</span> <span class='ocrx_word' id='word_1_172' title='bbox 1132 3206 1231 3302; x_wconf 90' lang='lat' dir='ltr'>quod</span> <span class='ocrx_word' id='word_1_173' title='bbox 1250 3226 1438 3281; x_wconf 88' lang='lat' dir='ltr'>assumam</span> <span class='ocrx_word' id='word_1_174' title='bbox 1461 3206 1582 3280; x_wconf 89' lang='lat' dir='ltr'>statim</span> <span class='ocrx_word' id='word_1_175' title='bbox 1606 3208 1771 3283; x_wconf 88' lang='lat' dir='ltr'>lauream</span> <span class='ocrx_word' id='word_1_176' title='bbox 1791 3227 1854 3281; x_wconf 90' lang='lat' dir='ltr'>co·</span> 
     </span>
     <span class='ocr_line' id='line_1_21' title="bbox 683 3327 1853 3423; baseline 0 -20"><span class='ocrx_word' id='word_1_177' title='bbox 683 3349 813 3403; x_wconf 91' lang='lat' dir='ltr'>ronam</span> <span class='ocrx_word' id='word_1_178' title='bbox 839 3349 954 3423; x_wconf 87' lang='lat' dir='ltr'>quam</span> <span class='ocrx_word' id='word_1_179' title='bbox 980 3328 1102 3402; x_wconf 90' lang='lat' dir='ltr'>nullus</span> <span class='ocrx_word' id='word_1_180' title='bbox 1122 3328 1202 3422; x_wconf 80' lang='lat' dir='ltr'>Jam</span> <span class='ocrx_word' id='word_1_181' title='bbox 1227 3348 1294 3423; x_wconf 88' lang='lat' dir='ltr'>per</span> <span class='ocrx_word' id='word_1_182' title='bbox 1319 3333 1372 3401; x_wconf 92' lang='lat' dir='ltr'>tot</span> <span class='ocrx_word' id='word_1_183' title='bbox 1398 3327 1533 3403; x_wconf 85' lang='lat' dir='ltr'>saecula</span> <span class='ocrx_word' id='word_1_184' title='bbox 1554 3347 1737 3402; x_wconf 88' lang='lat' dir='ltr'>annorum</span> <span class='ocrx_word' id='word_1_185' title='bbox 1765 3349 1853 3403; x_wconf 90' lang='lat' dir='ltr'>con-</span> 
     </span>
     <span class='ocr_line' id='line_1_22' title="bbox 682 3439 1854 3545; baseline -0.001 -19"><span class='ocrx_word' id='word_1_186' title='bbox 682 3456 832 3526; x_wconf 87' lang='lat' dir='ltr'>secutus</span> <span class='ocrx_word' id='word_1_187' title='bbox 856 3456 920 3524; x_wconf 86' lang='lat' dir='ltr'>est.</span> <span class='ocrx_word' id='word_1_188' title='bbox 936 3439 1034 3522; x_wconf 77' lang='lat' dir='ltr'>-Si</span> <span class='ocrx_word' id='word_1_189' title='bbox 1057 3452 1148 3523; x_wconf 83' lang='lat' dir='ltr'>rade</span> <span class='ocrx_word' id='word_1_190' title='bbox 1173 3451 1271 3522; x_wconf 84' lang='lat' dir='ltr'>volte.</span> <span class='ocrx_word' id='word_1_191' title='bbox 1304 3447 1370 3523; x_wconf 88' lang='lat' dir='ltr'>llic</span> <span class='ocrx_word' id='word_1_192' title='bbox 1404 3449 1539 3524; x_wconf 85' lang='lat' dir='ltr'>Dentes</span> <span class='ocrx_word' id='word_1_193' title='bbox 1571 3457 1717 3545; x_wconf 88' lang='lat' dir='ltr'>sumpta</span> <span class='ocrx_word' id='word_1_194' title='bbox 1748 3470 1854 3525; x_wconf 87' lang='lat' dir='ltr'>occa·</span> 
     </span>
     <span class='ocr_line' id='line_1_23' title="bbox 683 3568 1853 3666; baseline 0 -21"><span class='ocrx_word' id='word_1_195' title='bbox 683 3571 785 3645; x_wconf 72' lang='lat' dir='ltr'>done</span> <span class='ocrx_word' id='word_1_196' title='bbox 815 3591 862 3644; x_wconf 81' lang='lat' dir='ltr'>ex</span> <span class='ocrx_word' id='word_1_197' title='bbox 890 3569 993 3644; x_wconf 89' lang='lat' dir='ltr'>dictis</span> <span class='ocrx_word' id='word_1_198' title='bbox 1024 3569 1108 3643; x_wconf 90' lang='lat' dir='ltr'>iacit</span> <span class='ocrx_word' id='word_1_199' title='bbox 1135 3568 1374 3664; x_wconf 83' lang='lat' dir='ltr'>justissimam</span> <span class='ocrx_word' id='word_1_200' title='bbox 1407 3569 1597 3662; x_wconf 85' lang='lat' dir='ltr'>querelam</span> <span class='ocrx_word' id='word_1_201' title='bbox 1628 3569 1674 3644; x_wconf 88' lang='lat' dir='ltr'>de</span> <span class='ocrx_word' id='word_1_202' title='bbox 1708 3570 1853 3666; x_wconf 86' lang='lat' dir='ltr'>ignavia</span> 
     </span>
     <span class='ocr_line' id='line_1_24' title="bbox 684 3689 1850 3785; baseline -0.003 -20"><span class='ocrx_word' id='word_1_203' title='bbox 684 3689 959 3783; x_wconf 88' lang='lat' dir='ltr'>modernorum,</span> <span class='ocrx_word' id='word_1_204' title='bbox 973 3710 1135 3783; x_wconf 89' lang='lat' dir='ltr'>quorum</span> <span class='ocrx_word' id='word_1_205' title='bbox 1150 3690 1273 3762; x_wconf 92' lang='lat' dir='ltr'>nullus</span> <span class='ocrx_word' id='word_1_206' title='bbox 1290 3690 1444 3785; x_wconf 84' lang='lat' dir='ltr'>porrigit</span> <span class='ocrx_word' id='word_1_207' title='bbox 1461 3711 1613 3764; x_wconf 91' lang='lat' dir='ltr'>manum</span> <span class='ocrx_word' id='word_1_208' title='bbox 1628 3690 1675 3764; x_wconf 92' lang='lat' dir='ltr'>ad</span> <span class='ocrx_word' id='word_1_209' title='bbox 1691 3690 1850 3784; x_wconf 92' lang='lat' dir='ltr'>laurum,</span> 
     </span>
     <span class='ocr_line' id='line_1_25' title="bbox 681 3809 1852 3907; baseline -0.002 -21"><span class='ocrx_word' id='word_1_210' title='bbox 681 3834 756 3888; x_wconf 92' lang='lat' dir='ltr'>non</span> <span class='ocrx_word' id='word_1_211' title='bbox 780 3812 957 3907; x_wconf 86' lang='lat' dir='ltr'>princeps,</span> <span class='ocrx_word' id='word_1_212' title='bbox 984 3831 1057 3884; x_wconf 93' lang='lat' dir='ltr'>uon</span> <span class='ocrx_word' id='word_1_213' title='bbox 1082 3817 1200 3906; x_wconf 89' lang='lat' dir='ltr'>poeta.</span> <span class='ocrx_word' id='word_1_214' title='bbox 1229 3809 1321 3884; x_wconf 89' lang='lat' dir='ltr'>Dicit</span> <span class='ocrx_word' id='word_1_215' title='bbox 1345 3830 1436 3906; x_wconf 85' lang='lat' dir='ltr'>ergo</span> <span class='ocrx_word' id='word_1_216' title='bbox 1466 3809 1698 3906; x_wconf 83' lang='lat' dir='ltr'>indignanter</span> <span class='ocrx_word' id='word_1_217' title='bbox 1723 3817 1760 3886; x_wconf 89' lang='lat' dir='ltr'>et</span> <span class='ocrx_word' id='word_1_218' title='bbox 1785 3811 1852 3884; x_wconf 93' lang='lat' dir='ltr'>do-</span> 
     </span>
     <span class='ocr_line' id='line_1_26' title="bbox 681 3929 1849 4026; baseline -0.004 -18"><span class='ocrx_word' id='word_1_219' title='bbox 681 3935 817 4008; x_wconf 88' lang='lat' dir='ltr'>lenter:</span> <span class='ocrx_word' id='word_1_220' title='bbox 844 3933 1017 4023; x_wconf 86' lang='lat' dir='ltr'>opadrc,</span> <span class='ocrx_word' id='word_1_221' title='bbox 1042 3930 1188 4024; x_wconf 89' lang='lat' dir='ltr'>scilicet,</span> <span class='ocrx_word' id='word_1_222' title='bbox 1215 3929 1351 4026; x_wconf 78' lang='lat' dir='ltr'>Apollo,</span> <span class='ocrx_word' id='word_1_223' title='bbox 1378 3930 1440 4024; x_wconf 90' lang='lat' dir='ltr'>qui</span> <span class='ocrx_word' id='word_1_224' title='bbox 1466 3937 1522 4005; x_wconf 91' lang='lat' dir='ltr'>est</span> <span class='ocrx_word' id='word_1_225' title='bbox 1547 3950 1705 4026; x_wconf 78' lang='lat' dir='ltr'>maguus</span> <span class='ocrx_word' id='word_1_226' title='bbox 1735 3936 1849 4024; x_wconf 85' lang='lat' dir='ltr'>pater,</span> 
     </span>
     <span class='ocr_line' id='line_1_27' title="bbox 679 4049 1850 4147; baseline -0.006 -18"><span class='ocrx_word' id='word_1_227' title='bbox 679 4053 727 4129; x_wconf 89' lang='lat' dir='ltr'>de</span> <span class='ocrx_word' id='word_1_228' title='bbox 752 4073 827 4147; x_wconf 86' lang='lat' dir='ltr'>quo</span> <span class='ocrx_word' id='word_1_229' title='bbox 851 4051 936 4126; x_wconf 92' lang='lat' dir='ltr'>dicit</span> <span class='ocrx_word' id='word_1_230' title='bbox 960 4049 1119 4146; x_wconf 89' lang='lat' dir='ltr'>capitulo</span> <span class='ocrx_word' id='word_1_231' title='bbox 1145 4049 1255 4123; x_wconf 88' lang='lat' dir='ltr'>buius</span> <span class='ocrx_word' id='word_1_232' title='bbox 1281 4051 1362 4125; x_wconf 88' lang='lat' dir='ltr'>libri</span> <span class='ocrx_word' id='word_1_233' title='bbox 1394 4051 1501 4145; x_wconf 91' lang='lat' dir='ltr'>tertii,</span> <span class='ocrx_word' id='word_1_234' title='bbox 1527 4051 1618 4124; x_wconf 84' lang='lat' dir='ltr'>colui</span> <span class='ocrx_word' id='word_1_235' title='bbox 1646 4053 1706 4123; x_wconf 85' lang='lat' dir='ltr'>cte</span> <span class='ocrx_word' id='word_1_236' title='bbox 1735 4053 1850 4143; x_wconf 82' lang='lat' dir='ltr'>padre</span> 
     </span>
     <span class='ocr_line' id='line_1_28' title="bbox 679 4157 1849 4264; baseline -0.005 -16"><span class='ocrx_word' id='word_1_237' title='bbox 679 4177 715 4248; x_wconf 87' lang='lat' dir='ltr'>d’</span> <span class='ocrx_word' id='word_1_238' title='bbox 727 4175 812 4264; x_wconf 73' lang='lat' dir='ltr'>opat</span> <span class='ocrx_word' id='word_1_239' title='bbox 827 4174 959 4245; x_wconf 85' lang='lat' dir='ltr'>mortui</span> <span class='ocrx_word' id='word_1_240' title='bbox 977 4174 1068 4244; x_wconf 84' lang='lat' dir='ltr'>otta.-</span> <span class='ocrx_word' id='word_1_241' title='bbox 1080 4157 1114 4244; x_wconf 68' lang='lat' dir='ltr'>&#39;si</span> <span class='ocrx_word' id='word_1_242' title='bbox 1130 4173 1220 4244; x_wconf 80' lang='lat' dir='ltr'>rude</span> <span class='ocrx_word' id='word_1_243' title='bbox 1237 4172 1327 4244; x_wconf 82' lang='lat' dir='ltr'>volte</span> <span class='ocrx_word' id='word_1_244' title='bbox 1343 4192 1380 4243; x_wconf 84' lang='lat' dir='ltr'>se</span> <span class='ocrx_word' id='word_1_245' title='bbox 1395 4191 1439 4244; x_wconf 84' lang='lat' dir='ltr'>ne</span> <span class='ocrx_word' id='word_1_246' title='bbox 1455 4172 1578 4263; x_wconf 80' lang='lat' dir='ltr'>captia,</span> <span class='ocrx_word' id='word_1_247' title='bbox 1599 4170 1645 4244; x_wconf 92' lang='lat' dir='ltr'>de</span> <span class='ocrx_word' id='word_1_248' title='bbox 1662 4169 1849 4244; x_wconf 83' lang='lat' dir='ltr'>frondibus</span> 
     </span>
     <span class='ocr_line' id='line_1_29' title="bbox 678 4289 1848 4387; baseline -0.005 -20"><span class='ocrx_word' id='word_1_249' title='bbox 678 4295 786 4387; x_wconf 88' lang='lat' dir='ltr'>lauri,</span> <span class='ocrx_word' id='word_1_250' title='bbox 806 4316 875 4387; x_wconf 82' lang='lat' dir='ltr'>par</span> <span class='ocrx_word' id='word_1_251' title='bbox 898 4294 1073 4385; x_wconf 71' lang='lat' dir='ltr'>mansure</span> <span class='ocrx_word' id='word_1_252' title='bbox 1101 4295 1241 4384; x_wconf 75' lang='lat' dir='ltr'>desere,</span> <span class='ocrx_word' id='word_1_253' title='bbox 1269 4291 1405 4384; x_wconf 87' lang='lat' dir='ltr'>quide</span> <span class='ocrx_word' id='word_1_254' title='bbox 1437 4290 1560 4363; x_wconf 90' lang='lat' dir='ltr'>multis</span> <span class='ocrx_word' id='word_1_255' title='bbox 1591 4290 1693 4364; x_wconf 90' lang='lat' dir='ltr'>bellis</span> <span class='ocrx_word' id='word_1_256' title='bbox 1724 4289 1848 4364; x_wconf 89' lang='lat' dir='ltr'>claris·</span> 
     </span>
     <span class='ocr_line' id='line_1_30' title="bbox 678 4409 1849 4507; baseline -0.005 -18"><span class='ocrx_word' id='word_1_257' title='bbox 678 4415 771 4490; x_wconf 91' lang='lat' dir='ltr'>sime</span> <span class='ocrx_word' id='word_1_258' title='bbox 788 4412 1034 4507; x_wconf 87' lang='lat' dir='ltr'>triumphavit.</span> <span class='ocrx_word' id='word_1_259' title='bbox 1049 4413 1164 4486; x_wconf 84' lang='lat' dir='ltr'>Vocat</span> <span class='ocrx_word' id='word_1_260' title='bbox 1180 4418 1307 4485; x_wconf 89' lang='lat' dir='ltr'>autem</span> <span class='ocrx_word' id='word_1_261' title='bbox 1327 4431 1476 4485; x_wconf 88' lang='lat' dir='ltr'>omnem</span> <span class='ocrx_word' id='word_1_262' title='bbox 1495 4410 1756 4505; x_wconf 87' lang='lat' dir='ltr'>imperatorem</span> <span class='ocrx_word' id='word_1_263' title='bbox 1770 4409 1849 4484; x_wconf 78' lang='lat' dir='ltr'>Ca-</span> 
     </span>
     <span class='ocr_line' id='line_1_31' title="bbox 677 4515 1848 4628; baseline -0.005 -18"><span class='ocrx_word' id='word_1_264' title='bbox 677 4557 798 4611; x_wconf 84' lang='lat' dir='ltr'>sarem</span> <span class='ocrx_word' id='word_1_265' title='bbox 824 4533 974 4628; x_wconf 90' lang='lat' dir='ltr'>abipso</span> <span class='ocrx_word' id='word_1_266' title='bbox 1004 4515 1149 4607; x_wconf 45' lang='lat' dir='ltr'>Caesa‘re</span> <span class='ocrx_word' id='word_1_267' title='bbox 1178 4532 1309 4627; x_wconf 92' lang='lat' dir='ltr'>primo,</span> <span class='ocrx_word' id='word_1_268' title='bbox 1343 4531 1437 4606; x_wconf 86' lang='lat' dir='ltr'>sicut</span> <span class='ocrx_word' id='word_1_269' title='bbox 1462 4533 1589 4607; x_wconf 82' lang='lat' dir='ltr'>volunt</span> <span class='ocrx_word' id='word_1_270' title='bbox 1617 4532 1695 4606; x_wconf 88' lang='lat' dir='ltr'>iere</span> <span class='ocrx_word' id='word_1_271' title='bbox 1719 4551 1848 4605; x_wconf 90' lang='lat' dir='ltr'>omnes</span> 
     </span>
     <span class='ocr_line' id='line_1_32' title="bbox 677 4651 1846 4750; baseline -0.004 -19"><span class='ocrx_word' id='word_1_272' title='bbox 677 4663 826 4731; x_wconf 83' lang='lat' dir='ltr'>autores</span> <span class='ocrx_word' id='word_1_273' title='bbox 851 4653 1023 4750; x_wconf 76' lang='lat' dir='ltr'>gentilos,</span> <span class='ocrx_word' id='word_1_274' title='bbox 1042 4651 1106 4727; x_wconf 91' lang='lat' dir='ltr'>sed</span> <span class='ocrx_word' id='word_1_275' title='bbox 1122 4651 1307 4727; x_wconf 87' lang='lat' dir='ltr'>christiani</span> <span class='ocrx_word' id='word_1_276' title='bbox 1324 4651 1450 4726; x_wconf 92' lang='lat' dir='ltr'>dicunt</span> <span class='ocrx_word' id='word_1_277' title='bbox 1470 4652 1575 4748; x_wconf 90' lang='lat' dir='ltr'>quasi</span> <span class='ocrx_word' id='word_1_278' title='bbox 1598 4672 1728 4727; x_wconf 90' lang='lat' dir='ltr'>omnes</span> <span class='ocrx_word' id='word_1_279' title='bbox 1748 4651 1846 4746; x_wconf 86' lang='lat' dir='ltr'>quod</span> 
     </span>
     <span class='ocr_line' id='line_1_33' title="bbox 678 4770 1846 4871; baseline -0.004 -21"><span class='ocrx_word' id='word_1_280' title='bbox 678 4776 873 4871; x_wconf 91' lang='lat' dir='ltr'>imperium</span> <span class='ocrx_word' id='word_1_281' title='bbox 899 4774 1008 4870; x_wconf 84' lang='lat' dir='ltr'>coepit</span> <span class='ocrx_word' id='word_1_282' title='bbox 1033 4773 1080 4847; x_wconf 89' lang='lat' dir='ltr'>ab</span> <span class='ocrx_word' id='word_1_283' title='bbox 1106 4771 1282 4870; x_wconf 80' lang='lat' dir='ltr'>Augusto,</span> <span class='ocrx_word' id='word_1_284' title='bbox 1302 4773 1389 4866; x_wconf 88' lang='lat' dir='ltr'>quia</span> <span class='ocrx_word' id='word_1_285' title='bbox 1411 4772 1492 4868; x_wconf 92' lang='lat' dir='ltr'>plus</span> <span class='ocrx_word' id='word_1_286' title='bbox 1516 4770 1622 4846; x_wconf 82' lang='lat' dir='ltr'>auxit</span> <span class='ocrx_word' id='word_1_287' title='bbox 1648 4773 1846 4868; x_wconf 90' lang='lat' dir='ltr'>rempubli-</span> 
     </span>
    </p>
   </div>
   <div class='ocr_carea' id='block_1_3' title="bbox 739 4957 1554 5099">
    <p class='ocr_par' dir='ltr' id='par_1_3' title="bbox 739 4957 1554 5099">
     <span class='ocr_line' id='line_1_34' title="bbox 740 4957 1538 5025; baseline -0.008 -12"><span class='ocrx_word' id='word_1_288' title='bbox 740 4963 767 5025; x_wconf 82' lang='lat' dir='ltr'>(¹l</span> <span class='ocrx_word' id='word_1_289' title='bbox 784 4963 814 5012; x_wconf 85' lang='lat' dir='ltr'>E.</span> <span class='ocrx_word' id='word_1_290' title='bbox 830 4961 937 5020; x_wconf 78' lang='lat' dir='ltr'>scilicet,</span> <span class='ocrx_word' id='word_1_291' title='bbox 953 4975 985 5012; x_wconf 82' lang='lat' dir='ltr'>ex</span> <span class='ocrx_word' id='word_1_292' title='bbox 1001 4961 1192 5024; x_wconf 70' lang='lat' dir='ltr'>propagatione.</span> <span class='ocrx_word' id='word_1_293' title='bbox 1379 4957 1406 5019; x_wconf 80' lang='lat'>(¹)</span> <span class='ocrx_word' id='word_1_294' title='bbox 1422 4959 1452 5009; x_wconf 85' lang='lat' dir='ltr'>E.</span> <span class='ocrx_word' id='word_1_295' title='bbox 1470 4961 1538 5022; x_wconf 87' lang='lat' dir='ltr'>quia.</span> 
     </span>
     <span class='ocr_line' id='line_1_35' title="bbox 739 5035 1554 5099; baseline -0.007 -8"><span class='ocrx_word' id='word_1_296' title='bbox 739 5039 766 5099; x_wconf 64' lang='grc' dir='ltr'>Ρ)</span> <span class='ocrx_word' id='word_1_297' title='bbox 782 5041 813 5090; x_wconf 83' lang='lat' dir='ltr'>B.</span> <span class='ocrx_word' id='word_1_298' title='bbox 829 5041 903 5090; x_wconf 73' lang='lat' dir='ltr'>bano.</span> <span class='ocrx_word' id='word_1_299' title='bbox 1379 5036 1406 5096; x_wconf 76' lang='lat'>(⁸)</span> <span class='ocrx_word' id='word_1_300' title='bbox 1423 5035 1454 5085; x_wconf 86' lang='lat' dir='ltr'>E.</span> <span class='ocrx_word' id='word_1_301' title='bbox 1470 5037 1554 5086; x_wconf 79' lang='lat' dir='ltr'>istam.</span> 
     </span>
    </p>
   </div>
   <div class='ocr_carea' id='block_1_4' title="bbox 0 0 2176 6692">
    <p class='ocr_par' dir='ltr' id='par_1_4' title="bbox 0 0 2176 6692">
     <span class='ocr_line' id='line_1_36' title="bbox 0 0 2176 6692; baseline 0 8"><span class='ocrx_word' id='word_1_302' title='bbox 0 0 2176 6692; x_wconf 95' lang='lat' dir='ltr'> </span> 
     </span>
    </p>
   </div>
  </div>
 </body>
</html>
