4342 6692
650 786 717 851 120
1008 790 1213 847 ceurennum
1237 788 1460 845 rununronn

645 941 691 1015 ad
717 940 812 1013 istud
838 939 985 1035 signum
1011 936 1110 1031 quod
1135 926 1316 1011 indicabat
1342 923 1462 1029 ipsum
1494 952 1576 1007 esse
1602 919 1749 1007 aivum.
1776 933 1820 1005 Et

646 1060 784 1135 subdit:
812 1064 931 1151 quesn
953 1062 993 1152 fu
1018 1061 1055 1131 la
1079 1058 1285 1149 canoncie
1300 1056 1399 1129 diedo
1422 1056 1530 1127 inizt'o
1555 1057 1634 1127 loro
1652 1056 1823 1147 aporior

648 1184 685 1255 di
709 1202 775 1273 nae,
801 1178 948 1272 scilieet,
979 1177 1078 1273 quod
1112 1175 1232 1253 essem
1260 1197 1350 1251 vere
1379 1174 1496 1251 vivus.
1528 1174 1631 1250 Unde
1662 1173 1771 1248 dicit:
1805 1196 1825 1247 e

649 1302 873 1379 nominoiorsi
898 1318 922 1370 a
945 1301 1036 1391 dire,
1066 1297 1161 1371 inter
1195 1317 1247 1391 se,
1272 1298 1363 1369 colui
1376 1287 1413 1387 (¹)
1439 1315 1512 1367 non
1530 1315 1605 1386 pur
1629 1314 1739 1386 corpo
1765 1282 1824 1386 fit-

650 1424 748 1512 tizio,
774 1419 921 1511 seilicet,
955 1438 1107 1494 aereum
1135 1418 1245 1511 quale
1269 1437 1337 1491 nos
1366 1416 1556 1509 habemuS,
1583 1414 1647 1489 sed
1666 1404 1820 1490 'verum

649 1542 693 1618 Et
717 1538 928 1634 dicitquod
954 1537 1065 1633 aliqui
1093 1538 1175 1612 lacti
1200 1536 1295 1612 avidi
1319 1529 1480 1611 novitate
1506 1534 1559 1609 rei
1585 1539 1821 1610 accesserunt

649 1680 779 1736 versus
809 1678 911 1752 eum;
940 1656 1037 1731 unde
1066 1657 1173 1734 dicit:
1194 1660 1260 1750 poi
1289 1660 1387 1747 certi,
1417 1655 1564 1749 scilicet,
1596 1654 1744 1750 spiritus
1774 1654 1821 1728 de

650 1780 758 1855 turba
772 1777 1169 1872 hermaphroditarum,
1182 1783 1224 1850 ut
1237 1776 1373 1872 patebit
1390 1782 1526 1871 postea,
1540 1779 1572 1849 si
1579 1780 1707 1870 sereno
1720 1794 1822 1848 verso

649 1922 715 1989 me,
741 1899 787 1972 ad
813 1896 1083 1973 extremitatem
1109 1896 1214 1993 ignis,
1232 1892 1370 1988 'quanto
1390 1904 1520 1989 poteon
1542 1897 1649 1989 sarsi,
1674 1894 1822 1988 scilicet,

652 2038 771 2111 usque
795 2016 841 2091 ad
866 2017 1034 2111 confinia,
1050 2039 1189 2109 sempre
1208 2037 1275 2090 oon
1290 2019 1466 2108 riquardo
1483 2018 1521 2089 di
1535 2036 1609 2089 non
1625 2017 1731 2106 meir,
1750 2013 1821 2088 sci-

649 2140 744 2234 licet,
758 2144 863 2213 extra
880 2138 1016 2235 ignem,
1030 2141 1117 2212 dove
1128 2158 1201 2213 non
1211 2142 1350 2232 sossero
1361 2140 1451 2228 arsi,
1464 2135 1610 2229 seilicet,
1624 2135 1661 2208 in
1674 2125 1820 2227 nieme)

650 2260 714 2333 ubi
740 2264 846 2333 erant
871 2264 988 2355 poetae
1014 2258 1093 2333 sine
1116 2280 1243 2354 poena:
1265 2257 1474 2333 sicutenim
1493 2263 1621 2352 sponte
1644 2275 1823 2351 peccave-

651 2384 746 2472 rant,
772 2378 821 2453 ita
847 2385 976 2473 sponte
1006 2378 1211 2471 puniuntur
1240 2378 1277 2452 in
1308 2378 1519 2475 igne-0
1548 2384 1593 2450 tu.
1621 2375 1685 2450 llic
1714 2363 1824 2470 poeta

652 2499 752 2595 ponit
776 2499 942 2593 pulcram
960 2498 1164 2572 orationem
1183 2496 1293 2571 unius
1309 2496 1356 2571 de
1372 2515 1530 2572 numero
1551 2494 1822 2591 praedictorum,

635 2619 714 2727 'qui
734 2618 853 2713 primo
866 2625 986 2714 captat
1005 2618 1249 2715 multipliciter
1266 2618 1571 2712 benevolentiam,
1584 2617 1722 2691 dicens:
1745 2622 1823 2691 Oto

654 2742 715 2812 ulte
731 2742 791 2813 oni
807 2741 899 2831 dopo
916 2743 990 2830 agli
1006 2742 1103 2830 altri,
1120 2738 1266 2832 seilicet,
1284 2743 1364 2832 post
1380 2737 1571 2832 Virgilium
1593 2743 1630 2811 et
1654 2736 1823 2830 Statium,

653 2880 726 2933 non
749 2882 816 2952 per
840 2881 934 2933 esser
953 2856 1016 2952 ptri
1041 2863 1160 2951 turcio,
1187 2858 1292 2952 quasi
1317 2851 1423 2953 dicat,
1442 2879 1515 2933 non
1540 2858 1621 2933 ideo
1647 2858 1747 2953 quod
1773 2858 1821 2933 sis

652 2998 770 3053 novus
796 2986 903 3073 poeta
928 2986 965 3054 et
990 2979 1039 3052 illi
1067 2978 1220 3073 antiqui,
1242 2974 1334 3072 'quia
1365 2984 1511 3073 tempus
1543 2966 1721 3076 magnum
1748 3000 1821 3053 uon

652 3099 736 3173 lacit
762 3100 914 3173 meliora
933 3099 1117 3193 earmina,
1134 3096 1229 3173 siout
1252 3098 1338 3173 iacit
1356 3098 1507 3173 meliora
1525 3098 1629 3193 vina3
1647 3084 1752 3193 quasi
1768 3099 1825 3173 di-

653 3225 730 3293 eat:
757 3219 853 3293 bene
878 3238 1002 3312 posses
1028 3218 1083 3293 ire
1109 3239 1175 3314 par
1197 3240 1284 3294 oum
1302 3218 1492 3314 praedietis,
1510 3219 1594 3295 lieet
1612 3220 1660 3293 sis
1676 3207 1825 3293 moder-

654 3360 737 3432 nuS,
762 3338 826 3412 sed
852 3337 933 3412 ideo
958 3338 1124 3432 sequeris
1141 3339 1232 3432 illos,
1253 3345 1296 3412 ut
1315 3338 1425 3413 iacias
1451 3338 1503 3413 eis
1528 3341 1719 3434 honorem,
1737 3340 1825 3433 quia

655 3458 822 3533 iecerunt
847 3457 966 3552 primo
984 3457 1057 3530 tihi.
1076 3457 1179 3533 Unde
1198 3458 1303 3533 dicit:
1321 3480 1382 3531 mo
1395 3462 1493 3552 forse
1510 3467 1701 3552 reverante,
1719 3460 1821 3552 idest,

655 3580 714 3654 vel
739 3577 833 3651 sorte
859 3583 900 3651 ut
923 3578 972 3651 sis
998 3597 1172 3653 reverens
1192 3578 1383 3673 predictis,
1400 3600 1423 3653 a
1440 3579 1574 3672 quibus
1593 3580 1710 3655 multa
1734 3578 1826 3653 didi-

655 3699 754 3793 eisti;
780 3701 941 3791 mendi
964 3719 988 3769 e
1013 3718 1067 3771 me
1091 3701 1199 3771 elle'n
1223 3706 1291 3772 sete
1315 3720 1335 3771 e
1357 3702 1395 3771 in
1416 3703 1498 3793 soco
1518 3702 1633 3793 ardo;
1651 3700 1755 3795 quasi
1772 3699 1826 3775 di·

656 3827 733 3895 uat:
760 3820 855 3894 bene
879 3819 980 3894 vides
1005 3819 1104 3914 quod
1134 3819 1362 3914 maleloqui
1392 3841 1554 3915 possum,
1584 3821 1672 3915 quia
1707 3821 1824 3895 multo

655 3938 785 4013 durius
809 3938 955 4013 crucior
981 3938 1036 4013 siti
1062 3939 1132 4012 sub
1157 3938 1242 4036 igne
1267 3960 1353 4013 eum
1380 3938 1456 4013 istis
1480 3940 1689 4035 luxuriosis,
1710 3962 1823 4035 quam

655 4060 774 4158 gulosi
792 4060 861 4133 sub
878 4081 986 4154 aqua.
1000 4060 1045 4133 Et
1061 4059 1255 4134 confirmat
1268 4058 1407 4133 dietum
1425 4080 1537 4133 suum
1554 4080 1620 4155 per
1638 4061 1823 4157 propriam

657 4178 982 4273 comparationem,
1000 4178 1142 4253 dicens:
1164 4182 1201 4253 lo
1225 4185 1286 4251 tuo
1307 4181 1460 4271 ratperto
1484 4176 1506 4253 ε’
1527 4200 1633 4272 nono,
1650 4180 1752 4275 idest,
1769 4186 1827 4256 est

659 4298 874 4393 necessaria,
900 4320 972 4372 non
997 4302 1072 4372 solo
1104 4322 1129 4373 a
1154 4301 1226 4393 'ma
1255 4298 1302 4373 ad
1328 4298 1621 4395 refrigerandum
1653 4302 1825 4377 ardorem

660 4426 696 4493 et
721 4419 828 4513 silim,
846 4416 908 4493 ele
931 4422 1004 4493 miti
1028 4423 1148 4511 quesn,
1168 4418 1315 4513 scilieet,
1335 4418 1422 4494 socii
1442 4411 1527 4515 mei,
1543 4424 1707 4495 n'lonno
1725 4443 1827 4513 mag·

656 4542 737 4632 otor
761 4546 841 4631 sete,
868 4539 969 4633 idest,
996 4539 1205 4614 aviditatem
1233 4538 1377 4613 bibendi
1403 4541 1518 4616 verba
1544 4548 1620 4637 tua,
1647 4544 1706 4616 elta
1729 4544 1827 4634 indo,

659 4659 760 4751 idest,
779 4679 890 4751 quam
912 4657 1041 4751 aliquis
1068 4658 1250 4732 habitator
1269 4658 1390 4754 Indiae,
1408 4681 1493 4753 quae
1517 4668 1572 4735 est
1597 4662 1633 4734 in
1659 4667 1827 4736 extremo

722 4914 749 4978 (¹)
766 4915 909 4974 11⁷,le
926 4915 1032 4977 seilicet,
1049 4916 1095 4968 ille
1110 4918 1216 4969 tertius:
1232 4933 1285 4969 non
1299 4933 1358 4983 pur.
1482 4918 1510 4983 (Ἴ
1526 4921 1558 4972 Ε.
1574 4921 1602 4971 Ιιι
1617 4921 1668 4973 ria.
