4342 6692
689 874 758 955 108
1045 888 1250 944 consonum
1274 890 1492 945 ruaoammr

687 1040 851 1108 mentum
878 1032 1052 1127 corporis,
1078 1037 1116 1106 in
1149 1042 1235 1126 ouo,
1264 1033 1369 1129 idest,
1392 1035 1595 1110 actualiter.
1625 1034 1728 1109 Sicut
1752 1034 1850 1108 enirn

686 1173 759 1227 uon
784 1151 992 1228 debilitatur
1018 1153 1076 1227 vel
1102 1153 1222 1229 delicit
1238 1161 1352 1229 nauta
1369 1175 1465 1229 nave
1482 1154 1667 1229 destructa
1686 1155 1746 1228 vel
1764 1174 1855 1227 oon-

684 1273 811 1367 lracta,
837 1273 946 1348 scissa
970 1274 1030 1348 vel
1057 1273 1261 1350 inveterata
1274 1267 1325 1368 (¹),
1346 1275 1395 1349 ita
1422 1275 1547 1351 anima
1564 1281 1678 1349 exuta
1702 1293 1858 1368 corpore

685 1394 796 1467 babet
820 1392 916 1468 vires
941 1414 1037 1488 suas,
1064 1394 1148 1471 licet
1173 1415 1247 1469 non
1273 1401 1399 1469 utatur
1423 1396 1608 1493 organice,
1629 1416 1703 1471 non
1730 1404 1855 1470 tamen

686 1521 853 1591 remanet
878 1514 1005 1607 otiosa,
1032 1513 1108 1589 imo
1133 1516 1265 1589 retinet
1289 1516 1387 1590 vires
1411 1516 1649 1593 intellectivas
1670 1516 1799 1589 lortius
1815 1519 1855 1589 et·
1899 1500 1908 1513 ¹

685 1635 889 1730 perfectius.
915 1636 959 1707 Et
990 1634 1095 1708 dicit:
1128 1639 1151 1710 l'
1163 1638 1254 1709 altre
1280 1640 1438 1729 potcozic
1468 1644 1549 1711 tutte
1580 1644 1707 1728 pauore
1741 1641 1854 1727 mote,·

686 1755 823 1851 supple,
849 1754 1137 1850 remanentibus,
1169 1755 1263 1830 sicut
1293 1756 1387 1850 visu,
1416 1756 1557 1851 auditu,
1587 1776 1729 1848 somno,
1761 1752 1854 1850 vigi-

685 1876 731 1949 lia
753 1879 1011 1950 etc-senza.
1030 1875 1095 1949 llic
1121 1876 1256 1950 Statius
1281 1876 1437 1951 ostendit
1466 1899 1541 1972 quo
1572 1878 1697 1951 tendat
1729 1875 1852 1950 anima

534 2044 536 2049 -
684 1995 735 2071 sic
760 2001 947 2089 separata;
974 2003 1011 2069 et
1037 1996 1116 2070 vult
1139 1995 1262 2072 dicere
1288 2016 1364 2070 uno
1384 1997 1499 2071 verbo
1516 1997 1615 2091 quod
1632 1996 1714 2071 talis
1730 1994 1852 2068 anima

680 2116 804 2189 subito
829 2116 928 2190 vadit
951 2115 999 2189 ad
1025 2115 1209 2191 infernum
1240 2118 1298 2191 vel
1328 2118 1596 2213 purgatorium.
1623 2116 1727 2191 Unde
1751 2117 1851 2190 dicit:

683 2236 805 2311 etilla
830 2236 964 2329 anima,
990 2258 1100 2309 senza
1123 2240 1278 2328 ristorsi,
1304 2237 1407 2332 idest,
1428 2237 1508 2312 sine
1531 2258 1649 2330 mora,
1673 2238 1761 2309 code
1787 2256 1853 2327 per

682 2377 720 2429 se
743 2362 864 2447 stesso,
882 2355 1092 2451 impellente
1108 2356 1229 2432 divina
1241 2357 1393 2451 justitia,
1410 2357 1672 2447 mirabilmentc,
1691 2355 1775 2449 quia
1796 2354 1853 2427 in-

683 2476 830 2549 visibilis
856 2482 921 2569 est,
960 2479 1019 2551 oll'
1033 2498 1106 2550 uno
1138 2480 1226 2551 delle
1253 2480 1341 2569 rive,
1373 2477 1518 2571 scilicet,
1552 2478 1610 2551 vel
1641 2475 1854 2552 Acherontis

684 2596 854 2690 dominis,
880 2596 943 2671 ubi
969 2597 1115 2672 Charon
1131 2604 1245 2673 nauta
1266 2605 1489 2693 transportat
1512 2598 1654 2673 animas
1678 2597 1716 2671 in
1741 2596 1853 2671 inler-

685 2738 796 2811 num;
823 2717 880 2791 vel
906 2717 1021 2791 laucis
1045 2716 1235 2811 Tiberinae,
1261 2718 1324 2791 ubi
1349 2719 1504 2815 angelus
1530 2723 1752 2814 transportat
1773 2716 1852 2790 ani-

683 2857 763 2911 mas
788 2837 834 2910 ad
859 2836 1127 2933 purgatorium,
1149 2843 1309 2932 uterque
1333 2837 1370 2911 in
1393 2838 1498 2913 navi:
1519 2839 1642 2913 anima
1663 2837 1761 2912 enim
1782 2836 1849 2910 ob-

682 2957 812 3031 stinata
838 2956 958 3030 statim
985 2957 1128 3032 festinat
1157 2956 1204 3032 ad
1233 2956 1517 3050 damnationem,
1549 2957 1735 3052 poenitens·
1757 2976 1848 3031 vero

681 3084 809 3172 sponte
834 3076 977 3151 festinat
1002 3077 1048 3151 ad
1073 3076 1342 3171 purgationem,
1360 3083 1403 3151 ut
1419 3084 1576 3174 purgata
1593 3076 1783 3173 perveniat
1801 3073 1848 3149 ad

681 3197 829 3271 coelum.
856 3196 958 3271 Unde
984 3196 1186 3273 secundum
1211 3197 1447 3290 Avicennam,
1468 3205 1506 3270 et
1526 3197 1738 3293 Algagelem
1764 3195 1848 3269 imi-

681 3322 838 3393 tatorem
857 3316 947 3409 eius,
961 3316 1084 3391 anima
1102 3318 1264 3391 bumana
1282 3323 1538 3411 postmortem
1560 3315 1786 3391 convertitur
1802 3316 1849 3391 ad

680 3437 808 3509 lumen
845 3435 1090 3531 intelligentia
1119 3436 1270 3530 agentis.
1305 3436 1408 3511 lsaac
1442 3456 1533 3511 vero
1569 3435 1666 3529 dicit,
1705 3434 1845 3509 animas

676 3555 853 3650 justitiam
880 3555 1039 3629 colentes
1066 3575 1147 3629 esse
1176 3556 1213 3628 in
1249 3556 1340 3631 orbe
1364 3575 1539 3650 supremo
1568 3555 1606 3627 in
1634 3553 1845 3649 psalmodia,

680 3681 791 3750 cautu
819 3660 855 3749 et
875 3674 1121 3770 jocunditate,
1139 3696 1224 3769 quae
1248 3680 1375 3751 autem
1406 3674 1543 3749 luerint
1566 3673 1696 3747 deditae
1722 3672 1852 3747 obsce·

682 3795 737 3869 nis
762 3795 903 3869 actibus
927 3795 1187 3891 deprimuntur
1211 3796 1281 3870 sub
1306 3795 1436 3871 orbem
1458 3794 1694 3869 tenebrosum
1721 3793 1759 3866 in
1783 3794 1850 3867 tri-

681 3913 789 4008 stitia,
803 3920 841 3987 et
857 3913 893 3986 in
912 3914 995 4011 igne
1013 3936 1148 4011 magno
1166 3915 1351 4010 perpetuis
1368 3914 1540 3989 incendiis
1552 3920 1847 3988 ooncremantur.

681 4032 726 4107 Et
749 4033 852 4109 dicit:
880 4037 985 4127 quivi,
1014 4034 1160 4129 scilieet,
1178 4036 1215 4108 in
1238 4036 1354 4109 altera
1378 4033 1558 4107 dictarum
1585 4033 1763 4128 riparum,
1787 4053 1848 4105 co-

680 4175 783 4229 rmscc
801 4157 924 4247 prima
949 4158 980 4228 le
1004 4176 1064 4228 soe
1087 4158 1221 4245 suade,
1247 4153 1349 4247 idest,
1376 4174 1489 4247 quam
1516 4152 1613 4227 viam
1640 4159 1767 4227 tenere
1782 4150 1848 4225 de·

680 4275 776 4369 beat,
796 4277 853 4349 vel
873 4275 920 4349 ad
936 4274 1091 4371 gloriam
1110 4276 1169 4353 vel
1184 4275 1231 4349 ad
1247 4274 1445 4349 miseriam.
1463 4274 1507 4347 Et
1523 4273 1644 4348 subdit
1661 4272 1847 4367 quomodo

679 4398 802 4471 anima
827 4396 1029 4491 disponitur
1054 4396 1102 4471 ibi
1128 4396 1174 4471 ad
1195 4416 1357 4491 poenam,
1382 4395 1526 4470 dicens:
1551 4402 1639 4469 tosto
1659 4396 1719 4467 cte
1743 4398 1848 4484 luopo

679 4510 704 4592 li
728 4520 765 4591 lo
789 4518 1032 4605 circonscrtoe,
1051 4515 1153 4610 idest,
1173 4517 1311 4611 relegat
1328 4515 1442 4611 ipsam
1467 4515 1629 4620 animam
1650 4514 1709 4589 vel
1731 4513 1769 4588 in
1791 4514 1849 4589 in·

679 4636 784 4711 seruo
809 4636 867 4710 vel
893 4635 930 4708 in
956 4636 1181 4731 purgatorio,
1205 4638 1242 4708 to
1262 4629 1359 4709 verti
1373 4638 1581 4729 sorntotioo,
1603 4654 1688 4729 quae
1712 4634 1847 4709 format

678 4763 715 4831 et
739 4756 924 4852 distinguit
949 4736 1056 4829 suam
1082 4754 1253 4852 speciem,
1278 4757 1410 4846 rapoto
1433 4758 1587 4846 mmroo,
1621 4760 1660 4828 et
1684 4752 1847 4847 loquitur

742 5011 769 5075 (¹)
785 5010 816 5061 E.
832 5010 873 5062 rel
889 5015 995 5072 arctata,
1011 5012 1055 5062 itu.
