4342 6692
736 875 876 932 murus
898 873 1066 941 auinaue·
1417 857 1489 929 att

315 1025 348 1097 si
371 1025 449 1099 ven
472 1024 511 1095 oi
535 1024 688 1113 mortali,
714 1021 817 1116 idest,
835 1022 1057 1116 hominibus,
1073 1041 1142 1097 con
1165 1022 1216 1112 pli
1240 1022 1347 1097 ultrei
1370 1022 1491 1110 coppi,

315 1143 462 1238 scilicet,
484 1142 589 1219 solis:
608 1144 678 1222 unc
695 1142 791 1238 dicit,
813 1144 901 1238 quu
916 1143 1121 1224 Mercurius
1137 1162 1285 1249 semper
1305 1140 1492 1217 concurrit

315 1282 403 1341 cum
429 1264 516 1358 sole,
544 1262 642 1340 unde
665 1263 787 1358 ipsum
821 1264 947 1342 ridere
978 1284 1051 1342 non
1080 1284 1299 1359 pessumum
1326 1260 1407 1337 iden
1435 1266 1492 1335 ert
1557 1272 1562 1283 ·

317 1383 424 1459 valde
448 1385 626 1481 occultus,
653 1406 860 1481 numquam
886 1386 984 1465 euim
1013 1384 1151 1465 recedit
1179 1406 1201 1459 u
1230 1382 1309 1460 sole
1333 1381 1402 1459 uisi
1427 1402 1493 1477 per

318 1524 456 1599 paucus
478 1504 628 1601 gradus.
654 1506 699 1581 Et
723 1506 781 1585 nte
805 1511 893 1586 uota
910 1508 1016 1600 bene,
1032 1506 1131 1583 boue
1151 1506 1276 1598 lector,
1294 1502 1394 1598 quod
1409 1522 1492 1577 me·

320 1623 389 1700 rito
413 1625 589 1720 sapientia
615 1624 799 1723 liguratur
823 1647 890 1722 per
915 1627 1212 1721 Picenumque
1229 1643 1375 1719 semper
1392 1622 1492 1699 bonu

320 1750 376 1821 est
400 1745 494 1821 sicot
518 1748 572 1825 sol
598 1754 654 1830 est
672 1748 835 1844 optimus
852 1748 1014 1842 planeta;
1030 1744 1273 1840 *eloquentia
1291 1764 1381 1821 vero
1393 1743 1493 1839 dgu·

321 1873 425 1946 ratur
450 1889 517 1963 per
541 1869 765 1968 Mercurium
791 1869 855 1964 qui
881 1876 937 1945 ert
963 1866 1139 1963 planeta*
1155 1860 1191 1959 (¹)
1212 1864 1367 1959 medius,
1385 1874 1423 1941 et
1441 1864 1492 1944 itu

320 1987 528 2083 eloquentia
548 2011 647 2064 nunc
663 1990 758 2065 bona
777 2011 875 2064 nunc
888 1990 1054 2085 pessima.
1069 1990 1131 2066 list
1143 1989 1241 2065 enim
1258 2007 1382 2063 sermo
1398 1986 1494 2061 deut

320 2108 460 2204 gladius
487 2108 583 2183 utilis
609 2111 643 2183 in
672 2132 785 2186 manu
805 2111 951 2206 judicis,
978 2110 1112 2184 inutilis
1144 2110 1181 2182 in
1211 2129 1324 2182 manu
1352 2107 1494 2202 praedo-

323 2228 395 2323 uis,
422 2248 545 2304 sermo
571 2231 668 2305 euim
695 2232 733 2305 in
758 2253 824 2307 ore
845 2233 1016 2327 sapientis
1033 2238 1089 2306 est
1105 2231 1199 2305 sicut
1217 2231 1415 2303 thesaurus
1431 2226 1496 2301 de-

321 2348 531 2444 siderabilis,
549 2357 586 2425 et
611 2356 737 2426 tamen
758 2352 793 2425 in
815 2359 988 2447 protervo
1008 2353 1161 2449 garrulo
1177 2350 1410 2442 damnosum,
1430 2367 1497 2422 ne-

322 2468 447 2563 quitiae
460 2470 759 2545 instrumentum.
774 2471 875 2545 Sicut
891 2492 981 2569 ergo
998 2472 1202 2547 Mercurius
1217 2491 1363 2566 semper
1382 2468 1496 2543 sociat

322 2589 450 2683 solem,
477 2592 535 2665 vel
562 2613 693 2686 parum
721 2591 858 2666 recedit
882 2592 930 2665 ab
955 2612 1012 2686 eo,
1042 2593 1092 2667 ita
1118 2591 1326 2686 eloquentia
1352 2589 1496 2684 sapien·

324 2710 423 2783 tiam.
438 2711 509 2785 lste
521 2732 612 2808 ergo
628 2712 851 2785 Iustinianus
863 2712 1088 2806 justissimus
1101 2712 1302 2807 imperator
1316 2712 1351 2784 in
1365 2710 1495 2785 deutra

324 2851 437 2905 manu
463 2824 630 2924 tenuitl²l
658 2832 792 2906 librum
819 2832 1017 2926 sapientiae,
1043 2832 1080 2906 in
1107 2854 1181 2927 quo
1212 2832 1320 2907 tradit
1351 2830 1495 2905 civilem

323 2951 548 3045 sapientiam,
567 2972 652 3044 quae
672 2958 727 3026 est
753 2972 812 3025 res
829 2952 1076 3047 sanctissima;
1095 2954 1132 3026 in
1150 2954 1293 3028 sinistra
1311 2973 1401 3029 uero
1418 2953 1497 3047 gla-

323 3071 424 3146 dium
445 3072 675 3165 eloquentiae.
694 3072 754 3146 Est
771 3072 870 3146 euim
889 3072 1072 3147 rhetorica
1092 3094 1177 3169 pars
1194 3074 1308 3148 civilis
1325 3072 1497 3163 scientiae,

325 3199 367 3265 ut
392 3199 547 3267 testatur
572 3191 782 3267 Aristoteles
808 3198 845 3265 et
870 3192 1028 3287 Tullius,
1048 3194 1106 3267 vel
1128 3194 1213 3288 quia
1234 3215 1341 3269 arma
1361 3199 1498 3268 tracta·

324 3312 375 3386 uit
401 3330 485 3407 quae
508 3311 643 3386 debent
665 3331 746 3385 esse
757 3313 886 3407 juncta
904 3333 989 3387 cum
1010 3312 1152 3408 legibus
1170 3314 1206 3387 in
1225 3332 1380 3387 romano
1399 3312 1498 3407 prin-

324 3432 414 3527 cipe.
437 3432 540 3507 Unde
556 3433 650 3507 bene
676 3432 835 3507 Tullius:
862 3432 948 3506 nihil
975 3432 1074 3508 aliud
1101 3440 1155 3508 est
1181 3434 1403 3529 eloquentia,
1432 3432 1499 3505 nisi

323 3552 470 3647 copiose
495 3553 650 3645 loquens
675 3552 862 3647 sapientia,
895 3540 943 3627 de
974 3553 1080 3627 cuius
1111 3552 1263 3628 mirabili
1297 3554 1434 3627 virtute
1463 3558 1501 3627 et

324 3672 484 3767 potentia
520 3674 636 3747 multa
670 3673 877 3748 dictasunt
905 3674 943 3747 in
973 3673 1107 3748 lulerni
1132 3674 1348 3749 cantica-
1364 3680 1498 3763 (lucsco.

325 3792 391 3866 llic
417 3792 547 3867 ultimo
576 3800 687 3867 autor
716 3799 869 3888 apparat
900 3793 1146 3869 Iustiniauum
1181 3793 1227 3868 ad
1261 3792 1499 3888 loquendum,

326 3932 544 4007 comparans
564 3916 684 4010 ipsum
702 3914 789 4009 soli3
807 3920 844 3988 et
861 3914 1079 3988 continuans
1096 3914 1191 3988 dicta
1208 3913 1379 4006 dicendis,
1396 3912 1499 3988 dicit:

331 4036 454 4120 caeso
469 4035 553 4105 dass
561 4037 597 4107 to
613 4037 732 4107 muto
748 4037 822 4107 ulla
838 4036 1000 4126 lumccra,
1020 4033 1123 4127 idest,
1146 4033 1329 4108 luminoso
1347 4032 1501 4129 spiritui,

327 4156 386 4228 cte
397 4157 485 4246 pne
500 4158 636 4227 m'ooco
647 4158 807 4248 perlato,
825 4154 984 4229 offerens
1013 4175 1066 4249 se,
1083 4157 1173 4227 mide
1189 4158 1257 4229 ello
1271 4158 1355 4249 sessi
1373 4157 1502 4228 lucente

321 4270 386 4369 pid
410 4278 507 4348 assai
530 4278 568 4349 dt
592 4278 672 4367 quet
687 4278 738 4348 clt’
755 4278 810 4348 cll
822 4296 899 4367 era,
918 4274 1004 4368 quia
1022 4274 1052 4348 si
1078 4281 1160 4349 erat
1176 4274 1294 4369 primo
1318 4273 1501 4348 luminosa

328 4395 421 4469 lacta
445 4402 502 4469 est
526 4396 743 4472 luminosior
769 4397 895 4471 volens
920 4416 1074 4471 narrare
1095 4396 1217 4471 inclita
1239 4401 1342 4492 gesta
1367 4415 1446 4489 sua,
1464 4402 1502 4470 et

326 4515 532 4588 multorum
559 4516 756 4591 illustrium
775 4536 1061 4590 romanoruma
1088 4515 1208 4608 simili,
1224 4508 1255 4588 si
1280 4536 1376 4589 come
1399 4518 1427 4589 il
1449 4520 1505 4589 sol

326 4637 386 4708 cite
409 4637 442 4707 si
464 4638 540 4709 celo
564 4640 633 4727 epti
661 4640 773 4729 stessi,
798 4635 914 4710 oculis
939 4635 1145 4731 hominurn,
1170 4656 1239 4728 per
1264 4642 1392 4729 troppo
1416 4639 1502 4729 luce,

327 4754 486 4850 propria,
504 4777 600 4831 conte
615 4760 642 4831 ’t
664 4760 767 4831 coldo
783 4759 830 4829 ltu
846 4777 941 4847 rosc,
958 4755 1061 4850 idest,
1074 4756 1310 4852 consumpsit,
1329 4760 1360 4831 le
1376 4764 1501 4851 tempe-

390 4939 632 5083 lglfiemfn
647 4945 658 4995 l
671 4944 723 4995 due
739 4943 871 4995 arterimlrl
887 4942 936 4994 nori
950 4941 1062 5007 supplite
1077 4943 1118 4993 dai
1133 4942 1220 4995 Codlcl
1236 4949 1252 4994 t
1266 4956 1282 4995 e
1298 4944 1413 4996 Balenae
