4342 6692
614 887 754 944 ciariis
779 886 971 943 Vlflfflssfl
995 885 1173 953 QULR'OEU&
1433 874 1482 950 83

305 1052 459 1131 panum
484 1032 744 1128 desideratum,
769 1054 788 1105 e
812 1035 874 1107 aot
896 1034 1085 1107 oaaronde.
1106 1032 1152 1106 nt
1172 1031 1231 1107 trio
1256 1039 1344 1109 nota
1360 1054 1482 1128 quan-

303 1157 385 1229 tum
413 1152 639 1248 comparatio
664 1158 720 1229 est
740 1152 1017 1248 ,mopriioeimaz
1045 1151 1137 1227 talea
1168 1172 1332 1247 namque
1362 1153 1483 1250 gulam

304 1279 392 1349 suat
417 1272 553 1349 similes
570 1271 768 1367 infantulis,
787 1272 850 1367 qui
868 1276 1076 1367 sequuntur
1097 1289 1244 1366 semper
1259 1272 1481 1369 passionem,

304 1398 342 1467 et
370 1399 551 1488 appetunt
582 1391 755 1487 quioquid
787 1392 910 1467 rident
939 1391 986 1467 de
1019 1410 1128 1484 novo,
1158 1396 1196 1465 et
1224 1412 1323 1489 saepe
1352 1392 1482 1469 uolunt

307 1513 505 1589 comodere
521 1520 559 1589 et
575 1513 712 1589 bibere.
731 1512 821 1587 Etsi
839 1519 998 1609 negatur
1012 1503 1049 1604 (¹)
1067 1509 1121 1585 eis
1140 1511 1239 1606 quod
1256 1501 1480 1608 apponantt')

307 1634 430 1712 statim
457 1634 683 1727 cruciantur,
703 1632 779 1709 imo
804 1632 975 1709 ridentur
999 1631 1173 1707 suffocari
1198 1638 1237 1707 ot
1260 1633 1356 1707 mori
1377 1654 1485 1711 mora

308 1755 576 1852 praegnantium
603 1753 802 1829 mulierum
815 1776 825 1848 ;
838 1752 925 1829 ideo
942 1752 1001 1827 hir
1023 1752 1114 1827 tales
1134 1751 1263 1827 molles
1282 1753 1484 1848 iustissime

294 1882 527 1971 ,pungantur
549 1874 641 1969 'quia
672 1872 796 1949 vident
825 1893 950 1948 noram
986 1870 1101 1947 oculis
1133 1870 1327 1966 pendentia
1361 1893 1483 1969 poma,

308 2014 378 2071 me
409 1995 532 2073 vatent
562 1994 743 2091 attingere
772 1994 844 2088 ilia,
868 2014 914 2069 ex
947 2013 1023 2087 qno
1052 1992 1170 2089 inagis
1199 1992 1330 2067 crescit
1362 2014 1482 2088 poena.

309 2116 352 2191 Et
378 2116 494 2213 tangit
520 2135 706 2191 recemum
723 2134 856 2191 eorum
874 2113 1013 2189 dicens:
1031 2115 1095 2207 poi
1118 2107 1280 2205 sipard,
1297 2113 1358 2189 itta
1377 2134 1480 2211 gens,

309 2229 340 2311 ri
364 2258 461 2313 nome
478 2238 676 2327 ,adnodato
694 2234 796 2328 idest,
810 2234 950 2329 sedata,
968 2232 1073 2328 quasi
1093 2232 1201 2327 dieat,
1216 2231 1366 2331 fatigata
1384 2232 1484 2328 quod

312 2358 394 2453 plus
411 2378 486 2432 non
502 2362 657 2452 poterat,
671 2354 758 2451 qnia
771 2354 860 2429 nihii
872 2354 1196 2429 lucrabatur-E
1209 2355 1280 2427 noi.
1294 2353 1359 2429 Hic
1375 2359 1485 2449 ponta

311 2478 428 2575 mugit
452 2498 643 2553 aceessum
669 2496 780 2551 suum
806 2474 855 2549 ad
877 2476 1050 2551 arborem
1073 2480 1162 2568 ‚post
1190 2494 1378 2549 recessum
1402 2475 1484 2552 iila·

312 2613 398 2673 rum
424 2598 648 2690 animarum,
665 2602 704 2671 et
727 2593 1013 2671 admonitionem
1035 2592 1170 2669 noum
1187 2592 1254 2666 sibi
1272 2594 1320 2669 ab
1336 2594 1483 2690 arbore,

310 2718 454 2795 dinem:
480 2738 499 2791 e
520 2720 585 2791 noi
606 2718 779 2791 uerdmmo
804 2718 843 2789 αἱ
864 2716 1003 2806 {arande
1022 2716 1156 2807 arom,
1177 2712 1373 2789 rubenius
1398 2736 1485 2789 um·

311 2839 380 2915 bra
407 2845 559 2914 manent
583 2836 721 2913 infinita
738 2835 850 2910 millia
870 2836 1109 2931 gulosorum3
1126 2836 1264 2927 werno,
1289 2836 1390 2930 idest,
1409 2842 1485 2914 sta-

312 2958 391 3053 tim,
425 2958 472 3033 ad
496 2958 682 3051 arborem,
707 2955 807 3033 dico:
834 2958 893 3029 ote
923 2958 1009 3029 tanti
1033 2955 1174 3047 patrois·
1202 2976 1222 3026 e
1253 2957 1404 3046 mame
1430 2958 1486 3029 n·-

313 3080 415 3171 finio,
435 3078 521 3171 quia
538 3100 612 3153 non
629 3076 779 3153 exaudit
795 3075 877 3151 illos
893 3081 1066 3171 rogantes
1080 3094 1167 3149 curn
1185 3080 1286 3149 tanta
1301 3075 1485 3171 auiditate,

313 3202 356 3273 ut
375 3197 454 3292 jam
481 3197 618 3272 dictum
644 3203 711 3273 est.
736 3196 782 3271 nt
806 3193 926 3269 subdit
951 3214 1081 3269 rocem
1111 3192 1320 3269 venientem
1349 3196 1397 3271 ab
1422 3217 1486 3272 ar·

311 3316 415 3411 hore,
441 3338 525 3412 quae
550 3318 711 3415 dicebat:
738 3321 936 3410 trapoaaote
960 3318 1048 3389 ottre
1081 3335 1191 3388 senza
1220 3318 1321 3410 sarai
1345 3338 1484 3410 praem,

311 3437 457 3533 seilicet,
484 3458 598 3534 propa
623 3438 795 3513 arborem
826 3456 1021 3533 magnam:
1048 3442 1085 3511 ot
1114 3436 1197 3511 ride
1228 3436 1385 3530 qualiter
1410 3457 1484 3512 vox

311 3556 379 3635 ista
405 3563 582 3633 consonat
605 3578 692 3633 oum
714 3578 806 3632 voce
831 3555 960 3651 primae
984 3555 1147 3649 arboris3
1173 3555 1233 3629 ilia
1258 3554 1357 3629 enim
1374 3556 1484 3631 dixit:

312 3677 359 3753 de
383 3679 455 3753 hoo
480 3679 552 3755 cito
577 3676 755 3758 habebitis
780 3676 984 3769 caristiam3
1006 3674 1075 3749 ista
1100 3696 1190 3751 voro
1207 3676 1311 3751 dicit:
1331 3696 1405 3753 non
1422 3698 1488 3774 ap-

313 3798 565 3894 propinquetis
580 3789 616 3891 (³)
643 3798 690 3875 ad
715 3818 880 3893 pomum,
902 3795 1116 3891 pestiferum
1144 3794 1243 3871 enim
1261 3803 1318 3871 est
1333 3804 1486 3895 gustan-

313 3917 431 4013 tibus3
458 3918 540 3995 ideo
564 3920 680 4017 tangit
704 3919 877 3996 continuo
903 3916 1083 4015 originem
1104 3916 1197 4013 eiua,
1214 3916 1357 3993 diosus:
1384 3922 1487 4011 lemno

314 4034 336 4113 e*
348 4034 417 4131 nid
440 4060 495 4131 an,
522 4039 560 4113 in
584 4038 798 4116 summitate
822 4037 967 4133 montis,
993 4044 1036 4113 ut
1059 4036 1197 4133 patebit
1221 4058 1290 4113 sno
1315 4038 1407 4132 tono,
1427 4041 1488 4113 cte

311 4161 353 4252 sn
377 4178 498 4233 morso
523 4161 572 4233 da
596 4165 686 4253 Eva,
719 4178 805 4253 quae
829 4156 1036 4253 degustavit
1066 4156 1114 4233 de
1146 4176 1257 4251 pomo
1287 4158 1400 4232 vetito
1424 4178 1488 4232 ar·

314 4278 415 4353 horis
439 4278 600 4355 scientiae
620 4270 710 4353 boni
744 4284 781 4353 ot
806 4277 904 4371 mali,
930 4298 949 4351 e
974 4282 1093 4369 quarm
1122 4279 1248 4369 ptam
1277 4280 1311 4349 ni
1338 4270 1413 4351 tend
1437 4279 1489 4351 do

314 4418 404 4489 ensa
429 4398 575 4494 scilieet,
600 4398 709 4495 ligno.
736 4398 835 4473 Bene
859 4396 956 4492 dicit,
974 4396 1060 4490 quia
1076 4386 1114 4489 (⁴)
1133 4396 1171 4472 in
1189 4395 1309 4492 primo
1330 4401 1416 4471 nata
1432 4402 1489 4473 eat

312 4518 413 4615 gula,
431 4518 535 4612 quasi
548 4518 644 4593 dicat
657 4519 785 4597 tacite:
803 4516 934 4612 vitatis,
952 4516 1089 4612 miseri,
1107 4517 1239 4592 vitium
1255 4517 1364 4613 gula,
1386 4515 1488 4611 quod

313 4637 383 4713 tuit
407 4638 623 4734 principium
649 4638 893 4715 damnationis
909 4635 1061 4712 humani
1083 4638 1241 4735 generis,
1258 4637 1343 4711 licet
1357 4643 1487 4734 gusta·

315 4758 365 4833 tio
390 4759 489 4853 pomi
514 4760 662 4855 proprie
687 4779 761 4835 non
787 4757 896 4833 tuerit
922 4778 1045 4851 caune,
1072 4763 1115 4831 ut
1138 4756 1225 4831 dicit
1254 4756 1332 4852 ipse
1358 4756 1488 4852 Adam,

378 4946 405 5007 τ’)
424 4945 452 4997 a
468 4958 483 4995 ο
500 4946 698 5011 umens.
986 4943 1014 5005 (ἢ
1031 4949 1086 5004 ¹1⁷.
1103 4948 1202 5007 munt

378 5022 749 5087 (damnemur-sn.
987 5019 1299 5085 ostentantem.
