4342 6692
766 932 903 990 CANTUS
928 935 1071 990 SEXTUS·
1149 935 1154 942 “
1435 926 1505 992 Μ

332 1079 393 1175 cil,
405 1079 549 1155 dicens:
565 1079 666 1153 velut
679 1098 832 1154 romana
846 1081 980 1157 mulier
993 1081 1110 1156 laudis
1126 1081 1233 1159 avida
1251 1084 1369 1158 voluit
1383 1091 1507 1160 osten·

332 1200 422 1276 dere
447 1197 655 1274 bominibus
680 1217 828 1294 poenam
854 1200 891 1274 in
916 1207 1060 1296 testem,
1086 1202 1221 1297 quibus
1247 1204 1507 1280 conscientiam

332 1320 527 1398 ostendere
552 1340 625 1395 non
652 1324 805 1414 poterat.
832 1319 903 1396 Sed
928 1328 1031 1396 certe
1062 1322 1190 1396 nobilis
1219 1321 1274 1398 ira
1300 1329 1338 1398 et
1352 1317 1390 1417 (¹)
1417 1326 1508 1400 indi-

333 1442 458 1540 gnatio
483 1440 595 1515 animi
621 1439 689 1514 luit
714 1438 749 1514 in
776 1441 842 1515 ista
870 1443 979 1517 nobili
999 1464 1164 1520 romana.
1186 1445 1230 1518 Et
1246 1444 1350 1520 dicit:
1370 1449 1409 1519 in
1427 1453 1509 1520 setta

333 1566 421 1655 rapi.
447 1563 493 1636 Et
517 1561 576 1636 bic
598 1567 683 1635 nota
701 1561 799 1655 quod
816 1568 926 1637 autor
942 1563 1037 1638 mira
1055 1564 1236 1640 brevitate
1251 1567 1509 1662 complectitur

334 1681 533 1780 primordia
558 1683 687 1757 Romae
711 1687 749 1758 et
774 1689 941 1780 tempora
968 1705 1113 1781 regum,
1131 1685 1202 1760 sub
1227 1686 1362 1781 quibus
1387 1686 1508 1782 primo

334 1804 540 1901 gubernata
566 1809 638 1896 est3
669 1803 825 1898 populus
857 1803 955 1878 enim
989 1824 1166 1879 romanus
1198 1826 1286 1880 cum
1311 1815 1453 1884 secreta
1470 1800 1508 1900 (³)

335 1924 561 2022 providentia
578 1924 731 2000 deberet
748 1924 844 2000 ellici
865 1924 1031 2022 gentium
1053 1924 1237 2020 dominus,
1256 1926 1305 2000 ab
1323 1926 1425 2002 initio
1443 1928 1509 2003 ba·

336 2045 415 2119 buit
439 2065 547 2142 reges
571 2044 617 2119 ad
643 2043 865 2121 fundandam
893 2051 1030 2120 tantam
1058 2046 1202 2121 urbem.
1228 2047 1321 2122 Nam
1347 2049 1507 2124 liornulo

336 2165 423 2240 nibil
447 2166 636 2242 ardentius
660 2167 729 2242 sub
755 2187 831 2262 quo
857 2166 992 2262 populo
1017 2165 1136 2239 induit
1159 2166 1364 2242 audaciam.
1383 2171 1505 2243 Numa
1648 2191 1651 2196 ·

194 2371 195 2376 Ν
335 2286 449 2362 saeris
467 2287 628 2363 intentus
648 2288 727 2383 luit,
741 2289 811 2362 sub
828 2308 903 2383 quo
921 2287 1078 2382 populus
1096 2287 1213 2360 lactus
1232 2292 1288 2361 est
1304 2288 1509 2385 religiosus,

336 2407 501 2506 mitigato
527 2408 655 2484 lurore
679 2409 873 2483 bellorum.
895 2409 1022 2483 'lullus
1041 2406 1213 2483 Hostilius
1239 2408 1291 2483 rei
1308 2399 1345 2500 (³)
1370 2410 1511 2485 bellicae

335 2527 511 2626 magister
537 2537 574 2604 et
598 2528 799 2624 ordinator,
825 2530 893 2604 sub
919 2550 995 2625 quo
1021 2530 1178 2625 populus
1203 2529 1426 2625 disciplinam
1455 2532 1508 2608 rei

337 2649 503 2724 militaris
528 2651 660 2744 didicit,
686 2651 785 2726 acuit
810 2671 901 2747 ergo
926 2650 1102 2725 virtutem
1130 2649 1348 2724 fortitudinis
1379 2658 1507 2726 contra

335 2769 495 2868 pericula
525 2772 651 2846 mortis
673 2792 740 2867 pro
766 2770 962 2866 republica.
990 2771 1112 2846 Ancus
1139 2770 1269 2844 urbem
1288 2769 1400 2844 cinxit
1422 2791 1506 2844 mu-

336 2891 398 2986 ris,
415 2892 501 2987 quia
519 2893 676 2988 populus
702 2898 805 2966 tutus
830 2910 911 2966 esse
937 2910 1008 2964 non
1026 2897 1170 2985 poterat
1187 2898 1315 2965 contra
1342 2896 1395 2966 tot
1419 2890 1509 2965 rici-

336 3031 402 3088 nos
435 3019 600 3108 potcntes
632 3011 796 3085 inimicos
823 3010 983 3085 inlestos.
1009 3009 1230 3104 Tarquinius
1260 3010 1406 3084 Priscus
1438 3031 1505 3106 per

334 3138 521 3228 assumpta
553 3131 786 3207 coordinata
820 3135 1037 3204 ornamenta
1069 3151 1241 3226 magnam
1274 3131 1409 3226 populo
1440 3131 1508 3206 tri·

335 3252 414 3327 buit
428 3240 466 3347 (⁸)
482 3251 707 3349 dignitatem.
728 3251 878 3326 servius
893 3272 1046 3326 censum
1070 3251 1219 3346 invenit,
1239 3259 1281 3326 ut
1301 3254 1506 3348 respublica

334 3379 573 3472 cognosceret
590 3370 798 3466 suasuros,
819 3378 857 3446 et
873 3371 1025 3466 provide
1041 3371 1224 3448 ordinavit
1240 3379 1283 3446 ut
1302 3374 1444 3448 romani
1462 3373 1510 3448 de

334 3495 479 3591 publico
505 3493 713 3567 militarent.
740 3491 875 3566 Ultimo
900 3490 1120 3584 Tarquinius
1137 3494 1321 3588 superbus
1336 3515 1404 3569 sua
1422 3514 1509 3569 cru·

333 3616 405 3692 deli
432 3615 623 3712 tyrannide
648 3613 734 3689 lecit
759 3619 799 3687 ut
823 3613 982 3708 populus
1007 3613 1214 3710 exagitatus
1239 3613 1380 3689 iniuriis
1406 3636 1510 3690 surn-

333 3758 437 3810 mum
465 3737 604 3810 bonum
631 3732 807 3809 libertatis
833 3731 1052 3826 acquireret.
1079 3733 1125 3806 Et
1155 3740 1197 3806 ut
1226 3734 1376 3809 brevius
1406 3735 1511 3810 colli-

334 3877 439 3952 gam:
455 3853 801 3950 romanuspopulus
817 3853 887 3926 sub
907 3851 1066 3926 Romulo
1084 3853 1203 3927 lactus
1222 3861 1278 3928 est
1296 3855 1507 3949 bellicosus}

334 3978 404 4052 sub
417 3978 536 4051 Numa
550 3975 761 4072 religiosus;
775 3974 845 4048 sub
861 3973 966 4047 Tullo
984 3980 1170 4067 armatus3
1183 3974 1254 4048 sub
1269 3974 1370 4049 Anco
1388 3981 1509 4068 tutus;

333 4099 405 4173 sub
421 4097 544 4172 Prisco
569 4102 740 4189 ornatus3
762 4095 831 4168 sub
848 4093 976 4169 Servio
997 4095 1228 4190 praemialus3
1246 4096 1317 4170 sub
1338 4095 1507 4191 Superbo

334 4219 530 4310 liberatus3
565 4223 602 4292 et
638 4221 888 4313 regnaverunt
927 4233 1033 4312 reges
1065 4214 1232 4290 ducentis
1265 4216 1507 4313 quadraginta

335 4337 452 4413 tribus
479 4337 593 4412 annis.
625 4337 668 4410 Et
698 4336 807 4411 dicit:
838 4337 1005 4409 mosomo
1029 4337 1172 4409 intorno
1201 4339 1233 4410 le
1261 4341 1355 4428 porti
1383 4341 1505 4433 mnne,

334 4457 428 4532 deut
452 4458 605 4553 populos
631 4457 761 4531 latinos
785 4455 850 4551 qui
876 4457 1026 4530 luerunt
1051 4455 1168 4529 multi.
1187 4455 1290 4530 Unde
1306 4457 1423 4532 Roma
1441 4456 1509 4531 luit

333 4577 371 4650 in
388 4577 507 4669 Latio;
529 4584 567 4652 et
593 4577 642 4652 ita
661 4576 890 4668 Veientanos,
908 4594 1069 4668 quorum
1093 4575 1221 4650 civitas
1241 4575 1310 4650 luit
1329 4577 1509 4652 llorentis-

333 4699 425 4772 sima
450 4696 487 4771 in
512 4697 670 4772 confinio
690 4695 842 4788 Tusciae,
864 4695 973 4791 longe
992 4695 1040 4770 ab
1059 4695 1153 4770 urbe
1177 4717 1243 4792 per
1268 4697 1396 4772 decern
1423 4705 1507 4774 octo

333 4817 513 4912 milliaria,
539 4838 652 4912 quam
680 4823 804 4912 postea
831 4815 1006 4890 Camillus
1037 4815 1133 4909 cepit
1157 4824 1239 4910 post
1266 4815 1506 4892 decennalem

335 4953 412 4965 —
641 4955 830 4963 ——--—-.
836 4955 902 4961 .--—

395 5004 425 5067 l')
442 5005 472 5055 li.
487 5008 513 5055 et
530 5003 623 5055 nobilis
638 5004 785 5068 indignatio.
958 5002 986 5064 (Ἴ
1003 5001 1033 5053 lt.
1049 5008 1150 5054 merula
1166 5003 1214 5055 liei
1231 5004 1398 5068 providentia.

396 5079 425 5144 (⁸)
440 5085 464 5143 t,
479 5080 518 5131 rel
532 5080 649 5145 publice.
961 5078 988 5142 i'i
1004 5083 1027 5141 ὅ»
1043 5079 1165 5132 obtinuit.
