4342 6692
689 906 760 971 212
1052 916 1256 972 consutum
1280 917 1500 972 nunentonn

689 1082 894 1156 numquam
927 1060 1014 1135 vise
1045 1061 1166 1136 subito
1199 1061 1248 1136 ita
1278 1070 1474 1157 caperetur
1504 1068 1541 1137 et
1565 1063 1762 1161 ligaretur:
1789 1066 1858 1140 ista

549 1260 556 1273 ‚
688 1201 781 1278 ergo
797 1180 949 1255 scintilla
967 1181 1104 1256 amoris
1126 1202 1225 1256 nnnc
1241 1182 1439 1256 commovit
1457 1190 1619 1259 mentem
1641 1186 1731 1280 eius,
1749 1207 1857 1260 senza

688 1321 777 1375 over
797 1296 860 1394 pit)
884 1304 1134 1392 coquoscenzio
1159 1304 1252 1392 depli
1275 1304 1383 1393 odolei,
1404 1301 1506 1397 idest,
1524 1305 1693 1397 quamvis
1713 1326 1786 1379 non
1804 1305 1858 1380 vi·-

682 1422 816 1497 ·derem
834 1421 948 1517 ipsam
967 1422 1123 1495 ulterius
1149 1421 1186 1493 in
1212 1421 1288 1495 suis
1304 1422 1419 1495 oculis
1437 1422 1660 1498 radiantibus
1677 1424 1746 1499 sub
1763 1425 1857 1519 velo,

689 1542 739 1617 ita
765 1540 864 1636 quod
890 1540 1103 1615 recordatus
1124 1562 1208 1614 snm
1226 1540 1421 1615 oculorum
1439 1542 1586 1615 illorum
1605 1564 1797 1641 vagorum.
1809 1584 1859 1599 -

693 1668 806 1736 rosto.
832 1661 897 1735 Hic
921 1667 1029 1755 poeta
1054 1659 1210 1736 ostendit
1232 1662 1389 1755 qualiter
1406 1663 1544 1757 positus
1561 1663 1597 1737 in
1615 1685 1749 1762 magna
1767 1686 1857 1761 ago-

688 1782 749 1857 nia
761 1780 920 1856 recurrit
932 1781 980 1856 ad
989 1780 1192 1877 Virgilium,
1206 1780 1300 1856 sient
1312 1802 1458 1877 semper
1470 1778 1707 1877 solebatl¹lin
1721 1785 1856 1881 arduis,

687 1925 753 1999 per
778 1902 1089 1997 comparationem
1116 1901 1221 1977 valde
1246 1903 1405 1997 claram3
1436 1902 1533 1979 unde
1566 1926 1633 1999 pro
1665 1906 1857 1981 continna-

688 2025 787 2099 tione
811 2028 979 2117 repetens
1000 2021 1098 2116 qnod
1119 2022 1272 2116 dixerat
1298 2022 1406 2097 dicit:
1437 2028 1539 2098 Toeto
1556 2028 1614 2099 cte
1634 2028 1735 2100 t'olto
1750 2021 1858 2118 vuol,

687 2146 790 2239 idest,
816 2165 929 2237 quam
955 2142 1026 2217 cito
1050 2141 1211 2237 potentia
1227 2143 1375 2238 amoris,
1397 2165 1510 2238 quam
1531 2145 1611 2240 jam
1635 2148 1777 2221 vocavit
1793 2167 1858 2221 oc·

687 2268 837 2359 cultam,
855 2268 914 2338 cite
936 2254 998 2355 qid
1022 2265 1068 2336 rn'
1081 2284 1171 2336 aveo
1201 2266 1342 2356 tropitto,
1367 2264 1468 2359 idest,
1500 2286 1584 2359 quae
1613 2266 1699 2340 olim
1727 2267 1857 2341 vnlne-

690 2391 837 2461 raverat
853 2404 915 2458 me
932 2382 1006 2457 suis
1032 2383 1112 2458 telis
1137 2384 1273 2478 aureis,
1290 2387 1411 2477 prima
1426 2387 1477 2457 ot'
1489 2388 1524 2457 io
1543 2389 1684 2479 soordi
1696 2389 1858 2479 pomata

684 2512 791 2603 fosse,
820 2504 925 2599 quasi
950 2504 1057 2598 dicat,
1081 2504 1170 2578 dum
1204 2524 1323 2579 essem
1347 2503 1468 2579 adhuc
1493 2526 1598 2600 puer,
1627 2508 1676 2579 mi
1695 2527 1858 2600 percorse

687 2629 779 2700 netto
805 2628 906 2716 outo,
932 2624 1034 2718 idest
1059 2624 1096 2697 in
1123 2614 1313 2719 oculos(¹)‚
1332 2624 1368 2698 in
1391 2624 1524 2718 quibus
1540 2624 1663 2719 incipit
1681 2626 1735 2701 ris
1751 2646 1857 2699 amo·

688 2746 748 2840 ris,
776 2752 864 2819 tuno
889 2744 1022 2837 statim,
1049 2747 1185 2817 cotrimr'
1206 2747 1281 2819 otto
1302 2748 1459 2836 monto,
1476 2744 1539 2818 ubi
1562 2746 1756 2820 credebam
1774 2746 1856 2819 Vir-

686 2866 814 2963 gilium
841 2886 931 2958 esse
957 2866 1014 2937 cot
1034 2867 1185 2957 rispitto,
1210 2864 1313 2957 idest,
1336 2870 1515 2960 respectu,
1542 2868 1598 2938 cot
1619 2868 1704 2957 qual
1726 2868 1753 2939 it
1773 2869 1856 2959 sorr-

687 2991 771 3061 totio
801 3007 905 3060 corre
936 2988 1009 3059 otto
1040 3005 1208 3076 mommo,
1240 2984 1342 3079 idest,
1373 2992 1532 3059 matrem
1565 2985 1623 3059 vel
1655 2986 1853 3079 nutricem;

686 3108 828 3199 quondo
852 3108 899 3177 to
920 3126 1053 3199 paura,
1079 3126 1101 3176 o
1127 3107 1269 3196 quondo
1298 3108 1367 3195 epo·
1399 3102 1419 3178 e*
1446 3108 1578 3198 offlttto,
1610 3104 1753 3199 scilicet,
1784 3104 1854 3178 alia

686 3226 864 3321 passione,
890 3226 984 3299 siout
1008 3245 1138 3299 amore
1162 3224 1317 3299 alicuius
1348 3224 1413 3316 rei,
1437 3246 1502 3316 per
1527 3227 1668 3298 dicero
1692 3227 1855 3315 Virpttr'o:

686 3348 837 3421 menete
850 3348 1029 3437 drommo,
1041 3344 1145 3439 quasi
1159 3345 1266 3440 dicat,
1278 3345 1555 3437 minimum3est
1568 3343 1666 3418 enim
1679 3344 1853 3419 drachma

686 3467 840 3562 parvula
865 3486 950 3559 pars
979 3464 1159 3560 ponderis,
1186 3486 1261 3559 quo
1295 3464 1474 3539 vocabulo
1506 3465 1663 3538 multum
1699 3469 1854 3537 utuntur

686 3586 830 3679 medici,
854 3587 893 3658 di
916 3605 1049 3675 conque
1073 3580 1153 3658 m'e*
1175 3588 1323 3676 rimosa,
1345 3588 1404 3658 cte
1422 3606 1495 3659 non
1512 3588 1624 3678 tremi,
1646 3585 1731 3678 quia
1748 3603 1854 3657 amor

686 3705 824 3781 inducit
849 3704 1031 3797 timorem,
1050 3711 1087 3777 et
1114 3703 1222 3778 timor
1241 3711 1462 3799 tremorem;
1479 3704 1578 3779 nude
1594 3703 1690 3798 dicit,
1707 3723 1854 3776 conorco

685 3830 821 3918 iseqni
848 3828 926 3899 datt’
939 3828 1056 3898 cotto
1084 3827 1244 3917 flammo,
1270 3826 1415 3919 scilicet,
1444 3824 1601 3898 amoris:
1628 3825 1697 3899 lroc
1712 3830 1852 3913 ‚autem

685 3947 771 4022 dicit
796 3946 965 4042 Virgilius
990 3944 1036 4019 de
1060 3944 1210 4039 Didone,
1227 3944 1330 4038 qnasi
1356 3943 1451 4019 dieat
1477 3944 1584 4019 tacite
1609 3944 1753 4037 Dentes,
1780 3964 1853 4016 non

685 4068 735 4142 ita
761 4066 851 4141 llido
876 4065 965 4139 arsit
989 4084 1119 4139 amore
1143 4062 1263 4138 subito
1290 4064 1368 4137 viso
1387 4064 1497 4138 Enea.
1511 4104 1560 4117 -
1574 4068 1646 4137 llo.
1664 4062 1729 4136 llic
1746 4069 1851 4157 poeta

685 4186 841 4261 ostendit
865 4205 975 4259 sunm
993 4182 1178 4279 retugium
1197 4182 1308 4257 inisse
1326 4203 1475 4276 vanum,
1494 4182 1580 4277 quia
1602 4181 1770 4278 Virgilius
1793 4201 1854 4255 re-

685 4313 855 4399 cesserat,
881 4306 1027 4399 dequo
1053 4305 1212 4377 multum
1245 4303 1485 4397 conqueritur
1514 4309 1551 4377 et
1581 4303 1688 4377 dolet.
1721 4303 1764 4375 Et
1796 4302 1855 4377 iric

685 4427 837 4503 adverte
853 4426 951 4519 quod
973 4426 1077 4499 multi
1097 4426 1279 4498 mirantur
1295 4423 1341 4498 de
1357 4444 1402 4499 eo
1419 4423 1518 4517 quod
1538 4424 1671 4499 llantes
1687 4423 1736 4497 ita
1755 4422 1853 4497 nude

686 4549 802 4645 tangit
828 4567 1014 4623 recessum
1040 4544 1178 4642 Virgilii
1203 4565 1226 4619 a
1251 4566 1291 4619 se
1316 4544 1415 4638 quod
1442 4564 1514 4618 non
1532 4542 1730 4639 perpendit,
1753 4542 1849 4636 quod

687 4689 760 4744 non
784 4667 873 4742 dixit
898 4667 991 4761 vale,
1017 4666 1093 4741 imo
1120 4684 1187 4739 nec
1217 4664 1300 4739 lecit
1330 4664 1508 4758 verbum3
1534 4663 1596 4737 sed
1620 4668 1722 4737 certe
1746 4668 1850 4757 poeta

688 4794 811 4863 noster
835 4790 904 4861 lroc
930 4809 1002 4860 oon
1034 4786 1136 4883 lingit
1166 4785 1245 4859 sine
1278 4784 1476 4859 ministerio
1506 4803 1660 4879 magno:
1687 4802 1752 4876 per
1782 4782 1851 4857 hoc

751 5049 915 5111 fflssfflw
1164 5046 1387 5111 fflEmmm
