4342 6692
618 907 757 964 CANTUS
782 910 975 967 moestitiis
999 912 1182 967 susumus.
1416 901 1485 967 155

313 1052 412 1128 cium
431 1072 554 1145 suum,
579 1052 722 1129 diceus:
749 1075 768 1128 c
793 1077 838 1129 oo
862 1060 1032 1131 mouendo
1053 1060 1196 1131 adorno
1217 1058 1346 1133 lebelle
1362 1061 1483 1152 rnuai,·

311 1174 384 1249 froc
409 1192 542 1248 verum
575 1182 632 1249 est
661 1174 844 1270 historice,
870 1176 958 1271 quia
987 1196 1078 1253 rere
1110 1178 1286 1252 diethildis
1316 1178 1483 1253 exercuit

314 1312 447 1369 manus
478 1314 567 1369 suas
599 1294 637 1368 in
667 1294 741 1371 vita
774 1317 880 1371 arma
915 1297 1116 1391 tractando,
1149 1297 1243 1373 dona
1282 1298 1417 1390 dando,
1449 1303 1487 1373 et

312 1413 437 1488 omnia
462 1434 574 1508 opera
602 1414 794 1511 magnifica
820 1416 995 1512 faciendo,
1013 1439 1037 1489 a
1052 1420 1165 1511 sormi
1183 1438 1255 1491 ono
1280 1420 1486 1509 qlirlondo,

311 1533 461 1629 scilicet,
474 1534 612 1609 minam
628 1542 667 1609 et
682 1536 852 1633 gloriam,
865 1557 979 1630 quam
995 1537 1062 1611 sibi
1081 1538 1165 1612 fecit
1181 1537 1299 1633 primo
1317 1538 1354 1611 iu
1373 1544 1483 1632 terra,

310 1652 443 1727 deiude
467 1653 505 1726 iu
529 1653 634 1728 coefo.
662 1654 704 1728 lit
730 1656 852 1729 subdit
876 1656 1071 1751 premium
1098 1658 1154 1731 sui
1180 1657 1325 1751 laboris,
1343 1658 1484 1732 dicens:

311 1796 332 1847 e
356 1776 416 1866 qui
439 1777 486 1847 m'
497 1778 651 1866 adorno,
669 1774 746 1851 istis
769 1776 932 1872 duribus,
947 1799 1013 1869 per
1025 1780 1197 1870 pincerni
1221 1780 1294 1851 ullo
1316 1782 1483 1871 spcccdio,

312 1894 416 1990 idest,
446 1894 534 1989 Deo,
565 1894 602 1969 in
630 1915 706 1990 quo
739 1903 929 1991 tamquam
959 1897 996 1971 in
1026 1899 1176 1994 speculo
1208 1898 1349 1972 relucet
1372 1918 1485 1972 omne
1517 1912 1519 1917 ·

311 2021 500 2109 creatum;
526 2016 631 2110 quasi
657 2016 770 2091 dicat:
789 2018 848 2094 hie
868 2018 961 2093 facio
977 2038 1090 2113 opera
1110 2018 1269 2092 virtuosa
1293 2025 1332 2091 ut
1349 2018 1480 2112 possim

312 2135 507 2228 pervenire
531 2134 578 2209 ad
607 2143 814 2212 creatorem
847 2138 1181 2234 contemplandum,
1213 2156 1325 2232 quem
1359 2142 1483 2211 umen

310 2274 417 2329 soror
451 2276 535 2331 mea
567 2276 630 2331 me
663 2256 801 2331 felicior
826 2258 906 2353 jam
942 2258 1221 2353 contemplatur.
1253 2256 1355 2331 Unde
1379 2257 1482 2331 dicit:

311 2397 371 2449 mo
395 2380 472 2451 mio·
491 2398 579 2450 soro
595 2380 755 2467 amieo,
772 2377 980 2471 formosior,
992 2381 1071 2453 ‚mai
1085 2398 1159 2451 non
1174 2380 1206 2451 si
1220 2398 1361 2468 smcpc,
1378 2378 1481 2470 idest,

310 2496 550 2591 disturbatur,
576 2499 640 2572 dul
660 2519 725 2571 suo
750 2502 929 2590 miroqlio,
955 2498 1058 2595 idest,
1074 2500 1236 2595 speculo,
1254 2520 1273 2571 e
1291 2501 1384 2572 ricdc
1399 2505 1482 2571 diuo

310 2618 452 2709 pomo,
479 2618 581 2711 idest,
606 2616 761 2711 quiescit
785 2618 823 2691 in
847 2618 1107 2713 speculatione,
1138 2617 1200 2691 ubi
1230 2638 1300 2714 ego
1332 2618 1482 2692 ambulo

311 2741 349 2811 et
373 2757 507 2811 manus
532 2756 710 2831 exerce03
735 2737 835 2811 uude
858 2738 1048 2813 declarans
1072 2758 1113 2813 se
1138 2738 1238 2812 dicit:
1265 2740 1392 2829 quella,
1412 2738 1483 2811 sci-

311 2856 406 2952 licet,
431 2857 579 2951 Rachel,
603 2849 625 2930 e*
646 2878 741 2948 copo
757 2860 795 2930 di
811 2860 916 2930 ceder
939 2861 953 2930 i
975 2861 1053 2930 suoi
1071 2859 1161 2947 oepit
1177 2859 1284 2949 omli,
1306 2857 1410 2950 quasi
1428 2856 1483 2930 di-

310 2984 391 3051 cat:
417 2978 621 3053 delectatur
650 2978 688 3051 in
718 2977 964 3072 speculatione
994 2985 1032 3052 et
1062 2976 1368 3071 contemplatione
1394 2976 1481 3065 llei3

311 3096 410 3171 unde
439 3096 645 3171 concludit:
671 3100 707 3169 lo
730 3099 866 3186 nederc,
891 3096 995 3190 idest,
1027 3095 1220 3191 speculari,
1253 3116 1396 3188 nppopa
1425 3099 1482 3187 lei,

310 3215 413 3310 idest,
431 3216 571 3309 quietat
595 3217 792 3291 Racholem
817 3236 984 3290 sororem
1008 3236 1142 3308 meam,
1162 3238 1180 3288 c
1198 3218 1356 3308 l'opror,
1375 3215 1478 3307 idest,

310 3356 436 3433 agere,
462 3358 607 3429 appopo
629 3357 696 3427 mc,
711 3336 860 3431 scilicet,
884 3337 1009 3431 Lyam,
1036 3356 1121 3431 quae
1146 3341 1202 3412 est
1226 3336 1413 3429 Mathildis,
1440 3342 1481 3408 ut

310 3455 448 3552 patebit
472 3456 510 3530 in
535 3476 720 3552 processu.
1392 3538 1395 3544 ,

383 3585 416 3653 Ε
436 3569 499 3670 piri
513 3600 582 3671 per
606 3581 632 3651 li
654 3580 844 3671 splendori.
863 3579 934 3650 lsta
954 3582 1010 3651 est
1029 3583 1159 3670 quarta
1182 3584 1220 3651 et
1240 3575 1367 3650 ultima
1384 3592 1480 3669 pars,

309 3698 347 3773 in
377 3718 452 3794 qua
481 3704 588 3793 poeta
620 3704 744 3772 noster
772 3695 928 3770 ostendit
959 3696 1117 3790 qualiter
1149 3694 1319 3793 Virgilius
1346 3702 1425 3789 post
1443 3686 1480 3786 (⁴)

310 3817 496 3893 somnium
513 3818 608 3893 bene
625 3816 884 3893 confortaverit
899 3836 986 3891 eum
1005 3822 1043 3890 et
1061 3816 1251 3891 recesserit
1268 3816 1316 3891 ab
1332 3836 1378 3891 eo
1395 3817 1480 3890 dato

309 3937 377 4011 sibi
400 3937 550 4012 consilio
575 3938 736 4011 salutari.
762 3936 805 4009 ut
830 3934 1116 4030 primoquidem
1141 3934 1297 4009 ostendit
1323 3935 1481 4030 qualiter

311 4057 404 4133 facta
422 4063 478 4132 est
494 4057 582 4152 dies,
599 4058 730 4152 etipse
746 4054 930 4151 evigilavit
954 4076 977 4128 a
1001 4074 1144 4149 somno,
1160 4053 1302 4128 dicens:
1321 4059 1354 4128 Ε
1370 4046 1431 4146 pul
1450 4058 1482 4127 le

310 4178 457 4270 meere,
485 4176 620 4253 scilicet
645 4175 769 4267 noctis,
792 4178 943 4269 [appion
967 4176 1015 4249 du
1041 4176 1115 4247 uuo
1139 4177 1214 4261 luti,
1230 4176 1336 4270 quasi
1361 4176 1479 4249 dical:

310 4318 358 4373 ex
382 4298 483 4372 omni
509 4305 614 4393 parte
637 4297 748 4373 deluat
772 4296 858 4389 dies,
875 4317 895 4367 e
914 4297 941 4367 ’l
961 4314 1075 4367 sonno
1094 4298 1176 4386 mio,
1194 4294 1340 4389 scilicet,
1361 4294 1481 4390 fugie-

309 4418 384 4513 bat,
408 4438 477 4491 con
509 4438 594 4510 esse,
619 4418 766 4512 scilicet,
798 4414 970 4508 tenebris
993 4436 1060 4507 per
1091 4418 1117 4488 li
1144 4417 1324 4508 splendori
1348 4418 1483 4490 antuu-

307 4541 402 4630 cuui,
428 4538 573 4632 scilicet,
599 4557 758 4630 aurore,
783 4556 868 4632 quae
893 4537 991 4610 lucet
1015 4540 1102 4609 ante
1127 4534 1235 4611 diem.
1261 4536 1306 4609 Et
1330 4535 1435 4610 dicit:
1460 4559 1480 4609 e

309 4660 383 4751 clu,
409 4658 511 4752 idest,
537 4657 602 4752 qui
627 4658 849 4754 splendores,
875 4676 1010 4747 uirque
1035 4662 1132 4729 muto
1154 4650 1215 4748 pii
1238 4658 1335 4747 prati
1359 4658 1396 4729 oi
1417 4678 1481 4749 pe-

307 4781 456 4872 rcqrini,
484 4778 521 4852 in
545 4778 664 4854 aliena
686 4782 797 4869 terra,
814 4783 944 4868 quanto
969 4776 1142 4868 cunque
1159 4796 1236 4849 mern
1253 4778 1387 4850 ἱοηιαηι·
1403 4785 1479 4851 ιον-

373 5032 401 5097 (“)
418 5033 449 5083 E.
465 5037 523 5097 post
538 5032 616 5084 tutus
631 5033 760 5084 cumdum
773 5032 967 5086 cuuiomueril.
