4342 6692
689 872 759 939 192
1046 881 1251 939 cousuruu
1274 881 1495 937 aurearonu

684 1028 779 1104 bene
804 1049 872 1123 per
894 1026 1114 1123 distantiam,
1141 1030 1271 1120 quood
1283 1030 1319 1100 io
1343 1026 1418 1099 abbi
1451 1026 1502 1097 tut
1528 1032 1634 1117 postu
1658 1028 1757 1099 dotto
1781 1028 1853 1099 mia

684 1150 778 1240 rino,
804 1148 951 1241 scilicet,
977 1146 1122 1221 sinistra
1148 1168 1213 1242 per
1239 1168 1350 1240 quam
1378 1145 1488 1238 ibam,
1515 1146 1574 1219 ete
1598 1148 1674 1219 soto
1701 1149 1728 1219 it
1751 1148 1856 1239 finnio

686 1272 735 1342 nii
755 1271 860 1363 [oceo
884 1271 1044 1357 dumne,
1069 1266 1118 1341 ab
1144 1266 1211 1341 illis
1236 1266 1477 1342 venientibus.
1496 1265 1582 1339 Vult
1601 1265 1739 1359 dicere,
1758 1267 1856 1359 quod

686 1410 773 1465 cum
799 1389 876 1484 ipse
900 1388 971 1463 iret
997 1388 1112 1480 tarde,
1137 1394 1175 1463 et
1199 1387 1418 1462 candelabra
1450 1386 1618 1461 venirent
1646 1387 1683 1459 iu
1714 1386 1858 1482 opposi-

687 1516 768 1583 tum
794 1508 934 1583 tardius
950 1528 1007 1601 eo,
1026 1507 1172 1581 tandem
1192 1506 1308 1581 iactus
1335 1506 1383 1581 ita
1410 1506 1634 1601 propinquus
1657 1506 1735 1601 illis,
1757 1506 1855 1600 quod

683 1631 774 1725 ¹nillil
800 1635 879 1704 erat
906 1628 1066 1703 medium
1087 1628 1152 1701 nisi
1172 1628 1321 1722 llumen,
1348 1626 1507 1701 firmavit
1528 1633 1677 1703 se-ll
1692 1631 1772 1701 nidi.
1792 1626 1856 1701 llio

687 1757 793 1845 poeta
819 1749 975 1824 ostendit
992 1748 1080 1842 quid
1102 1748 1231 1823 viderit
1251 1749 1369 1824 luctus
1394 1748 1445 1823 sio
1470 1748 1682 1844 dispositus3
1699 1756 1736 1824 et
1761 1748 1855 1842 dicit,

687 1870 786 1965 quod
812 1868 898 1943 vidit
924 1868 1128 1943 mirabilem
1156 1868 1406 1963 operationem
1438 1868 1586 1942 illorum
1617 1868 1856 1943 candelabro-

688 2011 785 2083 rum,
800 2010 882 2083 quae
896 1989 933 2063 in
946 1988 1100 2062 transitu
1115 2008 1184 2061 suo
1197 1994 1316 2063 totum
1333 2006 1458 2062 aerem
1475 1987 1729 2082 relinquebant
1745 1988 1857 2062 ador·

688 2116 814 2184 natum
842 2108 953 2183 variis
978 2108 1173 2182 doloribus.
1199 2108 1302 2182 Unde
1326 2106 1430 2181 dicit:
1453 2113 1486 2181 ll
1508 2112 1579 2183 vidi
1606 2111 1637 2182 lo
1657 2112 1855 2203 fiomntette,

685 2229 789 2323 idest,
806 2227 1025 2303 candelabra
1043 2226 1279 2320 flammantia,
1297 2230 1418 2301 undar
1434 2230 1598 2321 donant,
1616 2228 1718 2322 idest,
1736 2236 1858 2304 trans-
1882 2287 1884 2295 .

685 2350 742 2425 ire
770 2355 857 2423 ante
888 2367 951 2424 me
981 2354 1019 2423 et
1043 2345 1140 2422 ultra
1167 2368 1238 2441 me,
1266 2348 1352 2442 quia
1381 2370 1452 2445 ego
1481 2350 1635 2443 stabam,
1661 2357 1699 2424 et
1723 2348 1856 2425 cande·

687 2470 789 2544 labra
815 2460 989 2544 oontinuo
1014 2468 1126 2561 ibant,
1151 2471 1332 2542 tasciondo
1351 2471 1463 2542 dietro
1488 2491 1512 2542 o
1536 2492 1573 2543 so
1597 2472 1694 2543 l'aer
1711 2473 1856 2563 dimam,

686 2590 834 2683 scilicet,
859 2594 998 2683 septem
1025 2587 1151 2662 caudis
1176 2588 1445 2682 splendentibus
1462 2590 1498 2663 iu
1517 2589 1666 2664 modum
1694 2596 1857 2665 oometa-

687 2733 773 2786 rum
790 2708 1071 2807 procedentibus
1096 2729 1118 2782 a
1143 2710 1236 2783 ooelo
1260 2730 1283 2783 a
1305 2710 1438 2805 Spiritu
1456 2718 1601 2805 sanct03
1620 2718 1657 2787 et
1674 2710 1856 2806 specificat

685 2832 843 2906 formam
870 2850 1013 2924 eorum,
1039 2829 1180 2903 dicens:
1202 2851 1221 2901 e
1245 2850 1346 2921 aneo,
1364 2830 1424 2905 ille
1443 2852 1509 2905 aer
1526 2832 1654 2926 pictus,
1671 2832 1857 2907 sentbioote

686 2955 724 3026 dt
733 2953 887 3045 pennotti
903 2952 1012 3039 tratti,
1030 2948 1276 3043 apiotoribus.
1296 2950 1340 3023 Et
1356 2970 1443 3025 ecce
1460 2952 1664 3044 quomodo:
1683 2944 1713 3025 si
1729 2953 1855 3042 elt'etti,

685 3071 832 3164 scilicet,
857 3090 934 3164 aer,
968 3072 1130 3142 emoneo
1155 3072 1293 3143 diotimo
1322 3090 1444 3163 sopra,
1479 3072 1671 3164 usquead
1706 3073 1855 3164 omium,

685 3194 723 3264 di
745 3198 826 3265 salte
851 3193 937 3280 tinto,
964 3189 1065 3283 idest,
1092 3188 1203 3263 lineis.
1230 3189 1352 3263 Liueae
1384 3188 1461 3263 istm
1493 3198 1579 3264 sunt
1604 3190 1694 3265 radii
1720 3191 1856 3287 gratia·

686 3333 771 3386 rum
804 3310 958 3406 Spiritus
989 3309 1103 3385 sancti
1135 3316 1355 3385 exornantes
1388 3311 1661 3387 universitatem
1693 3313 1856 3387 eoelesiae

685 3430 866 3506 nobilibus
890 3429 1085 3522 coloribus,
1110 3430 1237 3522 quales
1263 3437 1349 3504 sunt
1374 3431 1422 3504 illi
1449 3451 1542 3525 quos
1559 3432 1643 3507 lacit
1660 3433 1713 3507 sol
1733 3433 1769 3505 in
1786 3452 1855 3507 suo

684 3572 788 3646 arcu,
814 3556 851 3625 et
880 3551 968 3625 luna
1000 3551 1036 3622 io
1066 3570 1135 3624 suo
1167 3550 1324 3644 circulo;
1355 3552 1452 3627 unde
1482 3552 1583 3627 dicit:
1611 3560 1703 3644 tutte,
1733 3546 1853 3645 illae(¹)

685 3672 787 3766 listae,
806 3675 844 3745 in
870 3674 948 3764 qun
970 3673 1093 3761 colori,
1116 3669 1247 3744 talibus
1272 3677 1309 3745 et
1335 3678 1409 3746 tam
1431 3672 1550 3768 variis,
1568 3676 1670 3765 uode,
1689 3672 1791 3768 idest,
1809 3694 1856 3748 ex

596 3840 602 3851 ·
687 3791 823 3886 quibus
847 3790 1044 3885 coloribus,
1063 3793 1092 3863 it
1105 3792 1160 3862 sot
1172 3792 1215 3884 sa
1232 3793 1367 3881 torro,
1385 3792 1532 3886 scilieet,
1558 3792 1700 3888 iridem,
1716 3794 1763 3869 de
1780 3812 1855 3887 quo

684 3911 824 3986 dietum
842 3919 898 3987 est
914 3930 1037 4005 supra,
1055 3911 1215 4005 capitulo
1233 3911 1330 3984 xxv
1347 3912 1567 4009 Purgatorii,
1585 3936 1603 3987 e
1619 3917 1735 4004 Delta,
1752 3915 1854 4009 idest,

685 4034 773 4107 luna
798 4032 850 4106 sin
874 4032 969 4106 dicta
994 4054 1016 4105 a
1042 4032 1132 4106 belo
1167 4032 1295 4125 insula,
1321 4036 1349 4106 tt
1370 4036 1474 4125 moto,
1498 4008 1602 4128 inest,
1625 4035 1708 4109 lacit
1733 4034 1855 4111 circu·

684 4155 763 4228 lum
788 4154 884 4228 circa
910 4172 1042 4248 seper
1068 4151 1249 4226 modicam
1275 4152 1496 4248 distantiam,
1516 4154 1579 4247 qui
1604 4154 1763 4229 circulus
1789 4177 1856 4229 vo·

683 4280 791 4349 uatur
810 4274 894 4349 balo
907 4273 954 4347 de
972 4294 1048 4366 quo
1067 4271 1210 4347 dicetur
1222 4271 1381 4347 Paradisi
1397 4274 1555 4368 capitulo
1569 4276 1594 4348 l.
1613 4276 1656 4349 Et
1676 4274 1734 4350 bic
1754 4282 1855 4369 potes

683 4394 911 4489 perpendere
924 4392 1023 4487 qriod
1037 4392 1183 4488 proprie
1197 4398 1303 4486 poeta
1317 4392 1493 4467 assimilat
1506 4393 1573 4467 ista
1587 4401 1726 4489 septem
1740 4395 1856 4469 linea·

685 4521 808 4591 menta
832 4513 978 4589 duobus
1004 4513 1146 4610 magnis
1172 4512 1414 4587 luminaribus
1444 4514 1536 4607 ooeli,
1563 4514 1697 4589 seilicet
1726 4514 1792 4589 soli
1819 4522 1856 4589 et

684 4640 795 4729 lunae,
819 4635 895 4709 imo
920 4641 1064 4730 poterat
1088 4634 1290 4709 assimilare
1314 4642 1453 4730 septem
1482 4635 1642 4729 planetis.
1667 4636 1710 4709 Et
1735 4634 1856 4709 subdit

684 4756 937 4834 excellentiam
956 4756 1111 4859 istorum
1129 4755 1451 4851 lineamentorum,
1468 4756 1608 4831 dicens:
1630 4760 1737 4848 questi
1759 4762 1853 4829 sten-

747 5016 774 5079 (¹)
790 5015 822 5065 B.
837 5015 935 5067 seducet
950 5016 1011 5068 ille.
