4342 6692
686 886 757 954 266
1020 895 1226 952 munaruu
1251 895 1471 952 uunauronn

681 1321 847 1390 CANTUS
879 1319 1138 1388 TRIGESIMUS
1171 1317 1354 1386 TERTIUS
1383 1317 1438 1384 ΕΤ
1468 1317 1660 1387 ULTIMUS
1693 1319 1854 1388 PURGA·

759 1435 887 1516 nonu,
910 1435 947 1499 ia
967 1454 1028 1517 quo
1049 1432 1189 1498 Bactria
1210 1431 1384 1498 declaravit
1410 1432 1516 1496 amaia
1538 1429 1651 1510 Danti,
1675 1431 1714 1498 dc
1743 1432 1852 1515 anacta

752 1546 912 1630 pradtcta
934 1550 964 1611 et
985 1544 1024 1610 ae
1045 1543 1182 1626 aripret
1198 1543 1237 1608 de
1255 1542 1385 1627 pipaatc
1399 1547 1429 1608 et
1443 1542 1610 1621 marta,
1634 1547 1664 1608 et
1685 1542 1725 1609 dc
1746 1543 1853 1610 muttit

758 1657 946 1740 fimdispar
958 1655 1123 1740 mendam
1138 1656 1480 1736 dacamceatnramet
1495 1656 1531 1720 ia
1544 1655 1609 1737 fiac
1623 1655 1702 1720 aisis
1716 1662 1852 1739 quatuor

757 1767 944 1848 flammatus
958 1766 1121 1850 paradisi,
1144 1766 1308 1834 moereat
1330 1767 1374 1832 ad
1394 1767 1562 1833 νίᾱεηάαηι
1583 1766 1703 1834 statas.

757 2027 933 2213 Duas,
962 2127 1130 2194 mantnt
1159 2127 1290 2212 penta,
1324 2122 1545 2194 mentando.
1582 2121 1780 2216 Postquam
1815 2121 1852 2196 in

680 2240 861 2335 superiori
892 2240 1052 2335 capituto
1082 2247 1192 2335 poeta
1226 2246 1350 2315 noster
1383 2238 1571 2335 descripsit
1606 2241 1852 2337 multipliciter

679 2359 973 2455 persecutionem
997 2359 1183 2434 militantis
1205 2359 1379 2454 ecclesie,
1398 2381 1497 2434 nunc
1521 2368 1789 2456 consequenter
1814 2361 1851 2436 in

678 2481 749 2555 isto
773 2480 918 2555 XXXIII
943 2480 1102 2575 capitulo
1127 2479 1296 2555 describIt
1321 2481 1507 2575 planctum
1536 2501 1650 2575 quem
1685 2481 1852 2557 lecerunt

678 2601 750 2676 itte
775 2600 933 2674 domiue
958 2620 1044 2675 cum
1070 2599 1235 2676 Beatrice
1252 2599 1299 2674 de
1315 2601 1570 2695 persecutione
1591 2600 1719 2677 ultima
1737 2623 1849 2697 quam

678 2719 826 2817 indIgne
850 2719 988 2816 patitur
1018 2719 1172 2795 ecclesia
1204 2739 1357 2794 romana
1389 2741 1412 2794 a
1445 2721 1593 2817 regibus
1621 2721 1809 2815 Francia(
1826 2725 1848 2813 t.

679 2841 725 2918 ut
753 2839 849 2916 istud
878 2860 1037 2936 presens
1067 2839 1240 2914 uItImum
1266 2839 1479 2936 capitulum,
1512 2841 1611 2936 quod
1642 2843 1852 2918 nonhabet

680 2963 803 3036 minus
831 2961 919 3037 artis
948 2961 1190 3057 precedente,
1225 2961 1392 3056 sequitur
1422 2962 1542 3057 ipsum
1573 2963 1610 3037 in
1635 2964 1763 3039 ordine
1797 2963 1852 3037 di-

679 3082 835 3158 videndi.
857 3082 974 3156 Habet
999 3101 1089 3178 ergo
1115 3087 1276 3176 quatuor
1301 3089 1424 3176 partes
1448 3083 1659 3178 generalem
1677 3075 1848 3180 primam

679 3222 840 3297 quarum
876 3202 1038 3278 continet
1072 3201 1341 3297 conploratam
1379 3201 1632 3298 dominarum,
1671 3209 1708 3280 et
1746 3224 1851 3278 suam

677 3322 982 3419 preparationem
1016 3327 1053 3395 et
1086 3321 1220 3396 bonam
1255 3322 1526 3417 dispositionem
1565 3344 1673 3398 suam
1711 3325 1758 3399 ad
1795 3324 1851 3398 di·

679 3442 804 3518 cenda.
831 3443 871 3516 Iu
896 3441 1056 3516 secunda
1074 3441 1221 3516 Beatrix
1238 3441 1401 3536 predicit
1417 3462 1484 3537 pro
1501 3443 1748 3519 consolatione
1769 3443 1850 3518 viu·

678 3562 813 3638 dictam
840 3568 1084 3656 sequnturam
1111 3561 1147 3635 In
1178 3561 1293 3655 brevi,
1320 3560 1392 3635 ibt:
1426 3565 1535 3654 Sappt
1564 3563 1624 3635 cto
1640 3566 1667 3637 'l
1689 3585 1784 3636 uaso.
1810 3565 1851 3637 In

678 3682 786 3758 tenta
811 3682 936 3778 arguit
960 3683 1219 3779 negligentiam
1242 3689 1279 3757 et
1297 3683 1494 3757 ruditatem
1520 3690 1637 3778 poetae
1661 3684 1698 3758 in
1720 3684 1851 3760 intelli·

677 3802 798 3900 gendo
823 3822 883 3877 res
908 3802 1015 3897 visas,
1032 3802 1101 3876 ibi:
1129 3807 1263 3876 Darmc
1288 3805 1322 3876 to
1338 3805 1498 3894 'caepae
1517 3805 1558 3877 In
1575 3810 1706 3898 quiarta
1731 3811 1768 3880 et
1792 3806 1851 3879 ul·

678 3921 768 3997 tima
784 3928 892 4017 poeta
910 3922 1065 3997 ostendit
1083 3923 1241 4016 qualiter
1261 3921 1338 4018 ipse
1357 3923 1567 4018 pervenerit
1590 3923 1637 3998 ad
1662 3944 1848 3999 summam

678 4051 716 4120 et
742 4045 909 4120 ultimam
942 4043 1203 4139 perlectionem
1230 4043 1386 4138 vIrtutis,
1421 4043 1493 4117 ibi:
1528 4050 1562 4118 Ε
1583 4039 1646 4138 pii
1670 4066 1848 4120 common.

678 4163 733 4239 Ad
757 4165 919 4261 primum
945 4184 1036 4261 ergo
1060 4163 1141 4238 dico
1169 4163 1268 4258 quod
1288 4170 1394 4258 poeta
1420 4164 1540 4259 primo
1560 4163 1731 4239 describit
1746 4185 1851 4239 eom-

678 4286 864 4381 ploratnm
878 4284 1024 4360 illarum
1038 4283 1283 4358 domInarum.
1299 4285 1343 4357 Et
1356 4283 1619 4358 sententialiter
1631 4285 1711 4358 vult
1727 4284 1850 4359 dicere

680 4405 779 4499 quod
803 4404 874 4478 illae
898 4403 1057 4479 domiuae
1081 4423 1128 4477 ex
1146 4402 1272 4477 dolore
1293 4403 1478 4498 plorantes
1500 4409 1694 4499 coeperuut
1717 4404 1850 4479 decan·

678 4529 759 4601 tare
783 4546 901 4599 unum
916 4515 953 4618 (³)
975 4525 1158 4620 psalmum
1180 4523 1293 4598 Dauid
1311 4523 1374 4618 qui
1393 4523 1535 4620 incipit:
1554 4529 1660 4616 Deus,
1684 4531 1852 4599 emanat

677 4652 794 4737 partes
818 4647 856 4718 ia
880 4646 1115 4718 tareddatem
1140 4650 1237 4716 tuam
1262 4650 1331 4718 etc.
1360 4643 1399 4717 In
1425 4664 1500 4738 quo
1531 4643 1679 4738 quidem
1709 4643 1851 4740 psalmo

742 4872 770 4936 (¹)
787 4877 842 4934 1¹7,
859 4871 1018 4924 franeorum.

742 4948 769 5011 Γ)
784 4948 815 4999 n.
830 4949 857 4998 in
874 4949 957 5012 prima
971 4961 1082 5013 manum
1099 4947 1248 5000 continetur
1265 4947 1382 5012 ploratus
1402 4947 1574 5008 domlaarum,
1591 4953 1680 5000 atsur
1697 4949 1848 5011 preparatio

680 5031 707 5077 at
722 5025 790 5077 bom
805 5023 936 5088 mm
951 5037 998 5076 aaa
1012 5025 1045 5075 ad
1060 5023 1177 5076 dicenda.
1383 5023 1410 5086 (¹)
1425 5023 1456 5074 Ε.
1473 5037 1556 5074 unum
1571 5037 1604 5074 ex
1620 5021 1723 5088 psalmis
1739 5023 1848 5076 navitis
1884 5083 1892 5100 ι
