4342 6692
722 882 794 950 252
1083 893 1288 949 conunrun
1314 894 1535 950 runonaonn

721 1039 864 1135 poetice
887 1037 1105 1113 describitur
1130 1038 1166 1111 in
1193 1037 1262 1112 isto
1287 1038 1392 1134 libro,
1420 1039 1506 1132 quia
1533 1059 1606 1113 non
1631 1059 1793 1134 possum.
1819 1039 1891 1114 Per

721 1160 792 1234 boc
817 1165 919 1234 notat
942 1167 1050 1256 poeta
1076 1159 1175 1253 quod
1206 1159 1273 1233 iste
1304 1166 1433 1233 cantus
1468 1159 1536 1232 luit
1568 1159 1893 1236 excellentissimus

723 1301 835 1374 quem
863 1301 935 1354 non
960 1280 1077 1374 potuit
1104 1278 1316 1376 intelligere,
1343 1279 1430 1374 quia
1462 1280 1683 1355 immensum
1715 1282 1892 1378 gaudium

722 1407 760 1475 et
784 1400 917 1474 testum
934 1399 983 1474 ibi
1001 1399 1111 1474 tiebat
1127 1420 1195 1495 pro
1214 1399 1451 1475 renovatione
1470 1400 1622 1495 plantae3
1642 1422 1728 1476 nam
1750 1401 1779 1474 si
1797 1421 1893 1496 saepo

723 1519 900 1617 gaudium
927 1521 1062 1595 lactum
1090 1527 1145 1594 est
1169 1541 1236 1616 pro
1261 1520 1480 1616 purgatione
1502 1521 1612 1594 unius
1637 1521 1749 1596 solius
1774 1522 1889 1596 bomi-

723 1641 789 1735 nis,
802 1641 951 1735 scilicet,
963 1641 1099 1734 Dantis,
1113 1647 1252 1735 quanto
1267 1639 1382 1736 magis
1401 1659 1498 1713 nunc
1515 1661 1582 1735 pro
1605 1641 1805 1716 salvatione
1822 1643 1891 1716 bu·

723 1760 820 1836 mani
845 1760 1001 1858 generis.
1027 1761 1131 1834 Unde
1150 1760 1254 1834 dicit:
1272 1757 1318 1833 ne*
1335 1763 1371 1834 lu
1388 1769 1471 1834 notu
1486 1764 1627 1852 sufferet
1642 1767 1728 1834 tatto
1745 1769 1887 1856 quanto,

721 1882 807 1977 quia
833 1881 969 1955 scilicet
993 1901 1146 1954 somnus
1168 1881 1287 1976 rapuit
1306 1901 1367 1955 me
1384 1901 1431 1954 ex
1450 1880 1561 1955 nimia
1578 1881 1782 1977 dulcedine,
1799 1883 1890 1957 sicut

720 2002 871 2099 contigit
895 2003 1004 2098 Argo.
1023 2001 1126 2075 Unde
1144 2001 1264 2074 subdit
1281 2001 1379 2095 quod
1400 2000 1429 2074 si
1447 2007 1567 2096 posset
1587 2001 1796 2078 describere
1814 2023 1890 2077 mo-

719 2124 809 2198 dum
836 2122 1111 2197 obdormitionis
1134 2122 1202 2196 lroe
1221 2121 1357 2196 laceret
1375 2122 1545 2217 exemplo
1562 2121 1660 2218 Argi,
1678 2123 1778 2217 quod
1797 2124 1890 2199 mul-

719 2250 800 2318 tum
826 2243 911 2318 lacit
930 2243 977 2318 ad
994 2243 1232 2338 propositum.
1252 2242 1387 2317 Ordine
1407 2242 1458 2316 sic
1476 2242 1618 2316 literam
1637 2249 1675 2317 et
1697 2251 1887 2318 construe:

688 2367 755 2437 'io
780 2367 984 2457 coemeret,
1022 2363 1125 2457 idest,
1156 2362 1403 2438 describerem
1427 2362 1579 2458 poetice,
1609 2365 1740 2435 cont’io
1770 2367 1890 2438 m'ud·

724 2485 933 2576 dementat,
957 2483 1004 2556 ad
1029 2489 1191 2576 cantum,
1219 2503 1315 2555 conte
1334 2485 1457 2574 piatur
1482 2485 1541 2554 clu
1558 2485 1672 2574 quoqu
1692 2502 1759 2554 coo
1783 2505 1890 2558 esem-

719 2608 793 2697 plo,
820 2611 857 2678 et
881 2611 936 2678 est
961 2603 1098 2698 optima
1115 2602 1312 2678 similitudo
1328 2603 1374 2677 de
1392 2602 1529 2698 pictore
1554 2603 1600 2677 ad
1623 2609 1781 2697 poetam,
1799 2623 1890 2697 quo-

722 2745 808 2797 rum
836 2730 994 2816 uterque
1024 2722 1175 2796 intendit
1201 2727 1476 2818 repraesenlare,
1506 2725 1581 2796 s’io
1606 2727 1736 2815 potensi
1758 2727 1885 2817 nitran,

720 2843 823 2936 idest,
851 2849 1126 2938 repraesentare,
1152 2863 1249 2915 come
1272 2845 1323 2934 qli
1345 2845 1441 2916 occbi
1465 2845 1611 2936 spietoti,
1635 2842 1782 2936 scilicet,
1803 2843 1888 2938 Argi

721 2964 786 3058 qui
811 2964 922 3058 impie
948 2963 1127 3037 tractabat
1152 2964 1189 3038 lo
1215 2963 1449 3037 commissam
1474 2983 1551 3036 suae
1567 2955 1604 3054 (⁴)
1629 2963 1814 3058 custodiae,
1836 2970 1891 3038 te-

722 3104 812 3159 nens
836 3103 919 3158 eam
953 3082 1022 3157 sub
1051 3089 1154 3156 arcta
1186 3081 1361 3176 custodia,
1387 3103 1599 3177 ossonuoro,
1629 3083 1731 3178 idest,
1765 3082 1891 3178 repleti

720 3209 807 3277 sunt
831 3222 973 3296 somno,
998 3203 1136 3275 uderzdo
1161 3203 1199 3274 di
1221 3205 1378 3295 sumno,
1399 3202 1587 3296 sciliceta
1611 3203 1792 3278 Mercurio
1809 3205 1891 3299 pul·

720 3330 824 3398 sante
849 3323 1007 3397 listulam
1029 3329 1066 3398 et
1083 3328 1258 3397 narrante
1276 3322 1462 3417 quomodo
1480 3322 1598 3397 fistula
1617 3324 1676 3397 illa
1693 3324 1788 3398 lacta
1809 3324 1890 3399 lue-

721 3442 854 3518 ratde
884 3442 1027 3538 Siringa
1056 3441 1199 3538 virgine
1229 3461 1314 3536 quae
1348 3449 1490 3517 mutata
1516 3448 1570 3518 est
1603 3443 1640 3516 in
1674 3444 1890 3538 cannulam;

722 3570 760 3636 et
777 3562 926 3656 repetit:
943 3565 994 3654 qli
1008 3564 1116 3654 occisi,
1137 3561 1228 3656 dico,
1246 3583 1270 3634 o
1290 3565 1346 3635 cut
1355 3584 1429 3655 pur
1448 3565 1616 3654 oeqqiriur
1632 3556 1726 3636 could
1742 3557 1773 3636 si
1790 3584 1890 3656 caro,

722 3683 809 3777 quia
834 3682 954 3778 Argus
979 3704 1026 3757 ex
1053 3683 1121 3756 boc
1147 3682 1301 3777 perdidit
1319 3682 1439 3758 iucem
1458 3684 1541 3758 vitae
1561 3689 1740 3758 mactatus
1756 3707 1778 3758 a
1797 3686 1892 3758 bler-

722 3802 837 3878 curio.
864 3803 909 3875 Et
934 3802 1060 3877 volunt
1084 3802 1196 3896 aliqui
1223 3802 1322 3895 quod
1347 3803 1548 3878 Mercurius
1568 3803 1613 3878 sit
1631 3805 1695 3896 sol,
1715 3810 1752 3878 et
1771 3806 1892 3901 Argus

722 3923 870 4017 omium,
896 3921 1002 3996 cuius
1027 3922 1150 3996 omnia
1176 3922 1316 3996 lumina
1349 3922 1403 3996 sol
1433 3923 1613 4019 extinguit
1647 3924 1786 3997 lumine
1811 3944 1889 4000 suo.

721 4046 765 4120 Et
789 4043 909 4117 subdit
933 4063 1114 4118 excusans
1144 4063 1184 4116 se
1219 4043 1317 4137 quod
1343 4063 1416 4117 non
1443 4050 1560 4139 potest
1585 4035 1796 4137 scribered)
1824 4045 1891 4119 ob-

721 4164 977 4239 dormitionem
1003 4170 1042 4240 et
1066 4163 1195 4238 transit
1218 4163 1265 4236 ad
1285 4163 1568 4259 evigilationem.
1587 4165 1688 4240 Unde
1711 4165 1810 4240 dicit:
1832 4187 1892 4240 ma

721 4288 806 4377 qual
821 4286 903 4356 vuol
917 4287 985 4375 sio,
1003 4283 1106 4378 idest,
1133 4282 1360 4376 quicumque
1385 4289 1492 4378 poeta
1509 4274 1545 4377 (³)
1565 4305 1734 4380 magnus,
1751 4287 1811 4359 obe
1827 4287 1891 4360 beu

717 4407 817 4496 firmo
842 4407 1069 4495 iussonnor,
1095 4402 1198 4496 quasi
1226 4402 1339 4476 dicat:
1359 4405 1480 4477 nullus
1498 4411 1619 4500 posset
1635 4405 1730 4480 bene
1752 4404 1891 4504 tingere

719 4523 1042 4618 obdormitionem3
1054 4515 1146 4616 perd
1164 4531 1348 4596 trascorro
1365 4545 1390 4596 o
1406 4528 1548 4616 quando
1565 4529 1613 4598 nti
1632 4529 1798 4620 comitum
1815 4528 1891 4603 duo

717 4650 844 4718 autem
870 4644 1020 4718 luerunt
1046 4644 1242 4720 excitantia
1268 4645 1399 4740 ipsum,
1426 4647 1571 4742 scilicet,
1597 4648 1661 4722 lux
1689 4667 1835 4745 magna,
1853 4656 1891 4724 et

718 4784 811 4858 vox3
838 4765 935 4838 unde
960 4764 1064 4838 dicit:
1083 4787 1103 4838 e
1127 4767 1204 4838 dico
1221 4767 1328 4838 clt'un
1344 4769 1524 4859 ememor,
1544 4765 1689 4860 scilicet,
1711 4768 1887 4843 receden-

781 4951 808 5012 (¹)
825 4954 878 5008 ¹¹72
894 4965 948 5001 Μ
964 4965 1044 5002 cm·
1293 4953 1320 5016 (¹)
1338 4957 1392 5015 11⁷,
1409 4959 1493 5018 potest
1508 4955 1663 5007 describere.

781 5025 808 5088 l')
826 5029 878 5086 117,
895 5027 928 5076 til
944 5032 1019 5089 poeta
1035 5041 1152 5092 manus.
