4342 6692
700 909 772 978 abt
1013 876 1015 881 ¹
1064 915 1268 971 connnruu
1293 917 1512 972 runonronn

698 1067 763 1162 qui
787 1064 957 1161 quamvis
977 1063 1087 1174 justi3
1106 1061 1157 1137 sic
1178 1067 1325 1157 propter
1344 1061 1588 1136 obedientiam
1610 1061 1740 1136 Christi
1759 1083 1871 1138 reno·

698 1194 783 1262 vata
808 1187 958 1261 luerunt
984 1182 1068 1257 lolia
1084 1181 1122 1255 in
1143 1183 1266 1278 planta
1290 1181 1378 1277 ipsa,
1400 1201 1486 1256 oum
1509 1183 1783 1258 reconciliatum
1803 1183 1870 1258 luit

697 1327 815 1406 genus
839 1309 1045 1381 humanum
1071 1302 1213 1396 deitati;
1245 1310 1473 1378 nontamen
1506 1304 1555 1378 ita
1585 1305 1684 1399 quod
1715 1306 1870 1381 reduce-

698 1434 802 1503 retur
826 1427 873 1502 ad
900 1425 1056 1521 primam
1081 1423 1253 1520 gratiam,
1279 1423 1382 1517 idest,
1407 1422 1455 1498 ad
1481 1431 1616 1498 statum
1644 1426 1869 1520 innocentia,

697 1548 792 1623 sicut
822 1554 903 1623 erat
936 1546 1062 1641 prius,
1090 1545 1172 1620 ideo
1197 1544 1412 1638 benedicit,
1439 1545 1538 1640 quod
1563 1544 1646 1620 lolia
1676 1553 1781 1622 erant
1805 1567 1868 1621 co-

697 1669 814 1743 lorata
840 1687 914 1742 non
941 1673 982 1739 ut
1008 1685 1112 1757 rosas,
1132 1664 1195 1738 sed
1216 1665 1410 1758 plusquam
1439 1665 1553 1739 violae.
1573 1666 1631 1741 Sic
1652 1687 1742 1763 ergo
1760 1687 1868 1742 reno-

697 1794 781 1863 vata
802 1795 858 1862 est
874 1788 1007 1882 planta,
1024 1807 1121 1858 comc
1138 1790 1168 1860 lc
1184 1793 1302 1858 norme
1313 1787 1445 1878 pionte,
1463 1787 1685 1883 generaliter
1706 1793 1743 1862 et
1754 1787 1868 1862 'com-

697 1909 869 2001 muniter,
888 1910 985 2002 sonci
1008 1909 1157 2000 mrpidc,
1187 1905 1289 1999 idest,
1310 1905 1495 2000 indantur,
1515 1907 1815 2006 impraegnanlur,
1832 1915 1869 1982 et

696 2028 844 2124 pariunt
869 2028 988 2122 dores,
1007 2030 1149 2119 quondo
1166 2029 1202 2099 lo
1219 2047 1314 2118 praa
1337 2031 1422 2117 lucc,
1439 2027 1531 2103 idest
1550 2028 1615 2124 sol,
1629 2049 1746 2119 casco,
1764 2029 1865 2122 idest,

696 2147 801 2242 cadit,
827 2149 905 2222 sive
933 2147 1129 2241 descendit,
1155 2142 1228 2237 piri,
1259 2147 1395 2222 scilicet
1428 2147 1474 2222 ad
1506 2157 1657 2242 terram,
1689 2151 1866 2222 mc'sctiatn

695 2289 762 2342 coa
785 2269 913 2362 quello,
938 2268 1040 2361 idest,
1065 2267 1261 2342 coniuncta
1279 2288 1365 2342 cnm
1383 2268 1466 2343 luce
1485 2269 1609 2344 arietis
1625 2263 1675 2362 (¹),
1693 2272 1752 2342 obe
1776 2291 1864 2362 raq-

694 2393 756 2480 pta
778 2391 891 2462 dblro
924 2391 998 2462 ullo
1029 2391 1146 2461 celeste
1170 2390 1282 2480 lusca,
1312 2387 1415 2482 idest,
1447 2387 1593 2484 signum
1624 2389 1749 2484 piscis3
1780 2411 1864 2464 narn

696 2511 793 2585 lusca
818 2517 873 2585 est
897 2531 1015 2606 genus
1039 2507 1168 2604 piscis,
1198 2508 1295 2583 aries
1326 2509 1425 2583 enim
1460 2509 1671 2586 immediate
1699 2512 1866 2606 sequitur

696 2629 848 2727 signum
862 2630 1026 2725 piscium,
1044 2651 1064 2702 e
1079 2633 1142 2721 poc¹
1158 2631 1323 2702 cloccum
1342 2631 1374 2702 si
1396 2632 1568 2702 rinouclla
1593 2632 1631 2704 di
1654 2651 1717 2703 suo
1734 2634 1861 2725 colore,

695 2750 899 2824 secundum
919 2770 1025 2823 suam
1053 2747 1223 2843 speciem,
1247 2751 1332 2841 pcto
1356 2751 1453 2822 cbc't
1474 2752 1547 2822 sole
1579 2751 1712 2842 qiuuqa
1742 2753 1865 2824 lisuoi

694 2872 853 2960 corsieri,
879 2868 981 2963 idest,
1008 2888 1124 2963 equos
1149 2876 1342 2943 currentes
1368 2870 1562 2964 plusquam
1587 2870 1699 2965 aliqui
1713 2861 1750 2962 (')
1779 2869 1862 2965 oqui

695 2987 843 3064 barbari
868 2990 928 3064 vel
956 2990 1099 3084 arabes,
1125 2996 1213 3064 sotto
1239 2991 1334 3063 altra
1358 2993 1469 3082 stella,
1495 2990 1597 3085 idest,
1624 2991 1867 3066 constellatio-
1982 3025 1985 3032 ·

695 3131 793 3205 nem,
812 3109 916 3205 quasi
933 3111 1044 3184 dicat:
1064 3116 1263 3204 antequam
1285 3110 1395 3186 intret
1420 3110 1520 3184 aliud
1545 3110 1703 3207 signum,
1721 3111 1866 3205 scilicet,

695 3238 859 3325 taurum,
886 3230 949 3324 qui
974 3230 1143 3323 sequitur
1168 3230 1333 3304 arietem.

769 3357 810 3424 lo
826 3371 899 3424 nou
915 3354 950 3424 lo
966 3354 1075 3424 mles.
1103 3350 1174 3425 lsta
1200 3357 1255 3424 est
1280 3350 1386 3425 tertia
1414 3371 1497 3444 pars
1522 3351 1716 3446 generalis,
1733 3352 1769 3425 in
1794 3371 1866 3445 qua

695 3479 803 3568 poeta
827 3471 999 3546 describit
1025 3471 1274 3546 reversionem
1302 3471 1396 3544 illius
1413 3471 1509 3546 beati
1528 3471 1712 3545 exercitus
1728 3472 1774 3546 ad
1791 3491 1867 3546 coe·

695 3594 824 3669 lostam
843 3591 1018 3688 patriam3
1037 3599 1074 3666 et
1092 3591 1211 3687 primo
1232 3597 1274 3664 nt
1300 3598 1480 3687 praeparet
1497 3611 1538 3666 se
1554 3592 1599 3666 ad
1620 3593 1731 3667 talem
1751 3599 1868 3666 mate-

696 3714 789 3788 riam
811 3711 981 3787 describit
997 3711 1184 3804 quomodo
1198 3703 1235 3804 (³)
1251 3711 1472 3786 obdormivit
1494 3712 1542 3785 ibi
1562 3712 1610 3786 ad
1635 3712 1866 3786 dulcedinem

695 3840 837 3926 cantus,
847 3853 893 3907 eo
908 3831 1018 3905 modo
1031 3832 1237 3927 qqurgus
1251 3831 1471 3906 obdormivit
1483 3831 1528 3906 ad
1543 3831 1820 3908 delectationem
1828 3820 1865 3925 (⁴)

695 3952 774 4027 soni
790 3952 971 4027 ldercurii.
991 3951 1046 4033 Ad
1069 3951 1176 4026 cuius
1194 3941 1230 4042 (⁵)
1261 3951 1314 4026 rei
1333 3951 1554 4025 evidentiam
1580 3957 1723 4046 oportet
1749 3953 1866 4048 primo

695 4072 789 4148 scire
823 4072 922 4167 quod
947 4072 1021 4166 Isis,
1049 4091 1133 4166 quae
1167 4079 1275 4146 antea
1302 4079 1430 4147 vocata
1461 4072 1582 4146 luerat
1611 4072 1663 4167 lo,
1689 4073 1756 4147 luit
1779 4074 1864 4149 olim

695 4193 823 4290 regina
848 4193 1050 4268 clarissima
1074 4192 1330 4288 egyptiorum,
1357 4198 1395 4266 et
1420 4197 1544 4287 postea
1574 4193 1800 4268 sanctissima
1829 4201 1867 4270 et

695 4313 913 4409 venerabilis
937 4313 1029 4387 dea:
1057 4312 1104 4387 de
1129 4312 1234 4385 cuius
1262 4319 1428 4406 ternpore
1453 4317 1491 4386 et
1516 4313 1727 4407 parentibus
1753 4315 1865 4390 variae

694 4438 733 4506 et
757 4451 863 4507 vanae
887 4431 1075 4527 opiniones
1100 4437 1186 4505 sunt
1216 4432 1314 4526 apud
1345 4431 1503 4506 illustres
1533 4440 1692 4508 autores.
1724 4433 1795 4508 Sed
1826 4440 1867 4508 ut

694 4552 821 4627 ovidio
846 4553 1025 4646 faveatur,
1051 4551 1119 4625 luit
1151 4551 1223 4626 lilia
1248 4552 1369 4626 lnaobi
1395 4553 1503 4648 primi
1529 4555 1626 4650 regis
1650 4555 1864 4651 argivorum

694 4679 734 4748 et
751 4693 858 4748 soror
876 4672 1056 4746 Phoronei
1074 4671 1196 4768 magni
1215 4672 1430 4768 legislatoris
1447 4681 1613 4769 tempore
1630 4675 1751 4749 Jacob.
1767 4675 1864 4769 llaec,

757 4901 784 4962 ll
802 4901 833 4950 E·
848 4901 924 4950 neris
1366 4901 1394 4964 (²)
1411 4904 1441 4953 Ε.
1458 4904 1528 4954 atvar.

757 4977 784 5037 (Ἴ
800 4980 855 5036 tlt,
871 4979 1003 5040 qomodo
1016 4979 1207 5030 obdormiverit
1222 4979 1266 5028 ibi.
1366 4979 1393 5041 (¹)
1410 4984 1464 5041 117,
1477 4980 1645 5032 hloadhen
1659 4979 1725 5030 ui.

757 5053 783 5115 (¹)
800 5054 830 5103 E.
848 5053 890 5102 Ad
907 5055 981 5105 cuius
996 5057 1151 5107 evidentiam
1168 5057 1301 5108 sciendum
1317 5059 1397 5120 quod.
