4342 6692
712 934 852 991 corros
875 931 1101 991 rnronsrnros
1235 936 1237 941 ’
1417 924 1489 993 215

320 1104 367 1160 ex
391 1085 639 1182 indignatione
669 1090 707 1158 et
738 1082 792 1157 ira
823 1082 988 1156 nominat
1001 1075 1038 1175 (¹)
1072 1102 1172 1177 enm,
1205 1082 1299 1158 sicut
1327 1085 1489 1159 solemus

321 1205 443 1280 iecore
469 1204 617 1299 quando
642 1204 723 1277 irati
749 1204 937 1277 minamur
962 1202 1146 1278 iniurianti
1174 1204 1297 1299 nobis;
1324 1206 1382 1278 vei
1407 1204 1489 1278 ideo

321 1326 467 1401 Bestrir
492 1344 628 1401 nomen
659 1323 849 1418 expressit,
880 1324 966 1417 qnia
992 1325 1061 1397 sub
1093 1325 1170 1419 ipso
1202 1325 1349 1399 nomine
1379 1326 1515 1400 tacite'

322 1444 467 1521 vitetur
491 1452 645 1541 tangere
668 1465 768 1551 eum,
795 1444 900 1539 quasi
924 1445 1067 1519 dicens:
1086 1465 1175 1519 vere
1192 1464 1232 1521 es
1248 1447 1383 1521 Dentes
1399 1447 1489 1520 dans

322 1572 359 1641 te
382 1566 429 1640 nd
452 1564 608 1660 diversa,
634 1564 720 1659 quin
746 1565 793 1639 ad
818 1565 1094 1660 philosophiam,
1119 1565 1165 1641 ad
1196 1567 1386 1661 porcinam,
1413 1567 1489 1641 irno

322 1686 426 1780 quusi
451 1686 574 1761 omnio
598 1691 751 1783 gustare
776 1683 918 1760 voluisti
945 1686 1046 1781 prius
1072 1707 1185 1780 quarn
1202 1707 1346 1761 sacram
1371 1688 1488 1762 scien·

323 1807 422 1881 ticin
448 1806 507 1881 Sic
531 1828 622 1904 ergo
638 1808 754 1902 ipsam
772 1805 855 1900 ridi,
877 1809 978 1897 quast
993 1809 1231 1898 ammiroptio,
1249 1800 1488 1902 praeiectusi²i

323 1926 456 2020 dessio,
480 1928 541 2000 cde
565 1930 661 2000 oienc
685 1948 710 1999 a
735 1929 840 2000 ocder
867 1930 905 2000 la
932 1934 1032 2017 pente
1060 1930 1119 2000 cite
1144 1931 1318 2018 minoda,
1343 1930 1491 2021 scilicet,

258 2078 262 2088 ¹
324 2044 495 2141 remiges,
516 2066 582 2138 per
606 2049 657 2137 pti
679 2048 764 2119 altri
787 2048 891 2136 doni,
923 2051 1029 2120 extra
1067 2067 1177 2120 suurn
1203 2049 1437 2143 principalem
1453 2039 1491 2142 (³)

322 2168 362 2238 in
391 2186 514 2258 poppo
551 2174 585 2239 et
616 2170 655 2239 io
681 2184 813 2258 proto,
851 2165 1060 2240 discurrens
1092 2184 1157 2260 per
1191 2174 1303 2242 totam
1334 2170 1491 2264 galeam,

324 2289 404 2359 eir
427 2289 587 2377 irrcnora,
613 2286 716 2380 idest,
743 2286 928 2378 inanimnt,
954 2306 980 2358 o
1007 2287 1072 2358 den
1102 2290 1198 2381 sare,
1223 2287 1326 2382 idest,
1352 2288 1492 2362 sortiter

324 2405 571 2501 navigandum
596 2406 686 2480 dum
713 2414 861 2501 tempus
885 2406 1030 2499 habent,
1056 2408 1116 2479 rei
1140 2407 1377 2503 pugnandum
1406 2425 1491 2481 curn

325 2544 432 2599 casos
455 2525 578 2621 exigit.
605 2526 648 2599 Et
673 2525 732 2600 hic
757 2531 843 2600 nota
869 2530 1048 2620 qnantum
1081 2526 1306 2621 comparatio
1331 2534 1386 2602 est
1407 2548 1494 2622 pro-

326 2645 427 2740 pria:
455 2646 628 2740 qnoniam
659 2646 727 2719 ista
758 2645 907 2720 domina
936 2645 1158 2720 admirabilis
1184 2665 1289 2720 more
1313 2646 1493 2721 admiralii

325 2766 535 2841 discurrens
576 2786 643 2861 per
682 2766 848 2841 omnium
887 2766 1005 2840 studia
1049 2766 1142 2841 sicut
1179 2787 1245 2862 per
1287 2768 1492 2862 prophetas,

327 2886 568 2982 evangelistas
597 2893 666 2962 etc
701 2906 831 2961 ornnes
855 2886 1025 2959 hortetur
1050 2885 1096 2959 ad
1126 2886 1220 2961 bene
1244 2887 1427 2981 agendum
1456 2894 1494 2961 ct

328 3006 489 3101 probiter
502 2993 540 3097 (⁸)
566 3006 802 3102 pugnandum
829 3006 866 3079 in
892 3006 959 3080 ista
986 3005 1135 3099 militia3
1162 3012 1199 3081 et
1224 3028 1322 3081 nunc
1348 3014 1493 3102 poetam

328 3126 456 3223 pnngit
472 3125 535 3220 qui
553 3126 658 3200 tarde
683 3124 905 3203 venerated
932 3126 1160 3199 militandum
1181 3127 1260 3221 jarn
1283 3134 1493 3202 transcurso

328 3246 449 3320 medio
474 3246 632 3320 termino
656 3264 734 3319 suoe
760 3246 917 3319 vite-
935 3242 1100 3319 Tottocid.
1132 3246 1196 3320 Hic
1234 3254 1341 3340 poeta
1380 3248 1495 3342 posita

326 3366 558 3461 dispositione
582 3365 755 3440 Bentricis
779 3386 909 3439 versos
925 3384 977 3459 se,
995 3386 1094 3440 nunc
1111 3374 1379 3459 consequenter
1396 3368 1496 3463 ponit

326 3486 612 3582 increpationem
639 3486 803 3561 eiusdem
829 3491 959 3560 contro
975 3505 1016 3560 se
1031 3480 1173 3561 dicens:
1198 3494 1235 3560 et
1256 3488 1315 3561 ilia
1336 3488 1496 3582 domine,

328 3623 436 3680 ortem
454 3615 640 3699 protervo,
665 3606 767 3699 idest,
787 3606 901 3702 rigido
928 3606 985 3680 vei
1009 3608 1181 3701 superba,
1198 3611 1353 3682 neliatto
1378 3612 1498 3700 repol-

329 3734 451 3821 m,
473 3726 560 3821 quia
576 3725 622 3801 ad
642 3724 793 3800 modurn
813 3726 949 3821 reginae
974 3726 1076 3800 irstae
1103 3729 1304 3822 tremenda,
1322 3722 1497 3821 contioud,

329 3845 375 3921 od
401 3847 562 3942 primum
587 3846 726 3919 dictum
753 3844 933 3939 superius,
959 3865 1054 3918 come
1077 3848 1168 3919 coici
1191 3850 1251 3920 cie
1276 3851 1361 3944 dioc,
1388 3870 1497 3943 pero-

330 3983 416 4040 rem
439 3973 568 4041 contro
592 3967 765 4061 niiqucm,
791 3969 851 4039 e't
868 3961 932 4058 pid
951 3968 1053 4039 caldo
1066 3970 1198 4058 porlar
1218 3972 1329 4042 diotre
1345 3973 1498 4061 ciceron

330 4085 431 4180 idest,
457 4087 683 4163 reservatio
709 4087 820 4161 finem
846 4086 996 4159 fortiora
1025 4096 1247 4181 argumenta
1273 4089 1319 4163 ed
1344 4110 1498 4186 persua·

314 4204 508 4301 dendum
532 4213 571 4281 et
596 4207 646 4281 ito
667 4206 812 4281 Beotrix
831 4205 890 4279 hic
909 4205 1032 4300 incipit
1049 4227 1072 4280 a
1090 4207 1308 4300 quibusdam
1327 4222 1498 4284 'commn-

330 4326 493 4401 nicribns
516 4334 554 4402 et
578 4328 796 4403 levioribus:
814 4326 895 4401 telis
911 4344 1003 4422 ergo
1023 4333 1061 4401 et
1078 4332 1153 4400 toni
1175 4328 1289 4423 rigida
1307 4330 1499 4404 videbator

331 4463 430 4521 nnnc
451 4446 600 4521 Beatrir
625 4446 709 4522 licet
735 4468 808 4521 non
833 4452 955 4541 posset
984 4446 1079 4521 benc
1111 4446 1236 4522 videre
1262 4468 1358 4542 enm,
1384 4450 1500 4543 impe—

330 4566 451 4641 diente
474 4568 558 4642 reio
583 4574 620 4641 et
644 4553 759 4662 sert03
779 4566 877 4641 unde
893 4566 997 4641 dicit:
1019 4565 1176 4662 morto,
1199 4569 1302 4663 idest,
1321 4572 1500 4664 quamvis,

329 4688 473 4780 docio,
507 4686 654 4781 scilicet,
679 4688 818 4779 cibum,
846 4687 907 4759 coe
937 4688 969 4759 le
998 4690 1148 4761 scerrdea
1185 4691 1223 4761 di
1261 4697 1358 4783 testo,
1391 4710 1502 4785 super

331 4804 473 4900 inciens,
493 4808 666 4879 cercdioto
690 4808 787 4879 dolia
810 4807 941 4898 fronde
964 4807 1002 4878 di
1026 4810 1202 4899 Minerva,
1219 4809 1321 4903 idest,
1339 4810 1502 4885 circum·

394 4993 421 5055 (¹)
438 4998 493 5054 117,
509 4995 660 5045 nominaris
888 4991 916 5053 (¹)
933 4994 964 5043 Ε.
980 4994 1026 5057 qui
1043 5000 1082 5045 cst
1098 4996 1237 5059 proiectos
1253 4998 1349 5049 thosis.

396 5067 422 5129 ι’)
438 5069 469 5119 Β.
486 5069 633 5133 prinoipnle.
889 5068 916 5131 (¹)
934 5074 987 5129 117,
1006 5068 1109 5120 sortiter
1125 5074 1298 5136 pugnandum.
