4342 6692
659 913 796 970 cunnus
821 913 1013 970 vrousruus
1037 914 1181 968 veluus.
1456 905 1499 970 11

332 1061 416 1136 licet
441 1061 539 1155 velit,
558 1068 682 1136 tamen
707 1081 781 1134 uon
806 1058 986 1134 desiderat
1007 1059 1207 1134 ascendere
1230 1064 1317 1134 aute
1341 1059 1502 1135 debitam

334 1181 636 1274 satisfactionem
662 1186 699 1256 et
724 1199 811 1254 ecee
835 1199 1007 1253 causam:
1034 1181 1106 1269 eie,
1132 1178 1234 1272 idest,
1261 1177 1359 1271 quia,
1385 1182 1423 1251 ta
1448 1183 1504 1253 rti-

334 1304 418 1374 uinu
441 1303 603 1391 pimtizr'a
625 1321 717 1393 pone
741 1302 781 1371 ut
802 1306 986 1391 turnaento,
1014 1298 1127 1393 ipsam
1153 1297 1316 1373 animam
1348 1318 1504 1393 peccan-

333 1421 389 1516 tis,
415 1441 482 1495 con
506 1422 558 1493 tal
581 1423 712 1510 nuptia,
742 1419 870 1494 eadem
905 1420 1095 1493 voluntate
1127 1418 1254 1513 libera,
1278 1439 1375 1493 come
1400 1423 1441 1513 su
1465 1421 1505 1491 ut

326 1561 479 1635 peecar:
503 1542 550 1616 de
574 1541 636 1614 tali
662 1542 850 1626 voluntate
875 1539 1017 1616 dicetur
1034 1539 1127 1614 iulra
1144 1539 1303 1635 capitulo
1321 1541 1504 1614 xxdi-

330 1667 375 1736 Et
396 1665 443 1734 io.
469 1661 534 1735 Hic
566 1661 701 1735 Statius
736 1659 928 1735 confirmat
965 1659 1064 1752 quod
1102 1658 1191 1732 divit
1223 1660 1394 1756 exemplo
1431 1659 1501 1754 sui,

331 1789 368 1858 et
393 1782 444 1857 sic
470 1782 675 1857 manifestat
707 1801 813 1856 suam
845 1780 1110 1856 liberationem.
1135 1779 1228 1856 Dicit
1257 1800 1367 1875 ergo:
1398 1782 1502 1854 Elio

193 1911 195 1916 '
330 1905 390 1976 cde
414 1923 479 1976 son
502 1905 652 1994 placiule
677 1922 702 1974 a
727 1909 845 1993 questu
869 1905 1003 1992 duplic,
1024 1899 1127 1990 idest,
1149 1921 1219 1998 ego
1245 1901 1308 1994 qui
1333 1899 1500 1975 subiacul

331 2025 416 2100 huic
441 2023 619 2098 dolorosae
644 2043 763 2116 poenae
787 2042 1000 2116 avarorum,
1034 2025 1249 2112 depascente
1275 2025 1362 2095 aare
1386 2044 1404 2094 e
1424 2015 1500 2113 piri,

330 2145 427 2219 ultra
452 2147 628 2236 quartum
655 2141 896 2216 centesimum
921 2161 1061 2214 annum
1089 2162 1164 2234 quo
1186 2147 1337 2218 steterat
1352 2162 1419 2236 pro
1436 2160 1501 2214 ac-

330 2263 421 2338 cidia
446 2263 484 2336 in
508 2267 642 2355 quarto
668 2260 819 2355 circulo,
845 2266 887 2334 ut
917 2260 1059 2336 dicetur
1089 2260 1193 2354 iulra,
1216 2283 1288 2353 pur
1319 2282 1376 2334 mo
1399 2262 1500 2334 senti

329 2384 440 2458 libera
466 2371 607 2455 uotontd
631 2384 669 2455 di
692 2383 833 2470 miplior
849 2383 976 2472 sopito,
994 2379 1097 2474 idest,
1117 2380 1334 2454 ascendendi
1355 2380 1403 2454 ad
1421 2398 1501 2454 me·

330 2502 458 2577 liorem
480 2509 518 2576 et
538 2500 766 2596 superiorem
783 2500 954 2596 gradum.
971 2500 1015 2576 Et
1032 2498 1215 2574 concludit
1232 2499 1378 2592 Statius,
1400 2498 1498 2592 quod

330 2623 389 2698 ille
413 2630 554 2697 tremor
581 2621 713 2694 montis
738 2625 775 2694 et
800 2620 939 2695 elamor
964 2620 1159 2715 spirituum
1190 2620 1307 2694 iactus
1332 2627 1388 2694 est
1414 2639 1499 2713 pro·

329 2750 411 2839 pter
436 2763 535 2817 eum.
566 2741 659 2816 Dicit
690 2762 801 2836 ergo:
821 2733 912 2834 perd
942 2744 1072 2814 senttsti
1104 2743 1316 2830 ittremoto,
1346 2760 1365 2812 e
1394 2743 1420 2812 a·
1447 2742 1501 2832 pii

328 2866 454 2956 spiriti,
481 2863 626 2956 scilicet,
651 2883 863 2957 avarorum,
890 2861 953 2956 qui
984 2861 1135 2936 suerunt
1167 2861 1204 2935 iu
1235 2861 1308 2936 vita
1337 2859 1438 2955 impii
1462 2867 1501 2940 et

329 2984 419 3058 alios
444 2983 602 3076 spiritus,
626 3004 692 3075 per
723 2986 757 3055 lo
788 2989 901 3056 monte
931 2985 1062 3056 render
1091 2984 1169 3056 lodo
1202 3002 1227 3054 a
1254 2984 1333 3072 puel
1355 2985 1500 3072 Sipnor,

329 3103 508 3178 dicentes:
526 3103 649 3178 Gloria
666 3103 703 3176 in
721 3103 872 3178 excelsis
889 3103 976 3197 Deo,
995 3105 1054 3174 cle
1071 3106 1158 3177 tosto
1174 3123 1216 3174 su
1231 3105 1382 3194 pl’tnoii,
1395 3102 1498 3196 idest,

330 3223 463 3319 dirigat
487 3224 533 3298 ad
560 3223 768 3318 superiores
787 3223 924 3319 gradus
940 3221 1036 3296 sieut
1053 3242 1113 3296 me
1131 3221 1288 3296 inviavit.
1306 3223 1350 3296 Et
1368 3222 1498 3296 ultimo

330 3348 439 3437 poeta
464 3343 564 3437 ponit
597 3341 770 3417 ellectum
801 3341 1041 3436 responsionis
1072 3341 1175 3415 lactae
1204 3362 1226 3414 a
1258 3341 1383 3433 Statio,
1409 3341 1497 3435 quia

331 3462 507 3538 remansit
532 3462 738 3557 quietatum
764 3460 983 3537 desiderium
1011 3459 1091 3534 eius
1114 3460 1276 3535 omniuo.
1299 3460 1391 3534 llicit
1407 3479 1499 3555 ergo

329 3581 597 3656 oontinuative:
624 3573 694 3654 cosi
717 3583 768 3672 pti
792 3584 895 3671 disse,
912 3580 1047 3670 Statius
1061 3580 1229 3676 Virgili03
1246 3601 1266 3653 e
1281 3602 1355 3654 non
1377 3584 1498 3673 suprei

328 3704 386 3776 dir
410 3687 540 3793 quanto
566 3705 614 3776 mi
635 3706 708 3796 [ece
730 3705 865 3794 prode5
883 3701 986 3796 quasi
1012 3700 1127 3777 dicat:
1146 3700 1252 3774 nimis
1269 3701 1421 3795 proiecit
1437 3701 1494 3774 siti

329 3842 422 3898 meae
448 3823 617 3918 naturali,
644 3824 690 3898 de
715 3844 789 3916 qua
814 3822 951 3897 dictum
982 3829 1038 3898 est
1067 3822 1105 3894 in
1134 3820 1309 3916 principio
1337 3822 1496 3918 capituli.

328 3943 404 4018 Hoc
440 3949 567 4018 autern
606 3943 766 4020 declarat
803 3963 869 4038 per
909 3930 1165 4037 metaphoram
1199 3941 1509 4037 propriissimum,

329 4062 451 4138 dicens
476 4064 595 4138 clare:
619 4055 708 4157 perd
737 4066 796 4136 clte
826 4067 857 4136 si
888 4065 979 4154 uode
1003 4069 1100 4136 tanto
1134 4066 1191 4137 del
1217 4065 1297 4136 bere
1327 4059 1501 4156 quantoe*

328 4185 467 4272 mande
491 4186 527 4256 ta
552 4191 630 4256 sete.
652 4183 696 4256 Et
719 4183 776 4257 hic
794 4188 878 4256 uota
897 4181 994 4276 quod
1011 4183 1110 4276 potio
1130 4188 1187 4256 est
1204 4189 1312 4279 grata
1328 4203 1403 4257 nou
1420 4188 1496 4258 taur
1543 4170 1545 4177 ’
1617 4261 1622 4283 Ι

329 4304 577 4398 esqualitate
607 4303 692 4397 vini,
723 4325 834 4398 quam
866 4323 910 4377 ex
942 4301 1174 4398 dispositione
1205 4303 1378 4396 bibentis,
1403 4302 1498 4407 sicut

328 4424 445 4520 gratia
470 4424 627 4519 exempli
653 4426 788 4500 Xerses
813 4424 1086 4518 potentissimus
1111 4444 1178 4499 rex
1203 4443 1407 4519 persarum,
1433 4421 1496 4516 qul
1524 4410 1526 4413 ’

328 4563 416 4617 cunr
434 4543 690 4619 innumerabili
709 4543 875 4618 exercitu
894 4543 1024 4618 invasit
1035 4543 1214 4640 Graeciam
1227 4543 1317 4618 dum
1332 4544 1449 4618 viliter
1460 4535 1497 4633 (¹)

328 4663 530 4739 debellatus
555 4665 711 4760 turpiter
736 4671 774 4740 et
798 4665 939 4760 trepide
965 4664 1120 4761 lugeret,
1146 4662 1223 4738 visa
1247 4663 1285 4767 in
1315 4664 1373 4737 via
1399 4685 1497 4758 aqua

328 4783 486 4876 turbida,
507 4783 643 4877 loetida,
664 4784 785 4858 statim
804 4784 998 4859 declinavit
1014 4783 1061 4858 ad
1081 4790 1218 4858 terram
1237 4789 1275 4856 et
1292 4783 1403 4877 ooepit
1418 4783 1499 4856 avi·

393 5042 420 5106 r)
437 5043 467 5094 v.
485 5043 601 5096 ventur.
686 5105 691 5120 Ι
