4342 6692
745 934 883 990 caurus
907 935 1091 990 snnrruus.
1438 919 1509 988 473

335 1081 416 1175 bue,
434 1084 508 1155 mat
522 1083 735 1175 soddt'sfurc‚
752 1081 934 1175 superbiae
959 1101 1047 1154 suae.
1069 1080 1112 1152 Et
1129 1079 1291 1176 assignat
1315 1079 1511 1173 rationem,

331 1223 397 1295 per
414 1222 500 1276 voon
527 1209 628 1294 poter
651 1204 687 1274 tr
711 1203 824 1293 pinso,
850 1201 953 1296 idest,
980 1201 1156 1276 inclinare
1180 1221 1232 1296 se,
1252 1221 1320 1275 con
1342 1203 1511 1291 umdmte,

334 1329 463 1397 contra
488 1320 710 1416 superbiam,
738 1321 936 1395 abbedendo
958 1324 1034 1414 pot,
1059 1328 1187 1396 contra
1214 1321 1512 1416 inobedientiam,

335 1449 465 1535 quanto
488 1445 593 1514 iutese
616 1444 652 1513 t'r
675 1461 757 1514 suso
783 1441 1044 1534 disubbidendO,
1070 1441 1157 1536 quia
1184 1441 1299 1515 votuit
1324 1441 1419 1516 scire
1444 1441 1512 1517 bo-

302 1621 306 1627 .
336 1584 426 1636 num
453 1569 490 1638 et
516 1561 655 1635 malum
683 1561 776 1636 sicut
801 1561 909 1636 Deus.
936 1563 980 1636 Et
1004 1561 1063 1635 bic
1090 1568 1176 1636 nota
1207 1561 1306 1657 quod
1339 1562 1418 1657 pari
1450 1583 1512 1636 ra-

337 1681 435 1757 tione
459 1682 613 1778 angelus
639 1701 712 1756 uon
738 1688 882 1777 poterat
907 1703 987 1758 esse
1018 1691 1209 1777 reparator
1235 1682 1402 1777 bominis,
1423 1683 1512 1777 quia

335 1803 477 1900 primus
502 1803 656 1898 augelus
681 1802 797 1877 voluit
821 1804 980 1898 superbe
1006 1803 1085 1878 fieri
1111 1804 1236 1878 similis
1257 1802 1449 1878 ditissimo.
1467 1803 1512 1876 Et

336 1923 440 1999 dicit:
467 1945 486 1996 c
510 1930 629 2015 questa
653 1919 675 1996 e*
698 1925 734 1996 ta
758 1927 902 2016 rapina,
929 1923 1030 2018 idest,
1057 1923 1263 2019 principalis
1288 1945 1414 2018 causa,
1425 1944 1512 2017 per-

336 2041 397 2118 cite*
421 2046 443 2117 t’
455 2063 536 2116 uum
558 2048 618 2138 sue
643 2045 827 2138 descitum,
856 2043 947 2118 idest
979 2043 1151 2117 exclusus
1183 2052 1221 2119 et
1250 2051 1437 2139 exceptus
1462 2047 1513 2118 do

333 2171 437 2257 poter
461 2166 642 2256 suddisset·
661 2185 730 2257 per
754 2160 803 2254 sd,
830 2163 932 2258 idest,
954 2164 1102 2259 propria
1127 2165 1276 2259 virtute,
1292 2165 1379 2260 quia
1399 2167 1512 2240 bomo

339 2305 412 2359 non
437 2290 582 2379 poterat
607 2303 830 2377 recuperare
851 2289 989 2356 statum
1016 2283 1245 2378 innocentie,
1272 2283 1340 2358 nisi
1365 2283 1513 2358 dimissa

336 2407 455 2510 culpa,
482 2425 595 2500 quam
622 2404 807 2479 dimittere
833 2425 906 2477 non
937 2403 1095 2478 debebat
1123 2404 1245 2479 divina
1271 2405 1411 2501 justitia
1446 2405 1514 2480 uisi

336 2547 402 2620 per
432 2525 714 2599 satisfactionem
746 2524 989 2620 condignam:
1022 2531 1059 2598 et
1090 2526 1175 2621 quia
1205 2527 1414 2601 satisfacere
1439 2547 1515 2600 non

336 2650 491 2741 poterat,
517 2645 583 2718 nisi
609 2644 708 2718 Deus
733 2665 801 2740 pro
827 2650 904 2718 toto
923 2645 1085 2719 humano
1102 2665 1253 2741 genere,
1270 2665 1339 2720 neo
1356 2645 1514 2721 debebat

337 2765 405 2838 nisi
430 2766 542 2840 bomo
567 2765 629 2860 qui
662 2771 897 2860 peccaveram
924 2764 1005 2839 ideo
1040 2767 1413 2862 congruentissimum
1445 2765 1514 2840 fuit

337 2887 544 2960 humanum
570 2907 688 2982 genus
715 2886 879 2980 reparari
904 2906 970 2978 per
994 2884 1114 2959 Deum
1133 2887 1512 2962 bominem-Drm-

336 3026 411 3098 pue.
438 3007 543 3080 Nunc
569 3006 699 3079 ultimo
725 3005 871 3080 beatrix
896 3006 1046 3081 excluso
1073 3007 1221 3082 bomine
1239 3029 1263 3081 a
1280 3009 1512 3102 reparatione

336 3127 521 3202 concludit
545 3127 643 3220 quod
669 3126 767 3200 Deus
793 3126 919 3202 debuit
938 3145 1019 3201 esse
1044 3134 1246 3222 reparator.
1271 3129 1316 3201 Et
1340 3129 1399 3204 bic
1424 3136 1512 3204 uota

338 3247 437 3342 quod
461 3246 585 3319 nutius
611 3246 743 3320 modus
768 3253 849 3321 erat
879 3253 954 3320 tam
981 3247 1204 3321 conveniens
1234 3254 1272 3322 et
1301 3269 1512 3344 congruens

338 3373 529 3462 reparator
542 3360 593 3461 (¹),
607 3365 675 3440 nisi
699 3366 798 3460 quod
817 3367 914 3441 Deus
931 3365 1037 3442 fieret
1055 3368 1177 3442 bomo.
1195 3369 1288 3443 Nam
1306 3390 1393 3444 cum
1411 3368 1512 3465 prin·

336 3487 473 3582 cipium
499 3485 710 3562 effectivum
737 3507 864 3561 rerum
888 3506 962 3560 non
979 3486 1141 3582 potuerit
1157 3507 1226 3561 nec
1241 3487 1411 3564 debuerit
1432 3507 1514 3563 esse

336 3610 403 3685 nisi
428 3608 538 3702 Deus,
565 3613 602 3682 et
628 3627 701 3681 non
728 3607 849 3682 minus
866 3607 912 3681 sit
930 3627 989 3682 res
1010 3607 1174 3682 conditas
1191 3629 1378 3704 reparare,
1397 3630 1511 3704 quam

336 3730 373 3804 in
399 3749 479 3803 esse
504 3727 720 3821 producere,
739 3727 832 3800 sicut
853 3748 926 3801 non
953 3726 1075 3800 minus
1096 3733 1152 3802 est
1169 3728 1263 3802 bene
1282 3749 1375 3821 esse,
1397 3749 1512 3823 quam

337 3849 547 3943 simpliciter
565 3867 664 3940 esse3
686 3847 985 3921 decentissimum
1005 3847 1074 3919 suit
1094 3846 1311 3943 principium
1333 3848 1512 3942 reparati-

337 3991 426 4045 vum
454 3988 582 4042 rerum
608 3987 689 4042 esse
713 3966 832 4041 Deum
859 3987 1063 4060 summum,
1084 3972 1127 4039 ut
1147 3965 1241 4040 sicut
1265 3968 1388 4042 omnia
1406 3989 1512 4044 crea-
1547 4054 1554 4062 ,

338 4095 444 4166 verat
469 4109 535 4184 per
558 4087 1008 4181 Verbum.*increatum,
1039 4085 1092 4160 sic
1116 4087 1240 4162 omnia
1265 4095 1415 4164 curaret
1446 4111 1512 4186 per

273 4251 274 4254 κ
337 4209 501 4285 Verbum
516 4208 535 4252 *
550 4199 586 4300 (²)
606 4207 849 4314 incarnatum.
877 4207 970 4282 Dicit
995 4227 1086 4303 ergo
1112 4206 1149 4279 in
1174 4207 1298 4282 litera:
1323 4213 1512 4302 Duupueo

338 4335 407 4406 Dio
432 4333 601 4404 conventa
629 4332 780 4422 riparur
809 4331 944 4402 tuomo
973 4349 998 4400 a
1024 4330 1511 4425 conuncupandum

336 4452 496 4546 beatam,
522 4473 589 4524 coo
613 4454 643 4525 tc
666 4470 727 4524 sue
751 4452 817 4540 oie,
834 4470 918 4543 quae
939 4455 1025 4522 sunt
1045 4448 1140 4542 duae,
1159 4448 1295 4523 scilicet
1308 4439 1358 4545 (Β),
1371 4450 1513 4545 iustitia

338 4579 493 4667 tantum⁷
528 4571 586 4647 vel
623 4569 872 4645 misericordia
904 4577 1060 4664 tantum,
1091 4591 1200 4643 ouocr
1232 4591 1300 4643 coo
1330 4573 1511 4669 andcduc,

335 4693 428 4768 idest
453 4713 539 4767 curn
561 4691 702 4786 justitia
727 4698 764 4765 et
791 4689 1040 4764 misericordia
1064 4691 1186 4764 simut.
1204 4691 1248 4764 Et
1264 4691 1387 4766 subdit
1413 4695 1513 4790 quod

398 4850 426 4914 (¹)
442 4853 473 4902 Ε.
491 4851 656 4914 reparationi.

397 4927 424 4990 ξ’]
441 4929 477 4978 Le
493 4929 581 4992 parole
598 4927 638 4978 ira
655 4929 663 4976 i
680 4928 730 4978 due
745 4927 879 4978 asteriscbi
896 4941 942 4978 son
958 4927 1069 4992 supplite
1087 4927 1128 4978 dat
1143 4926 1232 4978 codici
1248 4933 1263 4978 t
1279 4941 1295 4979 e
1311 4929 1427 4979 Estense.

398 5002 426 5067 ι’)
441 5008 465 5062 t,
482 5003 581 5054 scilicet
596 5003 696 5068 justitia
716 5007 743 5053 et
763 5003 950 5066 misericordia,
971 5003 1031 5055 ideo
1056 5003 1136 5054 dicits
1160 5005 1217 5054 dico
1232 5019 1279 5054 oon
1295 5005 1385 5064 treta,
1402 5006 1511 5069 scillcet,

333 5081 432 5146 justitia
448 5084 557 5130 tuntum.
