4342 6692
679 853 726 922 tt
1036 807 1241 925 conterruit
1265 862 1487 920 runcrronu

678 1007 907 1089 melicnrum.
933 1009 977 1084 Et
1002 1007 1060 1086 tric
1087 1014 1173 1090 noto
1198 1008 1297 1106 qnod
1321 1007 1472 1086 ovidius
1493 1007 1553 1085 oti
1574 1029 1687 1106 snpra
1711 1007 1847 1089 descri-

675 1126 765 1206 bens
792 1128 926 1204 tarnem
953 1127 1038 1206 dicit
1062 1128 1227 1207 similiter
1252 1127 1353 1226 quod
1378 1125 1535 1205 habebnt
1566 1127 1695 1208 ocutos
1725 1148 1846 1223 corno,

674 1246 822 1344 capillos
848 1248 972 1344 hirtos,
999 1247 1094 1328 lobio
1119 1247 1361 1343 intendentes
1387 1246 1630 1343 rubiginosos,
1645 1248 1760 1324 cutim
1777 1247 1848 1328 du·

677 1389 756 1458 rom
783 1376 822 1448 et
846 1369 1027 1464 subtilem,
1051 1388 1118 1464 per
1143 1389 1256 1466 qonrn
1274 1373 1444 1466 poterant
1463 1366 1578 1447 rideri
1603 1367 1728 1444 omnia
1752 1368 1848 1448 inte-

675 1489 787 1586 stina5
808 1495 936 1588 pectus
953 1488 1113 1568 habebnt
1127 1487 1289 1585 pendens
1305 1494 1343 1566 et
1360 1494 1527 1564 ventrem
1546 1487 1700 1564 affixum
1722 1488 1845 1586 spinoe,

674 1607 775 1708 digiti
802 1609 1020 1686 videbantur
1038 1608 1148 1705 longi,
1165 1629 1288 1708 genua
1308 1608 1443 1702 indata,
1460 1608 1621 1686 calcanei
1643 1609 1776 1706 magni.
1801 1610 1845 1685 Et

674 1729 796 1806 subdit
819 1735 925 1825 poeta
950 1728 1049 1824 quod
1075 1749 1149 1806 nnn
1175 1735 1318 1826 poterat
1339 1747 1563 1825 cognoscere
1587 1749 1737 1804 cauom
1764 1729 1845 1808 tntis

675 1847 791 1944 tamis,
817 1847 1001 1943 quianon
1028 1853 1174 1946 poterat
1201 1847 1395 1948 imaginari
1427 1847 1527 1941 quod
1556 1848 1772 1943 procederet
1796 1848 1844 1930 ob

672 1967 807 2050 arbore
840 1966 924 2064 itia5
959 1967 1057 2045 unde
1094 1967 1180 2046 dicit
1213 1967 1495 2065 interrogative:
1531 1970 1586 2042 cti
1617 1968 1845 2046 nedereddc?

673 2089 776 2187 quasi
810 2088 916 2182 dicat,
961 2088 1096 2182 nudus,
1128 2090 1188 2166 cto
1222 2090 1350 2165 todnr
1385 2091 1485 2167 d’on
1519 2109 1628 2181 pomo
1658 2109 1846 2182 geneceo

671 2209 811 2298 nomo,
837 2207 940 2300 idest,
965 2207 1167 2305 appetitum
1202 2207 1345 2302 edendi,
1374 2201 1405 2283 ri
1431 2211 1676 2300 coronando,
1705 2229 1724 2282 c
1754 2211 1844 2304 quei,

672 2329 818 2425 scilicet,
843 2329 946 2424 odor,
973 2331 1217 2424 d’un'ccqca,
1241 2335 1438 2426 generaret
1462 2329 1664 2427 appetitum
1685 2327 1842 2421 bibendi,

672 2471 744 2530 nnn
768 2451 958 2546 scpntendc
988 2469 1109 2543 ccmo;
1141 2448 1344 2545 ignorando
1374 2470 1525 2526 causam
1557 2449 1743 2548 quomodo
1767 2449 1841 2526 tint.

749 2560 816 2644 did
840 2590 905 2644 erc
928 2572 965 2646 tn
990 2573 1177 2648 ommdor.
1202 2570 1273 2646 tstn
1298 2577 1355 2647 est
1378 2570 1537 2647 secondo
1559 2591 1644 2668 pars
1660 2568 1843 2666 generatio

673 2691 711 2771 in
745 2712 819 2788 qua
849 2696 956 2790 poeto
985 2689 1183 2770 introducit
1215 2711 1332 2766 unnrn
1366 2689 1535 2786 spiritum
1568 2689 1788 2766 modernum
1802 2684 1840 2788 (¹)

670 2811 717 2889 de
741 2815 838 2888 secta
870 2809 1100 2917 gulosorum,
1134 2809 1188 2888 to
1213 2808 1321 2888 cuius
1354 2809 1598 2908 cognitionem
1634 2817 1690 2886 eet
1722 2809 1841 2904 primo

669 2931 871 3026 sciendum,
897 2930 996 3026 quod
1021 2930 1089 3006 iste
1114 2930 1181 3006 init
1206 2931 1353 3028 quidam
1381 2930 1539 3006 concivis
1564 2952 1665 3025 sune,
1692 2930 1841 3010 nomine

669 3050 851 3144 Foresius‚
878 3050 1025 3126 natione
1059 3050 1285 3145 florentinus,
1309 3071 1448 3148 genere
1477 3049 1617 3144 nobilis,
1644 3051 1758 3129 irater
1783 3051 1838 3130 io-

670 3170 761 3246 rnosi
790 3170 910 3246 militis
935 3169 1051 3246 Cursii
1077 3169 1123 3245 de
1153 3171 1312 3264 donatis,
1337 3169 1479 3248 amicus
1507 3175 1546 3248 et
1573 3169 1693 3247 affinis
1725 3169 1839 3248 nostri

670 3296 798 3390 poetae,
824 3312 910 3366 cum
937 3311 1012 3386 quo
1038 3291 1182 3370 vixerat
1198 3291 1243 3368 od
1271 3298 1417 3388 tempus
1437 3290 1673 3367 familiariter.
1693 3292 1736 3364 Et
1753 3293 1839 3390 quin

669 3417 824 3488 noverat
849 3431 936 3486 curn
969 3411 1129 3487 multum
1159 3411 1345 3489 laborasse
1375 3410 1462 3486 ritio
1490 3409 1600 3510 gule,
1630 3410 1714 3490 licet
1744 3419 1840 3490 esset

669 3529 775 3608 aliter
800 3531 857 3604 vir
882 3530 1011 3624 bonus,
1034 3530 1115 3606 ideo
1132 3529 1331 3606 introducit
1346 3550 1435 3607 eum
1453 3530 1511 3604 hic
1529 3529 1577 3606 ita
1596 3538 1836 3611 mocerntnrtt

670 3650 714 3726 Et
738 3650 858 3744 primo
875 3649 1030 3727 ostendit
1047 3649 1233 3745 quomodo
1252 3649 1361 3728 inerit
1379 3649 1499 3744 primo
1514 3650 1683 3746 cognitus
1702 3651 1839 3747 abitio,

668 3771 791 3851 dicens
805 3762 862 3864 (²):
886 3793 953 3866 per
977 3774 1015 3844 ta
1039 3773 1167 3864 nogion
1191 3791 1304 3846 circor
1327 3791 1401 3846 non
1426 3773 1623 3866 mamsecto,
1653 3770 1700 3848 de
1723 3770 1838 3849 odore

669 3913 864 3991 pomorum
880 3900 916 3966 et
928 3913 1047 3989 nquae,
1062 3895 1100 3968 di
1118 3895 1174 3967 tor
1192 3912 1386 3986 mogrezzc
1401 3913 1420 3964 e
1436 3893 1474 3966 dt
1489 3894 1546 3968 lor
1562 3893 1663 3969 trirto
1674 3910 1837 3985 squama,

668 4013 770 4107 idest,
797 4013 902 4088 siccae
927 4012 1084 4106 scabiei3
1112 4020 1145 4090 ct
1167 4033 1247 4090 ccco
1271 4015 1329 4086 κη’
1342 4012 1481 4104 cntra,
1502 4011 1649 4104 scilicet,
1669 4011 1839 4093 Forcsios

667 4133 798 4216 Donati
814 4124 851 4226 (³)
876 4133 1032 4209 donatus
1066 4131 1276 4230 conspectui
1308 4152 1388 4225 sno,
1415 4134 1556 4208 ontrcmi
1583 4134 1635 4226 nti
1662 4134 1758 4209 occid
1783 4135 1841 4213 det

661 4256 844 4354 prosondo
869 4255 961 4330 detta
986 4259 1084 4346 testo,
1112 4251 1214 4346 idest,
1239 4251 1287 4328 de
1310 4239 1346 4344 (⁸)
1370 4251 1598 4332 concavitate
1622 4251 1838 4345 ocuiorum;

667 4365 850 4470 agundi
871 4375 951 4468 fico,
978 4372 1104 4448 volens
1122 4390 1390 4468 recognoscere
1423 4389 1497 4465 roe,
1516 4373 1581 4464 poi
1603 4366 1709 4461 arido
1730 4375 1835 4468 sorte,

667 4514 714 4573 ex
733 4514 867 4592 magna
888 4493 1093 4588 effectione,
1120 4491 1248 4566 ridens
1271 4490 1370 4590 quod
1395 4510 1499 4566 eram
1525 4482 1729 4584 Dantes(⁶):
1754 4495 1839 4586 quot

730 4681 757 4742 (¹)
774 4683 803 4732 Ε.
821 4683 940 4745 spiritum
961 4681 1149 4739 modernorum
1165 4677 1327 4744 gomorum,
1345 4689 1391 4726 con
1407 4675 1530 4726 describit
1545 4689 1628 4726 onom
1644 4626 1840 4738 opiritnrnssnnot

666 4759 777 4809 dernnrn
794 4758 826 4808 de
842 4765 921 4808 recto.
1140 4756 1168 4818 (¹)
1185 4754 1217 4806 E.
1233 4754 1332 4808 ordonn
1353 4751 1403 4808 Gid
1418 4766 1463 4804 cra
1477 4752 1507 4802 io
1522 4751 1651 4805 ammiror
1662 4764 1710 4816 per
1726 4751 1761 4802 io.

729 4833 755 4896 (¹)
773 4833 802 4882 E.
821 4833 913 4884 Donati
931 4847 991 4883 cum
1009 4831 1100 4896 spirito
1118 4843 1174 4885 ruo.
1191 4829 1304 4884 votem.

729 4908 756 4971 (Ἴ
772 4909 802 4959 Ε.
818 4909 850 4960 de
867 4909 1042 4972 profunditate
1058 4906 1235 4958 concordetis.

730 4985 757 5048 ι’)
773 4985 804 5035 Ε.
821 4985 924 5046 Dauno,
941 4985 978 5036 rio
994 4985 1096 5037 dicens:
1112 4983 1180 5048 quot.
