4342 6692
630 895 769 952 caurus
795 898 986 954 vrcusruus
1010 897 1203 954 sucuuous.
1450 889 1496 954 29
1523 949 1527 958 .

330 1039 501 1135 expendit
517 1041 598 1136 plus
615 1061 728 1134 quam
746 1047 881 1118 natura
900 1047 1012 1138 petat,
1027 1043 1110 1138 plus
1127 1064 1241 1136 quam
1260 1043 1407 1120 fortuna
1426 1045 1497 1118 mi-

330 1159 468 1252 nistret,
495 1159 579 1234 iacit
605 1160 676 1235 cito
700 1161 747 1234 de
777 1163 883 1257 pleno
913 1183 1086 1255 vacuum,
1112 1162 1159 1236 de
1187 1162 1283 1238 dulci
1313 1185 1496 1259 amarum,

328 1279 375 1354 de
399 1281 483 1355 luce
508 1281 640 1374 lutum,
658 1280 705 1355 de
730 1282 874 1357 Gaesare
889 1282 1062 1376 Codrum,
1086 1281 1134 1358 de
1153 1282 1261 1357 laude
1287 1283 1498 1378 ludibrium,

329 1400 376 1474 de
405 1401 522 1475 multo
558 1401 654 1474 nihil.
685 1401 744 1476 Sic
759 1394 795 1495 (¹)
827 1401 977 1498 prodiga
1012 1423 1143 1476 manus
1175 1401 1368 1500 prodigum
1395 1403 1497 1497 iacit3

329 1539 414 1594 nam
441 1519 513 1593 cito
530 1521 648 1595 reddit
664 1541 704 1596 se
720 1521 1027 1616 contemptibilem
1045 1522 1113 1596 illis
1133 1523 1267 1617 quibus
1286 1523 1396 1618 paulo
1411 1530 1499 1599 aute

328 1640 545 1715 venerabilis
571 1640 773 1734 videbatur,
796 1647 832 1715 et
856 1642 954 1718 dolet
979 1642 1148 1718 dextram
1175 1644 1273 1720 male
1297 1643 1496 1738 providisse

330 1759 502 1855 sinistrae3
528 1761 632 1836 tarde
652 1761 813 1856 poenitet,
832 1762 907 1836 imo
931 1762 1030 1856 quod
1047 1769 1104 1837 est
1120 1763 1321 1838 mirabilius
1337 1771 1375 1838 et
1391 1765 1496 1838 darn·

330 1881 495 1974 nabilius,
526 1881 554 1954 si
587 1881 733 1955 fortuna
768 1881 860 1956 redit
885 1882 999 1957 nescit
1025 1903 1202 1958 revocare
1233 1905 1386 1958 manum
1418 1905 1494 1976 qua

329 1999 494 2074 licentius
520 2007 762 2075 consueverat
789 2001 850 2074 uti.
877 2002 993 2076 lluius
1015 2002 1091 2076 vitii
1109 2002 1352 2098 principatum
1378 2003 1495 2079 tonuit

329 2119 544 2213 Alexander,
565 2119 626 2194 cui
643 2119 928 2196 innumerabiles
949 2121 1073 2196 mundi
1091 2127 1213 2218 partes
1234 2143 1308 2196 non
1332 2123 1496 2198 suffecis-

329 2245 419 2333 sent,
447 2246 488 2312 ut
515 2241 610 2314 male
636 2241 804 2334 perderet
829 2261 970 2316 omnes.
995 2241 1089 2330 Quid
1119 2242 1240 2317 Nerot
1265 2242 1352 2337 quid
1385 2243 1495 2318 Caius

329 2359 516 2456 Caligula?
541 2359 628 2453 quid
652 2360 853 2434 Antonius?
872 2362 902 2437 0
921 2369 1011 2456 quot
1028 2362 1127 2436 viros
1145 2363 1307 2438 valentes
1327 2363 1424 2438 istud
1440 2364 1497 2437 vi·

329 2480 421 2580 tium
447 2478 597 2554 deduxit
623 2479 659 2552 in
685 2481 824 2555 rabiem
851 2488 888 2556 ot
912 2481 1220 2577 desperationem!
1245 2483 1289 2555 Et
1313 2473 1509 2558 concludit

329 2599 488 2674 Statius:
514 2591 605 2693 pcrd
628 2602 705 2673 s’io
729 2621 794 2674 son
819 2606 877 2674 tro
902 2605 1016 2698 quoda
1045 2608 1144 2691 gutte
1167 2609 1261 2677 stato
1284 2605 1345 2676 cle
1365 2605 1497 2695 plunge
1644 2637 1650 2646 ·

330 2723 544 2811 iccorizic,
561 2739 630 2811 per
650 2723 852 2811 purgaret,
873 2721 902 2794 si
928 2725 1123 2816 paupertas
1149 2741 1223 2794 non
1249 2721 1334 2795 satis
1358 2723 1497 2797 iecerat

330 2841 366 2914 in
393 2861 454 2915 mc
479 2838 673 2914 vindictam
700 2839 810 2914 huius
834 2839 1026 2914 inconsulti
1054 2839 1141 2935 vitii,
1161 2861 1230 2933 per
1255 2844 1290 2914 lo
1314 2844 1495 2914 contram

328 2982 392 3036 suo
416 2954 494 3034 m'e'
515 2963 725 3052 incontrato,
750 2959 896 3054 scilicet,
914 2967 1062 3056 propter
1083 2960 1385 3056 prodigalitatem,
1411 2981 1495 3054 quae

329 3088 384 3156 est
408 3080 592 3155 contraria
617 3079 790 3172 avaritia,
817 3085 854 3154 et
878 3079 1032 3154 destruit
1056 3099 1202 3175 semper
1227 3101 1322 3156 eam.

406 3205 459 3275 Or
475 3205 616 3294 quondo
634 3209 668 3274 tu
685 3203 842 3274 cantasti.
861 3202 930 3274 lsta
948 3205 1003 3275 est
1019 3201 1178 3276 secunda
1205 3221 1290 3295 pars
1315 3201 1496 3296 principa-

328 3321 381 3416 lis,
407 3322 444 3396 in
471 3343 544 3416 qua
577 3329 684 3418 poeta
715 3319 870 3396 ostendit
893 3320 1050 3414 qualiter
1076 3319 1212 3394 Statius
1239 3320 1445 3396 narraverit
1457 3312 1495 3412 (¹)

327 3441 475 3538 Virgilio
502 3462 651 3516 causam
679 3461 756 3516 suae
772 3439 1019 3515 conversionis
1043 3439 1090 3514 ad
1115 3439 1237 3534 tidem,
1254 3440 1301 3514 de
1321 3459 1395 3533 quo
1413 3439 1496 3512 Vir-

327 3563 435 3660 gilius
460 3562 664 3637 mirabatur
689 3582 775 3636 cum
801 3561 968 3636 videatur
998 3560 1099 3654 loqui
1129 3560 1304 3656 paganice
1335 3560 1370 3634 in
1396 3561 1496 3634 libris

328 3685 412 3758 suis.
439 3685 484 3756 lit
514 3682 561 3756 ad
591 3681 862 3779 intelligendam
898 3681 1002 3776 plene
1035 3680 1178 3754 literam
1214 3679 1319 3754 num
1350 3686 1496 3774 oportet
1607 3717 1610 3722 ·

328 3805 499 3902 colligere
534 3803 735 3877 summarie
768 3822 894 3876 casum
928 3801 1077 3890 infelicis
1113 3802 1275 3874 locastae.
1311 3801 1373 3874 Est
1405 3819 1496 3896 ergo

328 3924 528 4016 sciendum,
554 3922 647 3996 sicut
673 3927 789 4016 potest
814 3920 939 3995 haberi
967 3941 1014 3996 ex
1039 3920 1155 3995 Statio
1171 3919 1208 3993 in
1227 3919 1356 3995 maiori
1374 3925 1411 3994 et
1428 3918 1496 3993 Se-

328 4065 419 4120 neca
446 4041 624 4138 tragoedo,
650 4040 792 4116 Iocasta
809 4031 846 4132 (³)
882 4039 1008 4114 nobilis
1040 4040 1167 4135 regina
1198 4039 1268 4113 luit
1293 4059 1388 4112 uxor
1419 4036 1495 4110 Laii
1633 4103 1640 4120 ,

329 4164 425 4260 regis
445 4163 672 4254 Thebarum;
691 4180 775 4254 qrrae
791 4160 880 4234 dum
898 4159 1121 4254 concepisset
1138 4180 1186 4234 ex
1203 4179 1260 4252 eo,
1277 4158 1387 4232 Laius
1403 4176 1495 4230 oon-

329 4283 441 4360 suluit
466 4283 664 4377 Apollinem
692 4281 737 4354 dc
762 4280 864 4374 prole
882 4279 1083 4371 nascitura3
1102 4285 1140 4353 et
1155 4276 1280 4352 audito
1297 4275 1396 4369 quod
1413 4281 1495 4350 crat

328 4401 546 4480 occidendus
572 4421 684 4503 manu
706 4399 778 4493 lilii,
801 4398 922 4473 statim
950 4397 1135 4472 mandavit
1160 4403 1307 4492 partum
1324 4393 1431 4468 abiici
1447 4393 1496 4467 ad

327 4525 440 4616 leras3
466 4521 528 4596 sed
554 4523 695 4595 Iocasta
720 4538 876 4614 puerum
905 4522 1033 4592 natum
1052 4516 1196 4590 tradidit
1212 4514 1357 4590 cuidam
1375 4516 1494 4588 Phor·

327 4643 424 4718 banti
451 4642 593 4738 pastori
614 4641 720 4736 regis,
746 4639 809 4733 qui
840 4637 1064 4731 compatiens
1095 4637 1191 4711 aetati
1222 4635 1439 4732 temperavit
1455 4625 1492 4726 (⁴)

326 4763 542 4839 mandatum
569 4761 682 4858 rogis;
704 4780 790 4834 nam
810 4757 1001 4852 perforatis
1018 4757 1171 4852 pedibus
1188 4755 1374 4851 suspendit
1391 4754 1493 4829 illum

390 4947 418 5010 (¹)
434 4952 488 5008 nx,
504 4947 546 4998 Sic
561 4946 630 5012 quod
647 4946 762 5010 prodiga.
950 4941 978 5006 (¹)
994 4943 1024 4994 E.
1040 4955 1057 4994 c
1072 4943 1098 4992 S.
1115 4939 1239 4993 narravit.
1338 4938 1341 4944 '
1364 5012 1366 5018 ,

390 5024 418 5088 (⁸)
433 5024 464 5074 B.
480 5023 549 5088 quod
564 5021 675 5075 lwttlt·
952 5017 978 5082 l‘l
994 5019 1026 5071 B.
1042 5020 1129 5083 paruit
1144 5019 1265 5070 mundato
1281 5017 1356 5081 regis.
