4342 6692
336 1341 503 1410 CANTUS
521 1340 726 1422 OCTAVUS,
741 1343 779 1408 in
792 1359 854 1435 quo
861 1342 997 1426 ponitur
1011 1363 1160 1412 comosus
1173 1345 1210 1409 io
1223 1363 1351 1426 meum
1366 1341 1507 1422 Verteris,

486 1455 523 1520 in
545 1475 609 1538 geo
629 1451 730 1521 mdiu
750 1474 893 1521 narrans
914 1455 1127 1522 introducitur
1149 1452 1285 1522 Garoias
1306 1474 1374 1524 res.

410 1699 578 1868 Sor-,m
609 1794 733 1866 oredcr
758 1795 793 1868 lo
817 1795 947 1868 mondo
978 1796 1015 1866 in
1046 1813 1111 1868 suo
1134 1797 1280 1888 periclo.
1311 1795 1510 1888 Postquam

335 1918 373 1993 in
390 1915 641 2012 superioribus
658 1913 793 1988 Dentes
812 1913 911 1990 dedit
936 1913 1040 1990 nobis
1064 1915 1268 1992 doctrinam
1285 1914 1333 1990 de
1349 1913 1511 1992 secunda

336 2037 456 2133 specie
482 2033 691 2109 animarum
721 2032 1013 2113 beatificatarum
1028 2019 1065 2128 (⁴)
1096 2035 1166 2109 sub
1190 2035 1385 2131 Mercurio,
1412 2055 1511 2112 nunc

335 2161 605 2252 consequenter
634 2153 787 2232 intendit
815 2153 905 2230 dare
937 2153 1141 2230 doctrinam
1173 2155 1220 2229 de
1250 2155 1358 2230 tertia
1391 2154 1512 2249 specie

334 2277 544 2354 animarum
570 2274 862 2350 beatificatarum
878 2266 915 2368 (¹)
943 2277 1013 2350 sub
1037 2274 1193 2352 Venere.
1210 2277 1254 2350 Et
1271 2295 1434 2371 praesens
1449 2295 1513 2351 ca·

335 2397 493 2494 pitulnm
521 2397 596 2470 Vlll
626 2403 745 2492 potest
776 2396 885 2473 dividi
915 2395 952 2471 in
984 2402 1059 2472 tres
1089 2402 1213 2492 parles
1242 2395 1445 2493 generales.
1471 2397 1513 2473 ln

336 2518 454 2614 prima
481 2537 641 2612 quarum
668 2515 810 2611 poetice
834 2515 1006 2590 describit
1023 2537 1133 2590 suum
1152 2535 1347 2592 ascensum
1365 2515 1412 2592 ad
1428 2535 1513 2610 spe-

338 2659 418 2714 ram
436 2636 588 2713 Veneris
612 2643 649 2712 et
674 2636 816 2711 animas
841 2643 1058 2731 apparentes
1074 2635 1134 2710 ibi.
1152 2636 1194 2710 ln
1210 2634 1371 2712 secunda
1396 2634 1512 2710 intro·

337 2758 437 2834 ducit
462 2757 697 2854 singulariter
730 2777 842 2832 unam
875 2757 1037 2830 animam
1070 2756 1249 2832 illustrem
1282 2755 1512 2850 modernam,

338 2899 422 2973 quae
448 2879 656 2954 manifestat
680 2899 720 2954 se
744 2885 782 2952 et
799 2897 897 2970 suos,
916 2876 983 2949 ibi:
1002 2879 1083 2952 Indi
1102 2877 1287 2971 sifacem
1306 2875 1413 2952 tertia
1430 2897 1512 2952 mu-

338 3006 399 3075 vet
431 3019 545 3074 unam
578 2998 829 3092 questionem,
866 3017 979 3092 quam
1014 2997 1160 3073 curiose
1195 3003 1407 3094 pertractat,
1440 2996 1510 3075 ibi:

338 3123 557 3194 Peroccb'io.
584 3119 639 3194 nd
664 3118 825 3214 primum
851 3117 932 3192 dico
958 3117 1057 3212 quod
1079 3125 1189 3193 autur
1206 3117 1378 3194 describit
1399 3139 1511 3193 suum

337 3261 532 3316 ascensum
558 3239 604 3314 ad
631 3237 774 3314 tertiam
800 3257 960 3331 speram,
978 3242 1016 3312 et
1034 3237 1183 3311 turbam
1209 3237 1418 3316 animarum
1445 3258 1512 3332 ap-

337 3359 544 3455 parentium
577 3358 650 3452 ibi;
677 3357 740 3433 sed
765 3358 886 3453 primo
909 3357 1098 3453 premittit
1122 3359 1317 3436 exordiens
1341 3379 1511 3435 errorem

337 3479 527 3578 gentilium
554 3476 805 3573 antiquorum,
831 3477 894 3572 qui
926 3478 1123 3553 coluerunt
1151 3478 1239 3562 olim
1264 3499 1349 3554 cum
1377 3499 1514 3576 magna

338 3600 576 3676 veneratione
603 3599 797 3674 mulierem
823 3618 1009 3672 summam
1027 3587 1063 3691 (³)
1083 3599 1326 3693 peccatricem
1343 3621 1412 3695 pro
1432 3601 1513 3695 dea,

338 3719 432 3796 sicut
457 3724 494 3794 et
519 3720 647 3794 lovem
675 3739 853 3815 magnum
870 3706 906 3810 (⁸)
926 3718 1138 3793 adulterum
1165 3740 1233 3813 pru
1258 3741 1406 3794 summu
1431 3720 1512 3796 deo.

338 3840 392 3916 Ad
418 3839 516 3936 quod
542 3846 597 3914 est
623 3838 810 3914 sciendum
828 3837 929 3932 quod
945 3838 1070 3914 Venus
1087 3837 1155 3912 luit
1171 3838 1322 3914 toemina
1339 3840 1513 3937 cypriana

338 3961 562 4057 pulcerrima
587 3959 718 4052 forma,
736 3958 868 4033 ardens
895 3957 1062 4054 luxuria3
1081 3957 1181 4033 unde
1196 3957 1330 4034 dicitur
1348 3960 1515 4056 nupsisse

340 4081 505 4155 Vulcano
532 4078 600 4154 deo
626 4077 730 4174 iguis,
748 4077 840 4152 idest
856 4077 1014 4155 carnalis
1030 4078 1347 4175 concupiscentie,
1365 4085 1450 4157 nata
1465 4101 1513 4158 ex

339 4201 430 4276 lore
455 4205 493 4274 et
516 4198 643 4292 Dione,
670 4218 754 4294 quae
780 4204 929 4294 propter
946 4197 1152 4274 mirabilem
1170 4199 1454 4294 pulcritudinem
1475 4206 1514 4276 et

339 4321 522 4396 libidinem
549 4319 646 4396 dicta
672 4325 727 4394 est
753 4319 876 4395 Venus
901 4324 1021 4396 mater
1050 4319 1200 4415 amoris,
1226 4319 1452 4415 pulcerrima
1476 4327 1514 4396 et

338 4441 437 4516 culta
450 4461 517 4536 pro
529 4439 617 4534 dea;
632 4439 731 4516 unde
747 4439 845 4534 apud
857 4439 999 4534 Paphos
1012 4440 1141 4515 babuit
1158 4440 1335 4537 templum
1353 4448 1392 4518 et
1406 4462 1513 4517 aram

338 4561 476 4656 primo:
503 4559 567 4658 qui
593 4580 701 4636 error
726 4565 835 4634 natus
859 4560 956 4655 apud
988 4561 1181 4657 cyprianus
1210 4581 1346 4656 pronos
1370 4563 1409 4636 in
1434 4562 1514 4638 libi-

338 4678 474 4774 dinem,
500 4679 572 4754 cilo
597 4678 765 4758 transivit
789 4678 836 4754 ad
860 4699 1001 4775 graecos
1026 4687 1064 4772 et
1089 4685 1274 4778 romanos,
1299 4683 1437 4759 nedum
1465 4683 1514 4760 ad

339 4797 526 4874 barbaros.
548 4798 672 4874 Venus
698 4798 846 4876 taudem
872 4797 925 4874 sic
950 4799 1142 4896 honorata,
1158 4823 1232 4876 nou
1248 4809 1420 4878 contenta
1437 4804 1513 4900 pri-

401 4985 678 5048 (palmularum.
1012 4989 1040 5052 ρ)
1054 4989 1086 5039 u.
1103 4988 1289 5040 maenarum.
1330 4962 1334 4968 ’

401 5062 429 5126 (·)
446 5063 477 5114 Ε.
492 5076 508 5114 e
524 5063 549 5114 S.
566 5077 668 5115 mmme
685 5066 865 5130 peccatricem.
1014 5065 1042 5128 ς’)
1057 5066 1089 5118 Ε.
1106 5079 1286 5132 permagnum.
