4342 6692
734 909 872 967 canius
897 911 1079 966 SEPTIMUS.
1379 869 1386 876 ι
1428 900 1498 967 469

324 1076 410 1131 rum
436 1055 674 1151 multiplicem
700 1054 964 1132 abundantiam
989 1062 1027 1130 et
1052 1053 1267 1130 latissimam
1293 1054 1497 1130 doctrinam

322 1175 400 1252 sine
431 1177 505 1250 uilo
521 1196 666 1251 errore
691 1176 968 1271 comprehendit
997 1183 1035 1251 ει
1065 1176 1145 1250 sine
1173 1195 1304 1251 errore
1328 1176 1496 1270 custodit,

321 1296 427 1372 cuius
448 1317 514 1371 cor
538 1296 688 1392 pienum
714 1305 770 1372 est
795 1297 965 1391 caritate;
993 1317 1061 1372 nec
1085 1296 1245 1371 dubitari
1271 1303 1390 1392 potest
1407 1297 1496 1392 quin

322 1418 500 1511 templum
518 1415 583 1492 Dei
600 1416 646 1490 sit
663 1416 775 1490 homo
801 1417 838 1490 iii
864 1438 940 1514 quo
960 1416 1100 1492 habitat
1117 1416 1260 1491 caritas.
1284 1417 1327 1490 iit
1343 1417 1395 1491 sic
1415 1417 1497 1492 vide

321 1537 420 1632 quod
446 1537 555 1612 tacite
579 1537 703 1634 arguit
718 1544 890 1614 autorem
908 1537 973 1633 qui
989 1537 1037 1612 ab
1059 1537 1160 1611 initio
1178 1537 1278 1611 visus
1295 1544 1351 1612 est
1367 1557 1497 1625 amare

321 1659 538 1753 Beatricem‚
559 1665 684 1754 postea
711 1679 795 1734 eam
820 1659 983 1734 deseruit
1008 1664 1158 1754 propter
1185 1657 1353 1733 scientias
1378 1678 1497 1732 saccu-

320 1777 429 1873 lares,
446 1777 510 1854 sed
536 1778 684 1854 mudum
711 1785 906 1855 revocatus
931 1785 999 1873 est,
1015 1779 1111 1853 sicut
1136 1777 1267 1853 totiens
1293 1784 1348 1853 est
1372 1785 1496 1852 osten·

320 1918 403 1972 sum
429 1897 467 1971 in
485 1897 558 1972 fine
575 1898 792 1995 Purgatorii.
811 1899 855 1972 Et
872 1898 1050 1993 promittit
1066 1898 1133 1972 sibi
1150 1899 1371 1974 solutionem
1392 1898 1496 1973 istius

320 2019 431 2112 dubii,
453 2019 596 2095 dicens:
616 2025 812 2094 momente
836 2012 917 2093 dird
939 2015 1068 2112 pecii
1082 2023 1135 2092 tul
1157 2021 1263 2092 modo
1284 2024 1325 2114 lu
1348 2015 1409 2113 piri
1433 2022 1496 2092 de-

224 2143 226 2150 ’
318 2159 404 2232 orio,
432 2138 535 2234 idest,
561 2139 823 2236 congruentior
841 2140 994 2234 caeteris,
1009 2132 1099 2233 perd
1120 2143 1205 2214 ct’u
1230 2148 1347 2232 questo
1371 2162 1494 2232 semro,

320 2257 422 2352 idest,
448 2258 495 2332 ad
521 2258 631 2333 istum
658 2266 850 2355 punctum,
875 2264 980 2334 molto
1005 2263 1037 2332 ri
1062 2263 1169 2354 orire,
1198 2266 1235 2334 et
1267 2281 1357 2335 vere
1389 2260 1494 2334 multi

319 2379 502 2455 mirantur
523 2379 622 2474 quod
643 2386 790 2456 creator
811 2379 928 2454 iactus
949 2388 1003 2456 est
1025 2389 1210 2475 creatura,
1228 2381 1315 2474 quia
1333 2382 1403 2454 hoc
1420 2402 1494 2456 non

319 2508 374 2576 est
400 2507 565 2595 naturae3
590 2500 672 2576 ideo
698 2521 829 2594 epoco
853 2504 1080 2594 edisceres,
1112 2502 1198 2595 quia
1224 2503 1348 2575 nullus
1373 2503 1494 2576 maius

318 2628 436 2718 potest
467 2641 547 2698 osse
577 2621 761 2716 perfectus
787 2624 1067 2719 metaphysicus.
1081 2627 1197 2698 —La
1226 2626 1357 2696 deinc.
1388 2623 1493 2696 Nunc

318 2740 464 2818 Beatrix
494 2742 620 2816 volens
654 2741 777 2817 iacere
807 2741 1027 2817 solutionem
1057 2742 1142 2816 dicti
1175 2741 1274 2815 dubii
1306 2741 1493 2836 praemittit

318 2861 487 2956 quaedam
524 2861 696 2958 principia
729 2863 933 2938 neccssaria
950 2855 1061 2956 add)
1099 2864 1181 2957 troc,
1213 2862 1360 2956 scilicet,
1392 2860 1492 2955 quod

318 2982 416 3057 Deus
441 2982 489 3056 ab
515 2981 615 3056 initio
640 2982 725 3057 iecit
750 2982 937 3057 hominem
963 2983 1189 3056 simillimum
1211 2982 1278 3057 sibi
1298 3003 1365 3077 per
1381 2982 1493 3057 liber-

318 3107 430 3176 tatom
457 3101 608 3197 arbitrii,
634 3102 773 3198 etipse
805 3103 917 3177 homo
947 3103 1031 3180 iecit
1061 3123 1102 3178 se
1130 3103 1411 3178 dissimillimum
1443 3104 1493 3178 iiii

163 3313 169 3339 x
318 3242 384 3319 per
409 3229 613 3316 peccatum.
633 3221 756 3297 Primo
781 3243 874 3320 ergo
895 3225 1011 3321 tangit
1029 3224 1065 3298 iri
1083 3225 1248 3320 generali
1265 3224 1490 3300 creationem
1556 3213 1559 3218 ’

317 3343 478 3419 universi
504 3362 617 3438 quam
643 3344 742 3420 oeus
767 3343 851 3418 iecit
875 3345 952 3418 sola
978 3344 1141 3419 bonitate
1172 3366 1251 3439 sua,
1279 3345 1494 3440 quieceret

316 3462 465 3557 invidia,
498 3461 580 3537 ideo
614 3463 729 3538 voluit
765 3463 984 3560 participare
1018 3464 1199 3539 creaturis
1236 3465 1491 3540 excellentiam

314 3603 433 3678 suam,
459 3583 522 3658 sod
548 3583 734 3680 potissime
760 3585 927 3660 rationali
945 3575 982 3676 ι’)
1008 3592 1203 3680 creaturae,
1225 3586 1285 3660 cui
1313 3587 1400 3660 nihii
1426 3609 1493 3682 po-

314 3703 385 3777 tuit
408 3703 498 3778 dare
523 3703 760 3778 excellentius
786 3704 902 3779 libero
927 3704 1092 3800 arbitrio,
1110 3696 1228 3799 per(³)
1254 3707 1353 3800 quod
1380 3709 1492 3782 homo

316 3823 355 3898 iii
380 3822 504 3896 similis
529 3823 598 3918 iiii3
619 3825 714 3898 sicut
739 3823 837 3898 enim
855 3825 931 3918 ipse
948 3833 1029 3900 erat
1049 3826 1215 3920 suijuris
1231 3831 1269 3899 et
1285 3847 1363 3900 suae
1380 3827 1492 3920 ipsius

315 3942 513 4018 voluntatis
547 3961 620 4017 non
653 3941 876 4018 necessitatis
912 3949 994 4019 erat
1028 3943 1128 4037 quod
1164 3944 1284 4018 honus
1317 3953 1415 4040 erat,
1442 3947 1491 4021 ita

315 4061 429 4136 homo
454 4060 559 4155 quasi
584 4061 642 4135 sui
662 4060 759 4157 juris
777 4061 920 4138 nonnisi
945 4083 1012 4136 sua
1039 4063 1229 4138 voluntate
1249 4065 1372 4140 iacere
1394 4069 1491 4141 maia

316 4190 354 4256 et
375 4169 482 4278 ¹juste
516 4181 769 4276 damnaretur,
794 4187 861 4257 aut
897 4181 1062 4258 bonnet
1102 4184 1234 4266 merito
1271 4187 1489 4262 salvaretur.

315 4302 432 4377 Nemo
470 4302 567 4378 euim
606 4302 771 4378 salvatur
808 4303 953 4378 invitus.
994 4302 1086 4378 Dicit
1124 4324 1214 4400 ergo
1249 4304 1296 4379 ad
1324 4305 1489 4380 literam:

315 4427 368 4496 Lu
389 4425 519 4497 diuino
550 4415 669 4515 dmrtd,
699 4423 803 4516 idest,
833 4423 953 4498 forma
983 4422 1082 4516 boni,
1115 4425 1175 4496 cte
1206 4426 1255 4497 do
1283 4446 1320 4497 se
1348 4447 1487 4520 sperne,

315 4541 422 4638 idest,
458 4550 603 4618 recusat
633 4551 670 4618 ει
703 4543 865 4638 expellit,
898 4545 983 4635 cyrri
1017 4541 1155 4635 liuore
1176 4543 1282 4638 idest,
1317 4544 1488 4620 iuvidiam

310 4661 419 4757 iuxta
444 4662 532 4737 illud
559 4663 717 4738 Platonis
743 4663 780 4737 in
805 4662 962 4736 Timaeo:
988 4662 1149 4757 optimus
1181 4663 1329 4756 quidem
1360 4671 1426 4760 est,
1453 4671 1490 4740 ει

287 4781 424 4878 'longe
448 4782 495 4857 ab
520 4781 659 4877 optimo
684 4781 818 4856 invidia
845 4781 1007 4879 relagata
1029 4789 1094 4876 est,
1113 4784 1274 4856 ardendo
1298 4787 1336 4856 io
1359 4806 1396 4857 se
1411 4790 1489 4880 sso-

326 5047 406 5114 ,ιί
421 5051 445 5109 4.
461 5046 494 5098 sa
509 5047 574 5098 hoc·
729 5043 758 5112 ι’)
773 5051 797 5109 i,
815 5045 969 5098 rationabili.
1126 5045 1154 5108 i‘i
1169 5046 1201 5096 E·
1218 5051 1325 5112 morter
1340 5050 1419 5113 quoi.
