4342 6692
760 931 898 987 caurus
923 932 1068 987 sursus.
1429 922 1504 989 bat.

325 1076 502 1152 stiniauus
526 1075 696 1151 describit
721 1098 828 1151 suam
849 1077 1120 1171 dispositionem
1137 1076 1183 1150 ad
1202 1078 1302 1173 leges
1319 1098 1384 1172 per
1401 1098 1442 1153 se
1463 1083 1500 1151 et

325 1198 372 1272 ad
393 1197 488 1271 bella
506 1217 572 1291 per
587 1196 714 1270 alium
732 1196 776 1269 ut
796 1217 863 1291 pro
889 1198 1004 1271 literae
1029 1196 1275 1272 declaratione
1300 1205 1355 1274 est
1379 1200 1500 1295 primo

326 1317 513 1393 sciendum
552 1317 653 1412 quod
683 1318 891 1393 Bellisarius
925 1318 981 1392 vir
1015 1318 1189 1413 patricius
1224 1321 1499 1395 strenuissimus

326 1441 443 1513 multa
459 1446 497 1514 et
514 1460 647 1536 magua
660 1437 754 1514 bella
771 1438 975 1515 felicissime
987 1440 1118 1535 gessit,
1132 1440 1194 1515 sed
1209 1440 1395 1534 potissime
1418 1442 1498 1536 tria,

326 1560 462 1635 scilicet
477 1560 514 1634 iu
532 1559 614 1633 Asia
640 1566 768 1633 contra
792 1580 930 1654 persae,
948 1560 984 1633 in
1011 1560 1130 1634 Africa
1156 1568 1284 1635 contra
1313 1562 1498 1656 vandalos,

326 1681 363 1754 iu
380 1680 526 1775 Europa
543 1687 671 1754 ooutra
692 1681 832 1775 gothos
852 1680 976 1753 Primo
994 1699 1085 1776 ergo
1105 1680 1237 1754 missus
1255 1702 1278 1755 a
1296 1682 1498 1756 Justiuiauo

325 1807 453 1875 contra
471 1818 608 1894 persae,
622 1800 683 1893 qui
698 1799 917 1874 excedentes
935 1799 1112 1873 terminos
1125 1801 1289 1896 graviter
1307 1802 1499 1876 vastabant

326 1918 530 2015 provincias
552 1919 694 1995 romani
720 1920 878 2014 imperii:
897 1919 965 1993 illis
986 1919 1137 1994 leliciter
1158 1920 1345 1995 debellatis
1367 1920 1414 1995 de
1432 1942 1498 1995 vo·

325 2042 465 2115 luntate
495 2040 663 2136 principis
692 2040 1042 2134 Constantinopolim
1077 2040 1307 2135 triumphans
1338 2040 1495 2117 intravit.

324 2163 462 2238 Deinde
477 2155 513 2255 (¹)
541 2163 674 2237 missus
698 2163 735 2235 iu
761 2161 921 2236 Africam
947 2168 1075 2236 contra
1103 2162 1275 2235 vandalos
1301 2163 1498 2237 commisso

324 2284 454 2382 proelio
490 2304 642 2379 magnas
676 2282 799 2377 copias
832 2301 967 2358 eorum
996 2282 1093 2376 vicit,
1124 2289 1161 2356 et
1200 2302 1325 2378 regem
1365 2302 1496 2357 eorum

324 2407 474 2483 nomine
507 2403 753 2479 Gelismerum
792 2404 918 2477 vivum
959 2410 1107 2498 captum
1148 2403 1496 2498 Constantinopolim

323 2528 421 2602 misit
445 2527 491 2600 ad
517 2526 790 2620 imperatorem.
816 2523 875 2599 Sic
900 2524 1084 2620 Carthago
1105 2531 1185 2618 post
1211 2546 1350 2598 aunum
1380 2546 1497 2600 nona·

324 2647 509 2744 gesimum
535 2653 681 2721 sextum
708 2652 902 2741 postquam
928 2664 950 2717 a
971 2643 1134 2717 vandalis
1156 2650 1261 2738 capta
1283 2645 1405 2719 luerat
1429 2665 1497 2739 per

325 2787 451 2863 regem
478 2766 731 2860 Gensericum‚
751 2770 897 2859 recepta
923 2769 979 2838 est
1002 2764 1051 2836 ab
1077 2762 1300 2857 imperatore
1328 2784 1493 2839 romano.

324 2889 409 2963 Post
427 2890 505 2962 lraeo
522 2886 746 2960 lastinianus
765 2885 861 2957 misit
877 2884 1107 2957 Bellisarium
1126 2884 1249 2957 multis
1268 2884 1402 2978 proeliis
1416 2886 1497 2981 glo-

325 3009 464 3082 riosum
490 3013 617 3081 contra
644 3004 870 3079 Tbeodatum
905 3009 946 3076 ut
975 3002 1114 3077 ltaliam
1144 3024 1167 3077 a
1193 3005 1390 3099 gotnorum
1418 3025 1497 3080 ser-

324 3128 411 3203 vitio
431 3126 620 3200 liberaret:
648 3124 711 3218 qui
728 3144 815 3198 cum
834 3124 999 3197 traheret
1019 3143 1163 3197 moram
1182 3124 1220 3197 in
1238 3123 1355 3209 Sicilia
1377 3125 1495 3199 Theo-

323 3249 431 3322 datus
457 3252 627 3321 mortuus
652 3251 727 3339 est;
752 3244 790 3317 iu
819 3244 925 3318 ouius
954 3243 1077 3319 locum
1098 3244 1222 3341 Vitigis
1247 3246 1432 3341 successit,
1458 3253 1496 3321 et

322 3368 497 3443 contiuuo
522 3370 672 3460 accepto
699 3384 814 3461 reguo
839 3365 1053 3439 Ravennam
1080 3366 1199 3439 venit:
1227 3376 1354 3441 contra
1381 3387 1493 3460 quem

196 3493 205 3515 ⁴
323 3487 531 3563 Bellisarius
555 3484 737 3561 convertit
762 3484 871 3578 vires,
897 3490 935 3557 et
959 3484 1005 3559 de
1029 3484 1149 3560 Sicilia
1180 3485 1279 3559 veuit
1303 3486 1493 3581 Neapolim

323 3612 570 3701 receptantem
589 3606 733 3701 gothos,
753 3610 791 3679 et
811 3603 910 3677 illam
928 3604 1111 3679 civitatem
1132 3606 1275 3701 magnis
1294 3606 1433 3680 viribus
1458 3606 1495 3681 iu

323 3748 458 3824 magno
484 3727 610 3800 lurore
634 3725 730 3821 oepit
753 3742 840 3799 cum
866 3724 967 3799 omni
991 3745 1131 3820 genere
1151 3725 1391 3801 crudelitatis:
1410 3726 1495 3801 inde

322 3847 475 3923 veniens
488 3846 645 3920 Romam
672 3845 772 3918 illam
798 3843 947 3917 intravit
964 3844 1084 3939 gotbis
1102 3845 1325 3941 fugientibus
1349 3846 1494 3921 Raven-

323 3988 421 4042 nam.
447 3966 492 4039 Et
520 3965 695 4039 continuo
722 3962 847 4059 vitigis
871 3984 957 4038 cum
989 3985 1125 4060 magno
1155 3964 1319 4039 exercitu
1354 3964 1495 4040 obsedit

323 4086 551 4163 Bellisarium
589 4085 685 4159 intra
722 4084 855 4159 urbem
894 4089 999 4159 extra
1037 4084 1235 4160 crudeliter
1269 4086 1392 4161 omnia
1429 4107 1495 4162 va·

323 4215 421 4282 stans
452 4213 490 4281 et
523 4213 604 4301 post
635 4225 777 4279 aunum
809 4204 915 4281 rediit
945 4206 1172 4301 Ravennam,
1199 4213 1235 4281 et
1269 4215 1495 4304 congregato

323 4348 458 4424 magno
484 4326 648 4403 exercitu
674 4326 835 4401 coulliuit
860 4346 946 4401 cum
964 4327 1162 4422 Bellisario,
1181 4327 1245 4403 sed
1271 4329 1390 4404 victus
1407 4351 1493 4405 cum

322 4469 457 4545 magna
482 4455 606 4544 strage
631 4467 786 4521 suorum
813 4447 956 4543 lugiens
981 4458 1110 4542 captus
1136 4456 1201 4522 est.
1232 4448 1441 4523 Bellisarius
1457 4441 1494 4543 (¹)

321 4569 439 4643 victor
455 4568 558 4642 illum
576 4588 705 4642 secum
720 4567 826 4640 duxit
845 4567 1204 4663 Constantinopolim.
1224 4569 1330 4644 Nunc
1350 4571 1397 4645 ad
1414 4571 1494 4647 lite-

322 4709 403 4763 ram
429 4686 514 4761 dicit
536 4686 782 4761 iustiniauus:
819 4692 920 4760 Toeto
949 4690 1009 4761 cte
1037 4710 1104 4762 con
1133 4691 1169 4762 tu
1201 4692 1316 4763 omaso
1344 4694 1451 4765 morsi
1482 4696 1496 4765 r·

320 4812 426 4904 piacli,
439 4808 540 4902 idest,
554 4827 667 4902 quam
686 4807 759 4881 cito
777 4808 893 4881 laetus
910 4828 994 4881 sum
1012 4828 1125 4883 verus
1141 4809 1408 4905 christianus,o
1425 4814 1494 4885 Dio

385 5062 414 5127 (¹)
431 5064 462 5116 E.
478 5064 576 5115 Deinde
591 5065 722 5129 ingressus
734 5064 863 5117 Africam
880 5091 884 5097 ·
1017 5066 1044 5129 ('l
1060 5066 1092 5117 E.
1108 5067 1152 5117 sed
1168 5066 1325 5119 Bellisarius.
