4342 6692
660 825 705 893 llll
1014 837 1220 894 cuuuuruu
1244 839 1466 895 uunennunu

657 983 878 1077 animarum,
915 983 1062 1057 dicens:
1097 987 1282 1076 ommno,
1318 984 1463 1059 illamm
1502 982 1725 1081 animarum,
1762 1007 1828 1061 ero

658 1125 787 1176 occure
818 1126 838 1176 e
870 1125 960 1176 caea
992 1107 1086 1195 negti
1110 1107 1219 1196 occdi,
1246 1112 1395 1199 propter
1424 1105 1559 1180 umam
1593 1107 1674 1201 plus
1704 1117 1829 1184 tamen

659 1231 696 1298 et
728 1224 852 1298 minus
881 1225 1084 1299 secundum
1120 1225 1403 1320 profunditatem
1433 1227 1543 1322 gulae,
1575 1229 1713 1320 pallido
1736 1231 1831 1301 noim

654 1347 783 1439 saeue,
810 1352 958 1440 propter
982 1345 1184 1420 carentiam
1207 1345 1406 1441 sanguinis,
1430 1354 1562 1420 etanta
1579 1367 1707 1438 memo,
1724 1345 1829 1441 idest,

661 1484 798 1558 macra,
828 1467 889 1536 cte
917 1467 953 1538 ta
981 1467 1072 1557 pelte
1096 1467 1125 1538 ε’
1137 1468 1341 1558 informem
1371 1469 1455 1539 datt'
1467 1485 1563 1558 osso,
1597 1465 1701 1559 idest,
1734 1466 1830 1541 reei-

660 1583 781 1680 piebat
807 1583 962 1658 lormam
989 1585 1036 1658 ab
1061 1585 1204 1658 ossibus
1229 1605 1341 1680 super
1365 1585 1501 1680 quibus
1524 1593 1606 1660 erat
1630 1592 1733 1661 tensa
1750 1586 1830 1660 sine

660 1723 782 1778 earne.
814 1703 891 1778 lloc
920 1710 1039 1777 totum
1065 1704 1221 1778 iaciebat
1253 1705 1369 1779 tames
1403 1725 1501 1780 nune
1526 1706 1573 1780 ad
1599 1705 1827 1802 purgandam
1925 1777 1932 1787 ,

660 1823 930 1920 pinguedinem,
956 1845 1067 1917 quam
1101 1825 1188 1897 olirn
1223 1825 1361 1900 lecerat
1391 1825 1570 1922 ingluvies
1607 1825 1828 1920 importuna.

659 1948 801 2017 -Non
825 1947 941 2017 ereda
968 1943 1033 2018 llic
1057 1950 1165 2039 poeta
1199 1944 1406 2020 manifestat
1433 1952 1640 2019 extremam
1673 1944 1828 2020 maciem

659 2065 814 2140 istorum
845 2065 1098 2140 famelicorum
1133 2088 1200 2161 per
1235 2087 1346 2141 unam
1379 2065 1640 2161 pulcerrimum
1660 2059 1699 2158 (⁴)
1725 2085 1830 2140 com-

658 2185 885 2280 parationem
911 2192 949 2259 et
975 2185 1273 2281 propriissimam.
1298 2187 1350 2261 nd
1372 2185 1479 2260 cuius
1503 2185 1747 2282 cognitionem
1773 2193 1830 2259 est

659 2303 779 2399 primo
808 2305 1008 2398 sciendum,
1036 2307 1134 2399 quud
1161 2307 1254 2380 sicut
1279 2306 1382 2402 lingit
1405 2305 1555 2381 Ovidius
1580 2305 1673 2380 libro
1697 2311 1829 2381 octavo

659 2425 807 2499 maioris
832 2425 928 2500 circa
954 2425 1064 2500 finem
1095 2426 1296 2500 Erisictbon
1321 2425 1368 2500 de
1390 2426 1573 2500 Thessalia
1599 2425 1656 2499 rir
1678 2425 1830 2500 sacrile-

658 2565 729 2642 gus
756 2553 896 2621 temere
921 2546 1118 2640 spernebat
1141 2546 1248 2620 deam
1275 2547 1449 2621 Cererem
1480 2552 1519 2620 et
1546 2546 1707 2620 colentes
1731 2564 1828 2639 eam,

659 2665 753 2739 adeo
777 2665 876 2758 quod
903 2685 1035 2740 nemus
1060 2673 1315 2739 consecratum
1350 2665 1398 2739 illi
1430 2665 1564 2740 dieitur
1588 2665 1763 2759 uiolasse3
1791 2673 1830 2740 et

662 2785 724 2859 uni
751 2805 796 2860 ex
823 2783 973 2860 lamulis¹
994 2785 1200 2860 formidanti
1234 2786 1393 2860 incidere
1420 2805 1601 2879 quercum
1616 2771 1655 2877 (²)
1683 2783 1830 2860 dedica-

662 2915 736 2980 tam
763 2907 842 2981 deae
869 2907 904 2980 in
931 2908 1057 2980 lurore
1080 2907 1284 3002 amputavit
1307 2912 1429 3001 caput,
1449 2911 1487 2980 et
1510 2905 1683 2980 arborem
1710 2906 1827 3000 ipsam

659 3027 855 3122 prostravit
879 3026 925 3101 ad
952 3034 1101 3101 terram.
1128 3027 1224 3101 lrata
1248 3026 1318 3101 dea
1337 3028 1450 3100 altam
1469 3027 1663 3102 vindictam
1682 3025 1767 3102 lecit
1783 3025 1830 3101 de

661 3147 809 3222 bomine
824 3137 860 3240 (³)
880 3147 1024 3221 insano:
1044 3166 1129 3221 nam
1149 3147 1299 3220 immisit
1315 3148 1450 3222 tarnem
1468 3147 1668 3222 inauditam
1686 3148 1723 3221 in
1739 3169 1833 3223 ren-

662 3273 755 3340 trem
783 3266 882 3360 eius3
909 3265 1008 3341 unde
1033 3267 1237 3341 Erisictbon
1264 3268 1300 3340 in
1332 3273 1440 3342 nocte
1472 3267 1675 3342 somniabat
1707 3288 1833 3344 come·

661 3388 761 3481 dere,
787 3407 882 3462 vane
913 3409 1049 3462 vorans
1074 3395 1243 3481 uentum,
1272 3395 1310 3462 et
1339 3395 1527 3463 crescente
1557 3388 1594 3462 in
1627 3388 1704 3464 dies
1734 3389 1832 3464 lame

662 3507 820 3582 vendidit
845 3515 882 3583 et
908 3509 1065 3583 comedit
1091 3508 1216 3582 omnia
1241 3529 1328 3602 sua;
1355 3529 1439 3582 nam
1471 3509 1570 3603 quod
1595 3509 1681 3584 satis
1706 3509 1832 3584 linisset

663 3627 726 3701 uni
753 3629 887 3723 populo
913 3649 985 3702 non
1010 3629 1215 3703 sufficiebat
1241 3629 1304 3701 uni
1329 3629 1477 3722 bomini,
1499 3633 1536 3703 et
1559 3636 1699 3722 quanto
1724 3631 1830 3725 plura

663 3749 827 3843 vorabat,
843 3755 943 3823 tanto
958 3749 1061 3844 plura
1080 3749 1274 3844 appetebat
1292 3769 1397 3823 more
1412 3748 1516 3844 ignis.
1534 3751 1692 3824 llernum
1709 3751 1831 3825 omni—

663 3869 975 3963 bus‘consumptis
997 3868 1155 3943 vendidit
1173 3869 1318 3942 unicam
1337 3867 1448 3942 liliam
1467 3889 1572 3942 suam
1591 3869 1758 3964 pluribus
1773 3865 1847 3944 vi·'

662 3988 775 4082 cibus,
802 3995 839 4063 et
863 3988 908 4063 ad
939 3995 1076 4065 tantmn
1108 3989 1380 4062 extremitatem
1410 3986 1557 4063 devenit
1589 3989 1687 4083 quod
1718 3989 1831 4085 coepit

661 4108 858 4186 comedere
876 4110 1042 4184 membra
1055 4131 1122 4183 sua
1137 4129 1271 4183 vorans
1288 4129 1329 4182 se
1345 4108 1476 4203 ipsum.
1491 4109 1574 4183 Visa
1592 4109 1726 4204 labala,
1741 4131 1832 4186 oon-

662 4229 779 4304 sidera
806 4251 933 4306 veram
960 4230 1284 4326 allegoriamque
1314 4229 1404 4303 latet
1435 4231 1505 4303 sub
1535 4230 1672 4305 cortice
1701 4231 1829 4307 literae.

661 4349 862 4425 Erisictbon
896 4371 1059 4444 namque
1094 4350 1289 4446 figurative
1322 4357 1378 4425 est
1410 4352 1562 4447 gulosus
1599 4351 1662 4445 qui
1700 4351 1828 4428 incon·

661 4471 756 4544 sulte
781 4471 918 4565 spernit
935 4471 1108 4545 Cererem
1128 4470 1235 4545 deam
1254 4470 1360 4565 bladi,
1378 4471 1465 4565 quia
1480 4471 1627 4568 scilieet,
1646 4491 1719 4546 non
1739 4493 1829 4548 con·

721 4729 748 4791 ι’)
764 4729 794 4780 Ε.
810 4743 826 4780 e
844 4734 897 4790 lll,
915 4731 1041 4792 pulcram.

689 4803 939 4932 ι)0(’)1ἰ·(]ιιιετουπι
959 4809 1014 4857 dee
1035 4808 1081 4872 lpsi
1098 4807 1250 4869 dedicatam,
1268 4808 1358 4860 lurore
1378 4813 1467 4860 motus
1482 4814 1560 4873 eaput
1575 4809 1615 4860 llll
1630 4811 1782 4873 amputant.
1801 4819 1829 4864 et

659 4895 689 4932 ar
725 4894 779 4931 rem
797 4895 887 4945 ipsam.
948 4927 951 4936 .

723 4957 749 5020 (⁸)
765 4959 795 5008 E.
813 4959 915 5009 bomine
930 4960 979 5011 isto
995 4961 1093 5024 insano,
1106 4975 1167 5012 unm
1183 4963 1287 5014 inlrudt
1302 4962 1406 5014 lumem.
