4342 6692
689 893 761 960 444
1078 903 1286 959 conburunt
1309 903 1476 979 66666666

685 1073 802 1149 gnum
828 1049 1031 1126 exercitum
1063 1050 1325 1145 pompeianum
1356 1055 1623 1146 congregatum
1643 1050 1691 1122 in
1725 1049 1857 1144 446466,

687 1170 750 1246 644
775 1171 849 1246 466
873 1170 987 1246 duces
1013 1177 1120 1244 erant
1143 1170 1262 1265 Scipio
1286 1177 1324 1245 et
1348 1170 1450 1264 Cato,
1476 1169 1578 1244 66164
1602 1169 1742 1244 lulmeu
1770 1169 1857 1246 belli

685 1293 743 1367 vir
767 1291 1010 1368 ardentissimi
1034 1290 1183 1385 spiritus
1209 1290 1374 1366 transivit
1399 1291 1437 1364 in
1461 1290 1633 1385 Africam,
1663 1290 1726 1364 ubi
1752 1297 1858 1365 eraut

685 1413 812 1488 decem
826 1412 1000 1510 legiones
1026 1430 1203 1505 6666666,
1228 1418 1266 1486 64
1291 1431 1357 1486 rex
1384 1411 1477 1486 Juba
1495 1432 1581 1485 cum
1600 1410 1739 1485 infinita
1759 1411 1856 1484 mul·

684 1533 838 1609 titudine
867 1533 1123 1608 barbarorum.
1156 1532 1279 1606 Caesar
1308 1539 1390 1628 post
1420 1533 1536 1606 multa
1562 1531 1794 1606 incommoda
1820 1538 1859 1606 et

683 1654 813 1751 proelia
838 1652 1074 1749 particularia
1098 1651 1196 1747 apud
1221 1651 1364 1748 lapson
1398 1652 1530 1726 urbem
1557 1672 1645 1726 eum
1669 1652 1746 1726 suis
1772 1658 1856 1726 octo

684 1773 888 1872 legionibus
913 1779 1040 1849 contra
1066 1774 1188 1848 hostes
1212 1773 1330 1848 aciem
1348 1773 1540 1868 ordinavit,
1563 1773 1626 1847 ubi
1647 1772 1778 1848 milites
1798 1773 1855 1847 iu·

684 1893 861 1970 tlammati
886 1893 1140 1969 adhortatione
1155 1887 1192 1986 (¹)
1219 1894 1311 1988 eius,
1331 1915 1406 1969 nou
1425 1899 1618 1990 expectato
1634 1894 1748 1991 siguo,
1765 1915 1853 1969 cum

684 2035 820 2111 magno
848 2014 982 2089 ardore
1014 2021 1272 2112 pugnaverunt
1304 2014 1526 2090 trucidantes
1559 2035 1699 2090 omnes.
1733 2016 1855 2090 116666

685 2135 753 2208 4646
789 2141 906 2209 castra
940 2133 1099 2209 bostium
1132 2135 1238 2230 cepit,
1273 2134 1420 2230 scilicet,
1453 2135 1638 2231 Scipionis,
1672 2136 1788 2230 Jubae,
1820 2143 1857 2211 64

605 2293 608 2298 -
684 2254 842 2330 1644664.
868 2255 962 2329 1646
988 2261 1025 2329 64
1050 2255 1216 2330 Petreius
1241 2255 1397 2331 finaliter
1422 2255 1468 2330 ad
1496 2277 1660 2330 mensam
1681 2257 1774 2330 bene
1790 2277 1857 2350 po-

684 2376 749 2451 tati
765 2395 806 2450 se
823 2380 954 2449 mutuo
972 2374 1245 2451 interfecerunt.
1262 2376 1380 2473 Scipio
1396 2377 1472 2451 dun
1490 2377 1671 2473 generalis
1688 2376 1854 2451 omnium

686 2517 770 2571 curn
798 2495 835 2568 in
861 2496 945 2570 navi
965 2496 1112 2591 lugeret
1131 2497 1167 2570 in
1185 2497 1406 2592 Hispaniam,
1423 2497 1673 2593 deprehensus
1691 2518 1714 2571 6
1734 2497 1855 2571 116666-

689 2617 800 2692 646646
816 2617 937 2714 gladio
954 2637 994 2691 66
1011 2617 1207 2712 percussit3
1225 2624 1263 2693 et
1280 2617 1528 2712 querentibus
1546 2617 1609 2692 ubi
1626 2624 1722 2694 esset
1739 2618 1857 2713 impe-

687 2745 800 2831 rator,
815 2737 1017 2832 respondit:
1037 2737 1237 2833 imperator
1254 2738 1349 2813 bene
1364 2739 1537 2813 sehabet.
1552 2740 1674 2813 Caesar
1687 2737 1854 2814 omnium

651 2887 653 2892 ’
686 2857 802 2932 646466
827 2857 983 2932 Romam
1010 2857 1126 2950 rediit,
1151 2857 1281 2932 deinde
1297 2858 1459 2933 inaudita
1475 2859 1662 2934 celeritate
1689 2857 1856 2932 transivit

686 2977 722 3052 in
740 2976 960 3073 Hispaniam,
976 2977 1037 3052 ubi
1056 2978 1132 3052 duo
1150 2977 1211 3052 lilii
1228 2978 1389 3074 Pompeii
1407 2989 1556 3073 propter
1575 2979 1795 3053 memoriam
1817 2985 1855 3053 64

686 3099 821 3174 lamam
840 3099 953 3194 patris
971 3119 1149 3196 magnum
1168 3099 1333 3173 16666666
1348 3099 1580 3192 4666666664;
1607 3089 1703 3190 ibid)
1731 3104 1855 3172 entre·

684 3221 754 3294 mis
778 3221 917 3295 viribus
943 3227 981 3294 64
1006 3219 1097 3293 odiis
1121 3226 1326 3316 pugnatum
1347 3225 1403 3294 664
1419 3218 1517 3314 apud
1533 3218 1706 3292 Mundam
1727 3217 1855 3292 civita·

684 3349 778 3434 tom3
804 3359 872 3414 uec
899 3361 1062 3434 unquam
1081 3340 1204 3414 Gaesar
1228 3339 1266 3412 in
1291 3346 1365 3413 tam
1392 3346 1561 3414 extremo
1579 3339 1742 3433 periculo
1764 3338 1853 3412 luit:

685 3481 771 3535 nam
804 3460 901 3536 66466
935 3467 1210 3554 veteranorum,
1242 3479 1309 3554 per
1338 3466 1391 3534 464
1422 3467 1588 3555 tempora
1621 3458 1658 3532 in
1683 3459 1855 3533 omnibus

683 3579 786 3654 bellis
812 3580 964 3674 probata
981 3587 1017 3654 64
1034 3580 1193 3671 1664646,
1207 3590 1371 3675 coeperat
1388 3579 1576 3676 paullatim
1600 3579 1851 3672 retrocedere3

683 3699 747 3774 sed
772 3699 894 3774 Caesar
917 3701 965 3775 ab
990 3720 1089 3794 equo
1113 3699 1281 3775 desiliens
1297 3699 1408 3796 coepit
1424 3699 1633 3796 precedere
1652 3699 1768 3774 aciem
1786 3719 1854 3795 pe-

682 3819 800 3894 ditum
817 3810 854 3910 (³)
872 3819 973 3894 velut
993 3819 1165 3913 furiosus,
1184 3840 1298 3894 manu
1314 3828 1352 3895 64
1368 3819 1493 3916 lingua
1511 3840 1688 3895 revocans
1709 3819 1855 3916 lugien-

683 3945 762 4034 tes3
789 3939 862 4012 imo
889 3938 988 4013 visus
1013 3945 1068 4014 est
1092 3938 1256 4035 cogitare
1280 3939 1328 4015 de
1353 3945 1483 4032 morte,
1511 3940 1641 4015 timens
1666 3940 1852 4015 fortunam

683 4079 764 4134 esse
790 4065 981 4153 mutatam,
1008 4059 1154 4134 tandem
1182 4055 1329 4134 fortuna
1354 4059 1507 4135 contulit
1539 4061 1604 4134 sibi
1629 4060 1853 4156 insperatam

682 4178 885 4255 victoriam.
899 4179 991 4252 Nam
1009 4179 1173 4274 quinque
1185 4181 1354 4255 cohortes
1367 4180 1514 4256 Labieni
1528 4201 1612 4275 quae
1631 4181 1678 4255 ad
1698 4201 1854 4256 666666-
1967 4163 1973 4171 ’

682 4319 766 4374 sum
786 4305 992 4374 castrorum
1015 4298 1266 4392 mittebantur,
1285 4299 1432 4374 creditae
1449 4300 1589 4397 lugere,
1606 4300 1855 4396 prestiterunt

683 4419 758 4494 suis
775 4419 967 4494 materiam
986 4418 1158 4516 fugiendi,
1176 4425 1214 4494 et
1238 4419 1372 4494 Caesari
1397 4419 1589 4495 victoriam
1607 4441 1692 4494 cum
1718 4441 1853 4518 magua

682 4547 805 4637 strage
818 4539 977 4613 hostium
990 4543 1028 4614 64
1041 4546 1162 4614 morte
1173 4540 1332 4614 Labieni.
1340 4539 1465 4614 Gneus
1478 4542 1693 4616 vulneratus
1710 4540 1853 4638 lugiens

682 4679 748 4756 per
764 4663 904 4758 sylvam
923 4660 1134 4736 interlectos
1151 4666 1206 4735 est
1230 4681 1254 4734 a
1278 4659 1455 4736 Cesennia
1481 4662 1602 4756 legato
1627 4660 1791 4756 Caesaris,
1817 4668 1855 4738 et

681 4786 792 4876 caput
804 4779 937 4855 Caesari
951 4786 1223 4875 praesentatum.
1239 4780 1371 4854 Ultimo
1384 4781 1506 4856 Caesar
1523 4780 1665 4854 visitata
1682 4779 1851 4875 Hispania

744 5038 772 5102 (¹)
787 5045 811 5101 4,
827 5041 860 5092 ud
875 5041 1049 5094 hortationem
1064 5041 1130 5093 6466
1255 5042 1282 5105 (¹)
1299 5042 1330 5093 14
1345 5043 1398 5094 ubi
1523 5043 1551 5106 (⁸)
1566 5047 1590 5103 4,
1607 5041 1764 5106 prodictam.
