<?xml version="1.0" encoding="UTF-8"?>
<!DOCTYPE html PUBLIC "-//W3C//DTD XHTML 1.0 Transitional//EN"
    "http://www.w3.org/TR/xhtml1/DTD/xhtml1-transitional.dtd">
<html xmlns="http://www.w3.org/1999/xhtml" xml:lang="en" lang="en">
 <head>
  <title>
</title>
<meta http-equiv="Content-Type" content="text/html;charset=utf-8" />
  <meta name='ocr-system' content='tesseract 3.04.00' />
  <meta name='ocr-capabilities' content='ocr_page ocr_carea ocr_par ocr_line ocrx_word'/>
</head>
<body>
  <div class='ocr_page' id='page_1' title='image "benevenutideram01lacagoog_0503.png"; bbox 0 0 4342 6692; ppageno 0'>
   <div class='ocr_carea' id='block_1_1' title="bbox 746 904 1501 976">
    <p class='ocr_par' dir='ltr' id='par_1_1' title="bbox 746 904 1501 976">
     <span class='ocr_line' id='line_1_1' title="bbox 746 904 1501 976; baseline -0.005 -2"><span class='ocrx_word' id='word_1_1' title='bbox 746 917 885 976; x_wconf 80' lang='lat' dir='ltr'><strong>caurus</strong></span> <span class='ocrx_word' id='word_1_2' title='bbox 909 917 1080 974; x_wconf 79' lang='lat' dir='ltr'><strong>ocnnrus.</strong></span> <span class='ocrx_word' id='word_1_3' title='bbox 1429 904 1501 971; x_wconf 67' lang='lat' dir='ltr'><strong>let</strong></span> 
     </span>
    </p>
   </div>
   <div class='ocr_carea' id='block_1_2' title="bbox 285 1060 1519 4885">
    <p class='ocr_par' dir='ltr' id='par_1_2' title="bbox 285 1060 1519 4885">
     <span class='ocr_line' id='line_1_2' title="bbox 404 1060 1506 1156; baseline -0.006 -16"><span class='ocrx_word' id='word_1_4' title='bbox 404 1067 611 1142; x_wconf 83' lang='lat' dir='ltr'><strong>Peroccb&#39;to</strong></span> <span class='ocrx_word' id='word_1_5' title='bbox 636 1067 752 1139; x_wconf 85' lang='lat' dir='ltr'><strong>credo.</strong></span> <span class='ocrx_word' id='word_1_6' title='bbox 780 1065 850 1139; x_wconf 86' lang='lat' dir='ltr'><strong>ista</strong></span> <span class='ocrx_word' id='word_1_7' title='bbox 875 1070 932 1139; x_wconf 88' lang='lat' dir='ltr'><strong>est</strong></span> <span class='ocrx_word' id='word_1_8' title='bbox 957 1063 1064 1138; x_wconf 89' lang='lat' dir='ltr'><strong>tertia</strong></span> <span class='ocrx_word' id='word_1_9' title='bbox 1081 1069 1119 1136; x_wconf 90' lang='lat' dir='ltr'><strong>et</strong></span> <span class='ocrx_word' id='word_1_10' title='bbox 1136 1062 1267 1137; x_wconf 85' lang='lat' dir='ltr'><strong>ultima</strong></span> <span class='ocrx_word' id='word_1_11' title='bbox 1290 1081 1376 1156; x_wconf 87' lang='lat' dir='ltr'><strong>pars</strong></span> <span class='ocrx_word' id='word_1_12' title='bbox 1401 1060 1506 1134; x_wconf 84' lang='lat' dir='ltr'><strong>istius</strong></span> 
     </span>
     <span class='ocr_line' id='line_1_3' title="bbox 326 1182 1505 1282; baseline -0.005 -23"><span class='ocrx_word' id='word_1_13' title='bbox 326 1187 443 1282; x_wconf 90' lang='lat' dir='ltr'><strong>pulcri</strong></span> <span class='ocrx_word' id='word_1_14' title='bbox 483 1185 643 1281; x_wconf 87' lang='lat' dir='ltr'><strong>capituli,</strong></span> <span class='ocrx_word' id='word_1_15' title='bbox 682 1185 719 1258; x_wconf 92' lang='lat' dir='ltr'><strong>in</strong></span> <span class='ocrx_word' id='word_1_16' title='bbox 759 1204 831 1278; x_wconf 86' lang='lat' dir='ltr'><strong>qua</strong></span> <span class='ocrx_word' id='word_1_17' title='bbox 871 1189 977 1279; x_wconf 89' lang='lat' dir='ltr'><strong>pocta</strong></span> <span class='ocrx_word' id='word_1_18' title='bbox 1013 1187 1139 1256; x_wconf 84' lang='lat' dir='ltr'><strong>movet</strong></span> <span class='ocrx_word' id='word_1_19' title='bbox 1171 1183 1303 1257; x_wconf 87' lang='lat' dir='ltr'><strong>Carolo</strong></span> <span class='ocrx_word' id='word_1_20' title='bbox 1338 1182 1505 1276; x_wconf 82' lang='lat' dir='ltr'><strong>pulcrum</strong></span> 
     </span>
     <span class='ocr_line' id='line_1_4' title="bbox 328 1301 1505 1401; baseline -0.003 -21"><span class='ocrx_word' id='word_1_21' title='bbox 328 1307 567 1401; x_wconf 73' lang='lat' dir='ltr'><strong>quaestionem</strong></span> <span class='ocrx_word' id='word_1_22' title='bbox 594 1325 679 1400; x_wconf 82' lang='lat' dir='ltr'><strong>quae</strong></span> <span class='ocrx_word' id='word_1_23' title='bbox 704 1305 823 1379; x_wconf 92' lang='lat' dir='ltr'><strong>oritur</strong></span> <span class='ocrx_word' id='word_1_24' title='bbox 853 1325 900 1379; x_wconf 87' lang='lat' dir='ltr'><strong>ex</strong></span> <span class='ocrx_word' id='word_1_25' title='bbox 930 1302 1043 1378; x_wconf 85' lang='lat' dir='ltr'><strong>dictis.</strong></span> <span class='ocrx_word' id='word_1_26' title='bbox 1074 1303 1161 1378; x_wconf 91' lang='lat' dir='ltr'><strong>ldeo</strong></span> <span class='ocrx_word' id='word_1_27' title='bbox 1193 1309 1234 1376; x_wconf 89' lang='lat' dir='ltr'><strong>nt</strong></span> <span class='ocrx_word' id='word_1_28' title='bbox 1265 1301 1392 1377; x_wconf 90' lang='lat' dir='ltr'><strong>reddat</strong></span> <span class='ocrx_word' id='word_1_29' title='bbox 1415 1321 1505 1378; x_wconf 86' lang='lat' dir='ltr'><strong>cum</strong></span> 
     </span>
     <span class='ocr_line' id='line_1_5' title="bbox 330 1423 1507 1522; baseline -0.006 -19"><span class='ocrx_word' id='word_1_30' title='bbox 330 1428 549 1503; x_wconf 85' lang='lat' dir='ltr'><strong>benevolum</strong></span> <span class='ocrx_word' id='word_1_31' title='bbox 568 1424 755 1522; x_wconf 80' lang='lat' dir='ltr'><strong>praemittit</strong></span> <span class='ocrx_word' id='word_1_32' title='bbox 767 1426 937 1520; x_wconf 88' lang='lat' dir='ltr'><strong>pulcrum</strong></span> <span class='ocrx_word' id='word_1_33' title='bbox 956 1423 1164 1518; x_wconf 82' lang='lat' dir='ltr'><strong>exordium,</strong></span> <span class='ocrx_word' id='word_1_34' title='bbox 1178 1424 1215 1497; x_wconf 93' lang='lat' dir='ltr'><strong>in</strong></span> <span class='ocrx_word' id='word_1_35' title='bbox 1232 1443 1309 1518; x_wconf 83' lang='lat' dir='ltr'><strong>quo</strong></span> <span class='ocrx_word' id='word_1_36' title='bbox 1326 1425 1406 1497; x_wconf 87' lang='lat' dir='ltr'><strong>vult</strong></span> <span class='ocrx_word' id='word_1_37' title='bbox 1421 1443 1507 1498; x_wconf 84' lang='lat' dir='ltr'><strong>sen-</strong></span> 
     </span>
     <span class='ocr_line' id='line_1_6' title="bbox 331 1544 1505 1640; baseline -0.003 -17"><span class='ocrx_word' id='word_1_38' title='bbox 331 1547 527 1623; x_wconf 83' lang='lat' dir='ltr'><strong>teutialiter</strong></span> <span class='ocrx_word' id='word_1_39' title='bbox 549 1546 695 1621; x_wconf 90' lang='lat' dir='ltr'><strong>dicere:</strong></span> <span class='ocrx_word' id='word_1_40' title='bbox 723 1547 844 1621; x_wconf 73' lang='lat' dir='ltr'><strong>laetitia</strong></span> <span class='ocrx_word' id='word_1_41' title='bbox 871 1566 983 1638; x_wconf 84' lang='lat' dir='ltr'><strong>quam</strong></span> <span class='ocrx_word' id='word_1_42' title='bbox 1009 1545 1136 1620; x_wconf 89' lang='lat' dir='ltr'><strong>dedisti</strong></span> <span class='ocrx_word' id='word_1_43' title='bbox 1157 1545 1246 1619; x_wconf 84' lang='lat' dir='ltr'><strong>milri</strong></span> <span class='ocrx_word' id='word_1_44' title='bbox 1275 1565 1322 1619; x_wconf 84' lang='lat' dir='ltr'><strong>er</strong></span> <span class='ocrx_word' id='word_1_45' title='bbox 1343 1544 1505 1640; x_wconf 78' lang='lat' dir='ltr'><strong>jocunda</strong></span> 
     </span>
     <span class='ocr_line' id='line_1_7' title="bbox 333 1663 1506 1762; baseline -0.004 -22"><span class='ocrx_word' id='word_1_46' title='bbox 333 1667 542 1741; x_wconf 80' lang='lat' dir='ltr'><strong>narratione</strong></span> <span class='ocrx_word' id='word_1_47' title='bbox 567 1673 631 1748; x_wconf 88' lang='lat' dir='ltr'><strong>tua</strong></span> <span class='ocrx_word' id='word_1_48' title='bbox 656 1673 713 1752; x_wconf 85' lang='lat' dir='ltr'><strong>est</strong></span> <span class='ocrx_word' id='word_1_49' title='bbox 737 1665 825 1740; x_wconf 91' lang='lat' dir='ltr'><strong>mibi</strong></span> <span class='ocrx_word' id='word_1_50' title='bbox 850 1673 955 1762; x_wconf 76' lang='lat' dir='ltr'><strong>gram</strong></span> <span class='ocrx_word' id='word_1_51' title='bbox 981 1665 1029 1742; x_wconf 90' lang='lat' dir='ltr'><strong>de</strong></span> <span class='ocrx_word' id='word_1_52' title='bbox 1052 1685 1116 1758; x_wconf 68' lang='grc' dir='ltr'><strong>ως</strong></span> <span class='ocrx_word' id='word_1_53' title='bbox 1142 1665 1305 1740; x_wconf 82' lang='lat' dir='ltr'><strong>sommo</strong></span> <span class='ocrx_word' id='word_1_54' title='bbox 1335 1671 1392 1738; x_wconf 79' lang='lat' dir='ltr'><strong>est</strong></span> <span class='ocrx_word' id='word_1_55' title='bbox 1416 1663 1506 1737; x_wconf 88' lang='lat' dir='ltr'><strong>mibi</strong></span> 
     </span>
     <span class='ocr_line' id='line_1_8' title="bbox 330 1781 1507 1883; baseline -0.002 -23"><span class='ocrx_word' id='word_1_56' title='bbox 330 1786 470 1883; x_wconf 77' lang='lat' dir='ltr'>gratior</span> <span class='ocrx_word' id='word_1_57' title='bbox 496 1787 582 1880; x_wconf 89' lang='lat' dir='ltr'><strong>quia</strong></span> <span class='ocrx_word' id='word_1_58' title='bbox 597 1781 634 1877; x_wconf 81' lang='lat'><strong>(¹)</strong></span> <span class='ocrx_word' id='word_1_59' title='bbox 660 1785 848 1882; x_wconf 77' lang='lat' dir='ltr'><strong>cognoscis</strong></span> <span class='ocrx_word' id='word_1_60' title='bbox 873 1786 986 1880; x_wconf 76' lang='lat' dir='ltr'><strong>ipsam</strong></span> <span class='ocrx_word' id='word_1_61' title='bbox 1014 1790 1052 1859; x_wconf 89' lang='lat' dir='ltr'><strong>et</strong></span> <span class='ocrx_word' id='word_1_62' title='bbox 1077 1805 1149 1878; x_wconf 91' lang='lat' dir='ltr'><strong>me,</strong></span> <span class='ocrx_word' id='word_1_63' title='bbox 1166 1787 1262 1860; x_wconf 88' lang='lat' dir='ltr'><strong>sicut</strong></span> <span class='ocrx_word' id='word_1_64' title='bbox 1277 1791 1507 1882; x_wconf 69' lang='lat' dir='ltr'><strong>egometco</strong></span> 
     </span>
     <span class='ocr_line' id='line_1_9' title="bbox 331 1904 1506 2003; baseline -0.003 -22"><span class='ocrx_word' id='word_1_65' title='bbox 331 1925 491 2003; x_wconf 78' lang='lat' dir='ltr'><strong>gnosc03</strong></span> <span class='ocrx_word' id='word_1_66' title='bbox 519 1905 627 1981; x_wconf 87' lang='lat' dir='ltr'><strong>tertio</strong></span> <span class='ocrx_word' id='word_1_67' title='bbox 652 1905 834 2000; x_wconf 87' lang='lat' dir='ltr'><strong>quiahoc</strong></span> <span class='ocrx_word' id='word_1_68' title='bbox 858 1905 1048 2000; x_wconf 72' lang='lat' dir='ltr'><strong>cognoscis</strong></span> <span class='ocrx_word' id='word_1_69' title='bbox 1072 1905 1110 1979; x_wconf 92' lang='lat' dir='ltr'><strong>in</strong></span> <span class='ocrx_word' id='word_1_70' title='bbox 1140 1905 1218 1980; x_wconf 82' lang='lat' dir='ltr'><strong>lieo</strong></span> <span class='ocrx_word' id='word_1_71' title='bbox 1249 1905 1313 1999; x_wconf 91' lang='lat' dir='ltr'><strong>qui</strong></span> <span class='ocrx_word' id='word_1_72' title='bbox 1343 1911 1401 1980; x_wconf 90' lang='lat' dir='ltr'><strong>est</strong></span> <span class='ocrx_word' id='word_1_73' title='bbox 1427 1904 1506 1999; x_wconf 82' lang='lat' dir='ltr'><strong>ipsa</strong></span> 
     </span>
     <span class='ocr_line' id='line_1_10' title="bbox 332 2024 1507 2120; baseline 0 -22"><span class='ocrx_word' id='word_1_74' title='bbox 332 2025 486 2100; x_wconf 85' lang='lat' dir='ltr'><strong>raritas:</strong></span> <span class='ocrx_word' id='word_1_75' title='bbox 504 2025 587 2102; x_wconf 90' lang='lat' dir='ltr'><strong>iden</strong></span> <span class='ocrx_word' id='word_1_76' title='bbox 603 2045 648 2100; x_wconf 86' lang='lat' dir='ltr'><strong>ex</strong></span> <span class='ocrx_word' id='word_1_77' title='bbox 670 2025 738 2099; x_wconf 91' lang='lat' dir='ltr'><strong>boc</strong></span> <span class='ocrx_word' id='word_1_78' title='bbox 755 2045 940 2120; x_wconf 88' lang='lat' dir='ltr'><strong>praesumo</strong></span> <span class='ocrx_word' id='word_1_79' title='bbox 967 2045 1121 2100; x_wconf 88' lang='lat' dir='ltr'><strong>movere</strong></span> <span class='ocrx_word' id='word_1_80' title='bbox 1147 2025 1210 2099; x_wconf 93' lang='lat' dir='ltr'><strong>tibi</strong></span> <span class='ocrx_word' id='word_1_81' title='bbox 1234 2024 1402 2119; x_wconf 85' lang='lat' dir='ltr'><strong>dubium,</strong></span> <span class='ocrx_word' id='word_1_82' title='bbox 1417 2024 1507 2118; x_wconf 83' lang='lat' dir='ltr'><strong>quia</strong></span> 
     </span>
     <span class='ocr_line' id='line_1_11' title="bbox 334 2145 1509 2240; baseline 0 -20"><span class='ocrx_word' id='word_1_83' title='bbox 334 2152 373 2220; x_wconf 90' lang='lat' dir='ltr'><strong>tu</strong></span> <span class='ocrx_word' id='word_1_84' title='bbox 400 2147 529 2240; x_wconf 87' lang='lat' dir='ltr'><strong>plenus</strong></span> <span class='ocrx_word' id='word_1_85' title='bbox 554 2165 684 2222; x_wconf 87' lang='lat' dir='ltr'><strong>amore</strong></span> <span class='ocrx_word' id='word_1_86' title='bbox 708 2145 835 2220; x_wconf 84' lang='lat' dir='ltr'><strong>videns</strong></span> <span class='ocrx_word' id='word_1_87' title='bbox 862 2166 922 2221; x_wconf 89' lang='lat' dir='ltr'><strong>me</strong></span> <span class='ocrx_word' id='word_1_88' title='bbox 950 2151 1094 2220; x_wconf 88' lang='lat' dir='ltr'><strong>tanturn</strong></span> <span class='ocrx_word' id='word_1_89' title='bbox 1125 2147 1241 2220; x_wconf 78' lang='lat' dir='ltr'><strong>lactari</strong></span> <span class='ocrx_word' id='word_1_90' title='bbox 1270 2146 1307 2218; x_wconf 94' lang='lat' dir='ltr'><strong>in</strong></span> <span class='ocrx_word' id='word_1_91' title='bbox 1334 2165 1509 2220; x_wconf 87' lang='lat' dir='ltr'><strong>sermone</strong></span> 
     </span>
     <span class='ocr_line' id='line_1_12' title="bbox 333 2265 1507 2360; baseline -0.001 -22"><span class='ocrx_word' id='word_1_92' title='bbox 333 2271 398 2338; x_wconf 92' lang='lat' dir='ltr'><strong>tuo</strong></span> <span class='ocrx_word' id='word_1_93' title='bbox 424 2265 578 2340; x_wconf 78' lang='lat' dir='ltr'><strong>libenter</strong></span> <span class='ocrx_word' id='word_1_94' title='bbox 603 2265 806 2340; x_wconf 80' lang='lat' dir='ltr'><strong>declarabis</strong></span> <span class='ocrx_word' id='word_1_95' title='bbox 832 2287 903 2340; x_wconf 91' lang='lat' dir='ltr'><strong>me.</strong></span> <span class='ocrx_word' id='word_1_96' title='bbox 930 2266 1035 2340; x_wconf 89' lang='lat' dir='ltr'><strong>Nunc</strong></span> <span class='ocrx_word' id='word_1_97' title='bbox 1051 2266 1122 2341; x_wconf 89' lang='lat' dir='ltr'><strong>erit</strong></span> <span class='ocrx_word' id='word_1_98' title='bbox 1141 2265 1247 2342; x_wconf 91' lang='lat' dir='ltr'><strong>litera</strong></span> <span class='ocrx_word' id='word_1_99' title='bbox 1263 2267 1374 2358; x_wconf 73' lang='lat' dir='ltr'><strong>dara,</strong></span> <span class='ocrx_word' id='word_1_100' title='bbox 1391 2286 1507 2360; x_wconf 88' lang='lat' dir='ltr'><strong>quam</strong></span> 
     </span>
     <span class='ocr_line' id='line_1_13' title="bbox 333 2385 1509 2481; baseline 0.003 -23"><span class='ocrx_word' id='word_1_101' title='bbox 333 2389 374 2457; x_wconf 90' lang='lat' dir='ltr'><strong>tu</strong></span> <span class='ocrx_word' id='word_1_102' title='bbox 392 2385 520 2459; x_wconf 88' lang='lat' dir='ltr'><strong>ordina</strong></span> <span class='ocrx_word' id='word_1_103' title='bbox 533 2386 604 2460; x_wconf 89' lang='lat' dir='ltr'><strong>sic:</strong></span> <span class='ocrx_word' id='word_1_104' title='bbox 629 2391 659 2460; x_wconf 92' lang='lat'><em>0</em></span> <span class='ocrx_word' id='word_1_105' title='bbox 676 2389 799 2478; x_wconf 73' lang='lat' dir='ltr'><strong>stupor</strong></span> <span class='ocrx_word' id='word_1_106' title='bbox 816 2389 900 2474; x_wconf 83' lang='lat' dir='ltr'><strong>mio,</strong></span> <span class='ocrx_word' id='word_1_107' title='bbox 918 2387 1024 2460; x_wconf 92' lang='lat' dir='ltr'><strong>cuius</strong></span> <span class='ocrx_word' id='word_1_108' title='bbox 1044 2407 1128 2460; x_wconf 89' lang='lat' dir='ltr'><strong>sum</strong></span> <span class='ocrx_word' id='word_1_109' title='bbox 1147 2407 1278 2462; x_wconf 86' lang='lat' dir='ltr'><strong>servus</strong></span> <span class='ocrx_word' id='word_1_110' title='bbox 1294 2407 1341 2461; x_wconf 86' lang='lat' dir='ltr'><strong>er</strong></span> <span class='ocrx_word' id='word_1_111' title='bbox 1357 2407 1509 2481; x_wconf 88' lang='lat' dir='ltr'><strong>amore;</strong></span> 
     </span>
     <span class='ocr_line' id='line_1_14' title="bbox 334 2506 1513 2602; baseline 0.003 -22"><span class='ocrx_word' id='word_1_112' title='bbox 334 2508 539 2600; x_wconf 83' lang='lat' dir='ltr'><strong>peroccb&#39;io</strong></span> <span class='ocrx_word' id='word_1_113' title='bbox 564 2511 670 2582; x_wconf 80' lang='lat' dir='ltr'><strong>credo</strong></span> <span class='ocrx_word' id='word_1_114' title='bbox 694 2509 754 2580; x_wconf 82' lang='lat' dir='ltr'><strong>cle</strong></span> <span class='ocrx_word' id='word_1_115' title='bbox 775 2509 801 2579; x_wconf 87' lang='lat' dir='ltr'><strong>t’</strong></span> <span class='ocrx_word' id='word_1_116' title='bbox 813 2509 888 2580; x_wconf 85' lang='lat' dir='ltr'><strong>alta</strong></span> <span class='ocrx_word' id='word_1_117' title='bbox 912 2509 1040 2600; x_wconf 74' lang='lat' dir='ltr'><strong>delirio,</strong></span> <span class='ocrx_word' id='word_1_118' title='bbox 1070 2507 1173 2600; x_wconf 90' lang='lat' dir='ltr'><strong>idest,</strong></span> <span class='ocrx_word' id='word_1_119' title='bbox 1197 2506 1388 2602; x_wconf 80' lang='lat' dir='ltr'><strong>protunda,</strong></span> <span class='ocrx_word' id='word_1_120' title='bbox 1410 2510 1471 2581; x_wconf 83' lang='lat' dir='ltr'><strong>cbc</strong></span> <span class='ocrx_word' id='word_1_121' title='bbox 1487 2511 1513 2583; x_wconf 77' lang='lat' dir='ltr'><strong>’t</strong></span> 
     </span>
     <span class='ocr_line' id='line_1_15' title="bbox 336 2627 1510 2724; baseline -0.001 -22"><span class='ocrx_word' id='word_1_122' title='bbox 336 2635 394 2702; x_wconf 70' lang='lat' dir='ltr'><strong>bro</strong></span> <span class='ocrx_word' id='word_1_123' title='bbox 417 2632 547 2724; x_wconf 84' lang='lat' dir='ltr'><strong>portur</strong></span> <span class='ocrx_word' id='word_1_124' title='bbox 572 2631 784 2722; x_wconf 83' lang='lat' dir='ltr'><strong>m’insonde‚</strong></span> <span class='ocrx_word' id='word_1_125' title='bbox 812 2627 914 2720; x_wconf 87' lang='lat' dir='ltr'><strong>idest,</strong></span> <span class='ocrx_word' id='word_1_126' title='bbox 939 2627 1102 2700; x_wconf 85' lang='lat' dir='ltr'><strong>immittit</strong></span> <span class='ocrx_word' id='word_1_127' title='bbox 1130 2627 1167 2700; x_wconf 93' lang='lat' dir='ltr'><strong>in</strong></span> <span class='ocrx_word' id='word_1_128' title='bbox 1192 2649 1258 2702; x_wconf 91' lang='lat' dir='ltr'><strong>cor</strong></span> <span class='ocrx_word' id='word_1_129' title='bbox 1282 2648 1423 2721; x_wconf 83' lang='lat' dir='ltr'><strong>meum,</strong></span> <span class='ocrx_word' id='word_1_130' title='bbox 1443 2649 1510 2720; x_wconf 80' lang='lat' dir='ltr'><strong>per</strong></span> 
     </span>
     <span class='ocr_line' id='line_1_16' title="bbox 337 2737 1511 2840; baseline 0 -18"><span class='ocrx_word' id='word_1_131' title='bbox 337 2753 424 2822; x_wconf 79' lang='lat' dir='ltr'><strong>tasi</strong></span> <span class='ocrx_word' id='word_1_132' title='bbox 447 2752 571 2840; x_wconf 77' lang='lat' dir='ltr'><strong>nappin</strong></span> <span class='ocrx_word' id='word_1_133' title='bbox 595 2752 632 2822; x_wconf 83' lang='lat' dir='ltr'><strong>in</strong></span> <span class='ocrx_word' id='word_1_134' title='bbox 664 2769 717 2820; x_wconf 80' lang='lat' dir='ltr'><strong>nte</strong></span> <span class='ocrx_word' id='word_1_135' title='bbox 746 2767 843 2820; x_wconf 85' lang='lat' dir='ltr'><strong>come</strong></span> <span class='ocrx_word' id='word_1_136' title='bbox 871 2750 909 2820; x_wconf 84' lang='lat' dir='ltr'><strong>to</strong></span> <span class='ocrx_word' id='word_1_137' title='bbox 937 2749 1097 2840; x_wconf 60' lang='lat' dir='ltr'><strong>nappin,</strong></span> <span class='ocrx_word' id='word_1_138' title='bbox 1123 2737 1162 2820; x_wconf 82' lang='lat' dir='ltr'><strong>td</strong></span> <span class='ocrx_word' id='word_1_139' title='bbox 1184 2767 1249 2819; x_wconf 83' lang='lat' dir='ltr'><strong>occ</strong></span> <span class='ocrx_word' id='word_1_140' title='bbox 1274 2751 1360 2838; x_wconf 79' lang='lat' dir='ltr'><strong>opni</strong></span> <span class='ocrx_word' id='word_1_141' title='bbox 1389 2748 1455 2822; x_wconf 81' lang='lat' dir='ltr'><strong>beo</strong></span> <span class='ocrx_word' id='word_1_142' title='bbox 1477 2752 1511 2821; x_wconf 68' lang='lat' dir='ltr'><strong>si</strong></span> 
     </span>
     <span class='ocr_line' id='line_1_17' title="bbox 337 2865 1509 2962; baseline -0.001 -21"><span class='ocrx_word' id='word_1_143' title='bbox 337 2871 729 2959; x_wconf 64' lang='lat' dir='ltr'><strong>ermeneumata,</strong></span> <span class='ocrx_word' id='word_1_144' title='bbox 764 2865 866 2960; x_wconf 82' lang='lat' dir='ltr'><strong>idest,</strong></span> <span class='ocrx_word' id='word_1_145' title='bbox 901 2867 938 2940; x_wconf 96' lang='lat' dir='ltr'><strong>in</strong></span> <span class='ocrx_word' id='word_1_146' title='bbox 970 2866 1046 2941; x_wconf 87' lang='lat' dir='ltr'><strong>Deo</strong></span> <span class='ocrx_word' id='word_1_147' title='bbox 1078 2865 1143 2960; x_wconf 84' lang='lat' dir='ltr'><strong>qui</strong></span> <span class='ocrx_word' id='word_1_148' title='bbox 1177 2873 1232 2940; x_wconf 85' lang='lat' dir='ltr'><strong>est</strong></span> <span class='ocrx_word' id='word_1_149' title='bbox 1264 2867 1509 2962; x_wconf 87' lang='lat' dir='ltr'><strong>principaliter</strong></span> 
     </span>
     <span class='ocr_line' id='line_1_18' title="bbox 337 2985 1510 3084; baseline 0 -22"><span class='ocrx_word' id='word_1_150' title='bbox 337 2989 554 3084; x_wconf 91' lang='lat' dir='ltr'><strong>principium</strong></span> <span class='ocrx_word' id='word_1_151' title='bbox 588 2995 626 3064; x_wconf 87' lang='lat' dir='ltr'><strong>et</strong></span> <span class='ocrx_word' id='word_1_152' title='bbox 665 2989 819 3063; x_wconf 83' lang='lat' dir='ltr'><strong>finaliter</strong></span> <span class='ocrx_word' id='word_1_153' title='bbox 850 2985 931 3061; x_wconf 86' lang='lat' dir='ltr'><strong>linis</strong></span> <span class='ocrx_word' id='word_1_154' title='bbox 962 2988 1130 3062; x_wconf 91' lang='lat' dir='ltr'><strong>omniurn</strong></span> <span class='ocrx_word' id='word_1_155' title='bbox 1161 2987 1369 3083; x_wconf 82' lang='lat' dir='ltr'><strong>bonorum3</strong></span> <span class='ocrx_word' id='word_1_156' title='bbox 1401 2997 1510 3080; x_wconf 80' lang='lat' dir='ltr'><strong>prato</strong></span> 
     </span>
     <span class='ocr_line' id='line_1_19' title="bbox 337 3106 1514 3203; baseline 0 -19"><span class='ocrx_word' id='word_1_157' title='bbox 337 3107 416 3184; x_wconf 76' lang='lat' dir='ltr'><strong>m’d</strong></span> <span class='ocrx_word' id='word_1_158' title='bbox 436 3106 498 3202; x_wconf 81' lang='lat' dir='ltr'><strong>piri</strong></span> <span class='ocrx_word' id='word_1_159' title='bbox 514 3132 533 3181; x_wconf 90' lang='lat' dir='ltr'><strong>c</strong></span> <span class='ocrx_word' id='word_1_160' title='bbox 550 3111 658 3182; x_wconf 85' lang='lat' dir='ltr'><strong>ancbe</strong></span> <span class='ocrx_word' id='word_1_161' title='bbox 677 3117 794 3200; x_wconf 81' lang='lat' dir='ltr'><strong>questo</strong></span> <span class='ocrx_word' id='word_1_162' title='bbox 811 3111 856 3181; x_wconf 87' lang='lat' dir='ltr'><strong>lto</strong></span> <span class='ocrx_word' id='word_1_163' title='bbox 872 3129 972 3200; x_wconf 86' lang='lat' dir='ltr'><strong>coro,</strong></span> <span class='ocrx_word' id='word_1_164' title='bbox 991 3109 1066 3183; x_wconf 95' lang='lat' dir='ltr'><strong>imo</strong></span> <span class='ocrx_word' id='word_1_165' title='bbox 1084 3109 1328 3203; x_wconf 87' lang='lat' dir='ltr'><strong>carissimum,</strong></span> <span class='ocrx_word' id='word_1_166' title='bbox 1346 3107 1474 3202; x_wconf 82' lang='lat' dir='ltr'><strong>pcrcbd</strong></span> <span class='ocrx_word' id='word_1_167' title='bbox 1487 3113 1514 3184; x_wconf 80' lang='lat' dir='ltr'><strong>’t</strong></span> 
     </span>
     <span class='ocr_line' id='line_1_20' title="bbox 337 3227 1514 3322; baseline 0.001 -19"><span class='ocrx_word' id='word_1_168' title='bbox 337 3233 489 3304; x_wconf 64' lang='lat' dir='ltr'><strong>discerni</strong></span> <span class='ocrx_word' id='word_1_169' title='bbox 504 3231 704 3302; x_wconf 66' lang='lat' dir='ltr'><strong>mandando</strong></span> <span class='ocrx_word' id='word_1_170' title='bbox 720 3232 758 3301; x_wconf 84' lang='lat' dir='ltr'><strong>tn</strong></span> <span class='ocrx_word' id='word_1_171' title='bbox 775 3232 858 3319; x_wconf 82' lang='lat' dir='ltr'><strong>Dio,</strong></span> <span class='ocrx_word' id='word_1_172' title='bbox 876 3229 969 3310; x_wconf 90' lang='lat' dir='ltr'><strong>sicut</strong></span> <span class='ocrx_word' id='word_1_173' title='bbox 986 3227 1022 3301; x_wconf 91' lang='lat' dir='ltr'><strong>in</strong></span> <span class='ocrx_word' id='word_1_174' title='bbox 1041 3228 1201 3322; x_wconf 85' lang='lat' dir='ltr'><strong>speculo,</strong></span> <span class='ocrx_word' id='word_1_175' title='bbox 1222 3229 1259 3303; x_wconf 92' lang='lat' dir='ltr'><strong>in</strong></span> <span class='ocrx_word' id='word_1_176' title='bbox 1275 3249 1352 3322; x_wconf 82' lang='lat' dir='ltr'><strong>quo</strong></span> <span class='ocrx_word' id='word_1_177' title='bbox 1372 3231 1514 3304; x_wconf 89' lang='lat' dir='ltr'><strong>relucet</strong></span> 
     </span>
     <span class='ocr_line' id='line_1_21' title="bbox 337 3348 1514 3444; baseline 0.003 -23"><span class='ocrx_word' id='word_1_178' title='bbox 337 3369 449 3423; x_wconf 91' lang='lat' dir='ltr'><strong>omne</strong></span> <span class='ocrx_word' id='word_1_179' title='bbox 475 3369 628 3442; x_wconf 81' lang='lat' dir='ltr'><strong>verum3</strong></span> <span class='ocrx_word' id='word_1_180' title='bbox 651 3368 752 3444; x_wconf 83' lang='lat' dir='ltr'><strong>ergo,</strong></span> <span class='ocrx_word' id='word_1_181' title='bbox 775 3352 866 3443; x_wconf 81' lang='lat' dir='ltr'><strong>sotto</strong></span> <span class='ocrx_word' id='word_1_182' title='bbox 889 3351 934 3421; x_wconf 86' lang='lat' dir='ltr'><strong>m&#39;</strong></span> <span class='ocrx_word' id='word_1_183' title='bbox 947 3350 1007 3421; x_wconf 84' lang='lat' dir='ltr'><strong>dui</strong></span> <span class='ocrx_word' id='word_1_184' title='bbox 1031 3351 1122 3439; x_wconf 86' lang='lat' dir='ltr'><strong>licto,</strong></span> <span class='ocrx_word' id='word_1_185' title='bbox 1144 3348 1298 3425; x_wconf 85' lang='lat' dir='ltr'><strong>dicendo</strong></span> <span class='ocrx_word' id='word_1_186' title='bbox 1324 3350 1412 3424; x_wconf 90' lang='lat' dir='ltr'><strong>mibi</strong></span> <span class='ocrx_word' id='word_1_187' title='bbox 1438 3355 1514 3425; x_wconf 89' lang='lat' dir='ltr'><strong>tam</strong></span> 
     </span>
     <span class='ocr_line' id='line_1_22' title="bbox 338 3459 1516 3564; baseline 0 -22"><span class='ocrx_word' id='word_1_188' title='bbox 338 3474 466 3564; x_wconf 89' lang='lat' dir='ltr'><strong>aperte</strong></span> <span class='ocrx_word' id='word_1_189' title='bbox 490 3468 695 3561; x_wconf 82' lang='lat' dir='ltr'><strong>veritatem,</strong></span> <span class='ocrx_word' id='word_1_190' title='bbox 711 3465 834 3560; x_wconf 81' lang='lat' dir='ltr'><strong>potcbd</strong></span> <span class='ocrx_word' id='word_1_191' title='bbox 844 3471 1039 3560; x_wconf 80' lang='lat' dir='ltr'><strong>portando,</strong></span> <span class='ocrx_word' id='word_1_192' title='bbox 1056 3468 1103 3543; x_wconf 90' lang='lat' dir='ltr'><strong>de</strong></span> <span class='ocrx_word' id='word_1_193' title='bbox 1125 3469 1240 3543; x_wconf 83' lang='lat' dir='ltr'><strong>fratre</strong></span> <span class='ocrx_word' id='word_1_194' title='bbox 1260 3476 1326 3542; x_wconf 93' lang='lat' dir='ltr'><strong>tuo</strong></span> <span class='ocrx_word' id='word_1_195' title='bbox 1338 3459 1389 3564; x_wconf 76' lang='lat'><strong>(²),</strong></span> <span class='ocrx_word' id='word_1_196' title='bbox 1408 3491 1433 3542; x_wconf 86' lang='lat' dir='ltr'><strong>n</strong></span> <span class='ocrx_word' id='word_1_197' title='bbox 1448 3473 1516 3543; x_wconf 79' lang='lat' dir='ltr'><strong>du-</strong></span> 
     </span>
     <span class='ocr_line' id='line_1_23' title="bbox 338 3588 1516 3683; baseline 0.001 -21"><span class='ocrx_word' id='word_1_198' title='bbox 338 3591 430 3662; x_wconf 83' lang='lat' dir='ltr'><strong>bitur</strong></span> <span class='ocrx_word' id='word_1_199' title='bbox 455 3591 500 3662; x_wconf 87' lang='lat' dir='ltr'><strong>m&#39;</strong></span> <span class='ocrx_word' id='word_1_200' title='bbox 513 3591 573 3662; x_wconf 82' lang='lat' dir='ltr'><strong>bot</strong></span> <span class='ocrx_word' id='word_1_201' title='bbox 592 3609 720 3678; x_wconf 81' lang='lat' dir='ltr'><strong>musso,</strong></span> <span class='ocrx_word' id='word_1_202' title='bbox 738 3597 776 3663; x_wconf 88' lang='lat' dir='ltr'><strong>et</strong></span> <span class='ocrx_word' id='word_1_203' title='bbox 792 3609 880 3664; x_wconf 90' lang='lat' dir='ltr'><strong>ecce</strong></span> <span class='ocrx_word' id='word_1_204' title='bbox 899 3588 1186 3663; x_wconf 76' lang='lat' dir='ltr'><strong>dubitationem:</strong></span> <span class='ocrx_word' id='word_1_205' title='bbox 1211 3611 1308 3663; x_wconf 80' lang='lat' dir='ltr'><strong>corne</strong></span> <span class='ocrx_word' id='word_1_206' title='bbox 1331 3594 1427 3663; x_wconf 81' lang='lat' dir='ltr'><strong>oscir</strong></span> <span class='ocrx_word' id='word_1_207' title='bbox 1443 3588 1516 3683; x_wconf 81' lang='lat' dir='ltr'><strong>pud</strong></span> 
     </span>
     <span class='ocr_line' id='line_1_24' title="bbox 339 3708 1516 3803; baseline -0.002 -20"><span class='ocrx_word' id='word_1_208' title='bbox 339 3711 377 3783; x_wconf 85' lang='lat' dir='ltr'><strong>di</strong></span> <span class='ocrx_word' id='word_1_209' title='bbox 401 3711 499 3784; x_wconf 85' lang='lat' dir='ltr'><strong>dolce</strong></span> <span class='ocrx_word' id='word_1_210' title='bbox 522 3729 613 3782; x_wconf 77' lang='lat' dir='ltr'><strong>serae</strong></span> <span class='ocrx_word' id='word_1_211' title='bbox 638 3728 780 3799; x_wconf 85' lang='lat' dir='ltr'><strong>amoro,</strong></span> <span class='ocrx_word' id='word_1_212' title='bbox 806 3708 898 3782; x_wconf 91' lang='lat' dir='ltr'><strong>idest</strong></span> <span class='ocrx_word' id='word_1_213' title='bbox 914 3709 1101 3802; x_wconf 87' lang='lat' dir='ltr'><strong>quomodo</strong></span> <span class='ocrx_word' id='word_1_214' title='bbox 1117 3730 1271 3783; x_wconf 90' lang='lat' dir='ltr'><strong>amarus</strong></span> <span class='ocrx_word' id='word_1_215' title='bbox 1290 3709 1433 3783; x_wconf 83' lang='lat' dir='ltr'><strong>fructus</strong></span> <span class='ocrx_word' id='word_1_216' title='bbox 1449 3729 1516 3803; x_wconf 87' lang='lat' dir='ltr'><strong>po·</strong></span> 
     </span>
     <span class='ocr_line' id='line_1_25' title="bbox 341 3827 1516 3922; baseline -0.001 -19"><span class='ocrx_word' id='word_1_217' title='bbox 341 3836 412 3904; x_wconf 87' lang='lat' dir='ltr'><strong>test</strong></span> <span class='ocrx_word' id='word_1_218' title='bbox 429 3828 525 3903; x_wconf 87' lang='lat' dir='ltr'><strong>nasci</strong></span> <span class='ocrx_word' id='word_1_219' title='bbox 543 3829 590 3903; x_wconf 92' lang='lat' dir='ltr'><strong>de</strong></span> <span class='ocrx_word' id='word_1_220' title='bbox 607 3829 703 3903; x_wconf 92' lang='lat' dir='ltr'><strong>dulci</strong></span> <span class='ocrx_word' id='word_1_221' title='bbox 722 3829 874 3922; x_wconf 88' lang='lat' dir='ltr'><strong>semine,</strong></span> <span class='ocrx_word' id='word_1_222' title='bbox 891 3828 995 3921; x_wconf 90' lang='lat' dir='ltr'><strong>quasi</strong></span> <span class='ocrx_word' id='word_1_223' title='bbox 1013 3827 1129 3902; x_wconf 87' lang='lat' dir='ltr'><strong>dicat:</strong></span> <span class='ocrx_word' id='word_1_224' title='bbox 1147 3828 1334 3922; x_wconf 85' lang='lat' dir='ltr'><strong>quomodo</strong></span> <span class='ocrx_word' id='word_1_225' title='bbox 1347 3849 1394 3902; x_wconf 79' lang='lat' dir='ltr'><strong>ex</strong></span> <span class='ocrx_word' id='word_1_226' title='bbox 1412 3834 1516 3922; x_wconf 87' lang='lat' dir='ltr'><strong>patre</strong></span> 
     </span>
     <span class='ocr_line' id='line_1_26' title="bbox 341 3947 1516 4044; baseline -0.003 -20"><span class='ocrx_word' id='word_1_227' title='bbox 341 3948 481 4024; x_wconf 87' lang='lat' dir='ltr'><strong>liberali</strong></span> <span class='ocrx_word' id='word_1_228' title='bbox 513 3954 629 4044; x_wconf 90' lang='lat' dir='ltr'><strong>potest</strong></span> <span class='ocrx_word' id='word_1_229' title='bbox 659 3948 757 4023; x_wconf 84' lang='lat' dir='ltr'><strong>nasci</strong></span> <span class='ocrx_word' id='word_1_230' title='bbox 792 3947 885 4021; x_wconf 88' lang='lat' dir='ltr'><strong>lilius</strong></span> <span class='ocrx_word' id='word_1_231' title='bbox 915 3966 1125 4021; x_wconf 79' lang='lat' dir='ltr'><strong>avarus—</strong></span> <span class='ocrx_word' id='word_1_232' title='bbox 1142 3953 1276 4035; x_wconf 82' lang='lat' dir='ltr'><strong>Questo.</strong></span> <span class='ocrx_word' id='word_1_233' title='bbox 1310 3948 1376 4021; x_wconf 87' lang='lat' dir='ltr'><strong>llic</strong></span> <span class='ocrx_word' id='word_1_234' title='bbox 1405 3953 1516 4022; x_wconf 87' lang='lat' dir='ltr'><strong>autor</strong></span> 
     </span>
     <span class='ocr_line' id='line_1_27' title="bbox 343 4065 1515 4166; baseline 0 -23"><span class='ocrx_word' id='word_1_235' title='bbox 343 4067 443 4166; x_wconf 93' lang='lat' dir='ltr'><strong>ponit</strong></span> <span class='ocrx_word' id='word_1_236' title='bbox 468 4069 740 4163; x_wconf 86' lang='lat' dir='ltr'><strong>responsionem</strong></span> <span class='ocrx_word' id='word_1_237' title='bbox 759 4067 877 4142; x_wconf 84' lang='lat' dir='ltr'><strong>Caroli</strong></span> <span class='ocrx_word' id='word_1_238' title='bbox 896 4066 942 4140; x_wconf 89' lang='lat' dir='ltr'><strong>ad</strong></span> <span class='ocrx_word' id='word_1_239' title='bbox 966 4065 1176 4161; x_wconf 85' lang='lat' dir='ltr'><strong>petitionem</strong></span> <span class='ocrx_word' id='word_1_240' title='bbox 1194 4087 1320 4141; x_wconf 82' lang='lat' dir='ltr'><strong>suern:</strong></span> <span class='ocrx_word' id='word_1_241' title='bbox 1338 4073 1375 4141; x_wconf 91' lang='lat' dir='ltr'><strong>et</strong></span> <span class='ocrx_word' id='word_1_242' title='bbox 1394 4068 1515 4162; x_wconf 94' lang='lat' dir='ltr'><strong>primo</strong></span> 
     </span>
     <span class='ocr_line' id='line_1_28' title="bbox 342 4185 1517 4285; baseline -0.005 -19"><span class='ocrx_word' id='word_1_243' title='bbox 342 4190 498 4266; x_wconf 81' lang='lat' dir='ltr'><strong>ostendit</strong></span> <span class='ocrx_word' id='word_1_244' title='bbox 524 4189 681 4285; x_wconf 89' lang='lat' dir='ltr'><strong>qualiter</strong></span> <span class='ocrx_word' id='word_1_245' title='bbox 706 4189 789 4264; x_wconf 88' lang='lat' dir='ltr'><strong>lecit</strong></span> <span class='ocrx_word' id='word_1_246' title='bbox 815 4209 901 4262; x_wconf 88' lang='lat' dir='ltr'><strong>eum</strong></span> <span class='ocrx_word' id='word_1_247' title='bbox 929 4191 1109 4262; x_wconf 79' lang='lat' dir='ltr'><strong>attemum</strong></span> <span class='ocrx_word' id='word_1_248' title='bbox 1127 4187 1174 4262; x_wconf 93' lang='lat' dir='ltr'><strong>ad</strong></span> <span class='ocrx_word' id='word_1_249' title='bbox 1191 4185 1343 4262; x_wconf 90' lang='lat' dir='ltr'><strong>dicenda</strong></span> <span class='ocrx_word' id='word_1_250' title='bbox 1363 4187 1517 4282; x_wconf 89' lang='lat' dir='ltr'><strong>promit-</strong></span> 
     </span>
     <span class='ocr_line' id='line_1_29' title="bbox 343 4306 1516 4405; baseline -0.001 -22"><span class='ocrx_word' id='word_1_251' title='bbox 343 4319 423 4386; x_wconf 90' lang='lat' dir='ltr'><strong>tens</strong></span> <span class='ocrx_word' id='word_1_252' title='bbox 448 4311 516 4384; x_wconf 90' lang='lat' dir='ltr'><strong>sibi</strong></span> <span class='ocrx_word' id='word_1_253' title='bbox 533 4317 675 4385; x_wconf 89' lang='lat' dir='ltr'><strong>certum</strong></span> <span class='ocrx_word' id='word_1_254' title='bbox 696 4309 912 4405; x_wconf 89' lang='lat' dir='ltr'><strong>principium</strong></span> <span class='ocrx_word' id='word_1_255' title='bbox 934 4306 1140 4383; x_wconf 81' lang='lat' dir='ltr'><strong>necessario</strong></span> <span class='ocrx_word' id='word_1_256' title='bbox 1156 4307 1451 4402; x_wconf 75' lang='lat' dir='ltr'><strong>praemittendum</strong></span> <span class='ocrx_word' id='word_1_257' title='bbox 1469 4307 1516 4382; x_wconf 93' lang='lat' dir='ltr'><strong>ad</strong></span> 
     </span>
     <span class='ocr_line' id='line_1_30' title="bbox 343 4428 1517 4524; baseline -0.003 -19"><span class='ocrx_word' id='word_1_258' title='bbox 343 4451 471 4506; x_wconf 89' lang='lat' dir='ltr'><strong>veram</strong></span> <span class='ocrx_word' id='word_1_259' title='bbox 498 4433 716 4506; x_wconf 89' lang='lat' dir='ltr'><strong>solutionem</strong></span> <span class='ocrx_word' id='word_1_260' title='bbox 732 4454 742 4524; x_wconf 92' lang='lat'>;</span> <span class='ocrx_word' id='word_1_261' title='bbox 762 4430 860 4504; x_wconf 88' lang='lat' dir='ltr'><strong>unde</strong></span> <span class='ocrx_word' id='word_1_262' title='bbox 876 4429 1095 4503; x_wconf 87' lang='lat' dir='ltr'><strong>continuans</strong></span> <span class='ocrx_word' id='word_1_263' title='bbox 1119 4428 1214 4502; x_wconf 88' lang='lat' dir='ltr'><strong>dicta</strong></span> <span class='ocrx_word' id='word_1_264' title='bbox 1229 4428 1389 4503; x_wconf 85' lang='lat' dir='ltr'><strong>dicendis</strong></span> <span class='ocrx_word' id='word_1_265' title='bbox 1407 4428 1517 4503; x_wconf 88' lang='lat' dir='ltr'><strong>dicit:</strong></span> 
     </span>
     <span class='ocr_line' id='line_1_31' title="bbox 285 4547 1517 4658; baseline 0 -34"><span class='ocrx_word' id='word_1_266' title='bbox 285 4637 293 4658; x_wconf 38' lang='grc' dir='ltr'><em>Ι</em></span> <span class='ocrx_word' id='word_1_267' title='bbox 347 4555 470 4638; x_wconf 81' lang='lat' dir='ltr'><strong>(tuesto</strong></span> <span class='ocrx_word' id='word_1_268' title='bbox 485 4554 521 4624; x_wconf 83' lang='lat' dir='ltr'><strong>io</strong></span> <span class='ocrx_word' id='word_1_269' title='bbox 541 4573 566 4624; x_wconf 87' lang='lat' dir='ltr'><strong>u</strong></span> <span class='ocrx_word' id='word_1_270' title='bbox 586 4555 648 4642; x_wconf 84' lang='lat' dir='ltr'><strong>lut,</strong></span> <span class='ocrx_word' id='word_1_271' title='bbox 666 4551 794 4646; x_wconf 91' lang='lat' dir='ltr'><strong>supple</strong></span> <span class='ocrx_word' id='word_1_272' title='bbox 814 4549 888 4624; x_wconf 87' lang='lat' dir='ltr'><strong>dixi</strong></span> <span class='ocrx_word' id='word_1_273' title='bbox 906 4549 1004 4643; x_wconf 86' lang='lat' dir='ltr'><strong>quod</strong></span> <span class='ocrx_word' id='word_1_274' title='bbox 1026 4547 1164 4622; x_wconf 89' lang='lat' dir='ltr'><strong>dictum</strong></span> <span class='ocrx_word' id='word_1_275' title='bbox 1182 4555 1261 4624; x_wconf 86' lang='lat' dir='ltr'><strong>est:</strong></span> <span class='ocrx_word' id='word_1_276' title='bbox 1278 4556 1313 4622; x_wconf 87' lang='lat' dir='ltr'><strong>ct</strong></span> <span class='ocrx_word' id='word_1_277' title='bbox 1326 4553 1395 4640; x_wconf 73' lang='lat' dir='ltr'><strong>epti</strong></span> <span class='ocrx_word' id='word_1_278' title='bbox 1410 4570 1435 4622; x_wconf 86' lang='lat' dir='ltr'><strong><em>a</em></strong></span> <span class='ocrx_word' id='word_1_279' title='bbox 1451 4571 1517 4641; x_wconf 80' lang='lat' dir='ltr'><strong>rac,</strong></span> 
     </span>
     <span class='ocr_line' id='line_1_32' title="bbox 345 4669 1519 4766; baseline 0.002 -23"><span class='ocrx_word' id='word_1_280' title='bbox 345 4669 473 4764; x_wconf 85' lang='lat' dir='ltr'><strong>supple</strong></span> <span class='ocrx_word' id='word_1_281' title='bbox 498 4671 652 4746; x_wconf 90' lang='lat' dir='ltr'><strong>Carolus</strong></span> <span class='ocrx_word' id='word_1_282' title='bbox 675 4669 784 4744; x_wconf 77' lang='lat' dir='ltr'><strong>dixit:</strong></span> <span class='ocrx_word' id='word_1_283' title='bbox 802 4672 831 4741; x_wconf 60' lang='grc' dir='ltr'><strong>ε)</strong></span> <span class='ocrx_word' id='word_1_284' title='bbox 840 4671 876 4742; x_wconf 87' lang='lat' dir='ltr'><strong>io</strong></span> <span class='ocrx_word' id='word_1_285' title='bbox 892 4690 999 4761; x_wconf 85' lang='lat' dir='ltr'><strong>posse</strong></span> <span class='ocrx_word' id='word_1_286' title='bbox 1016 4673 1200 4743; x_wconf 81' lang='lat' dir='ltr'><strong>mostrorti</strong></span> <span class='ocrx_word' id='word_1_287' title='bbox 1214 4689 1263 4744; x_wconf 78' lang='lat' dir='ltr'><strong>uo</strong></span> <span class='ocrx_word' id='word_1_288' title='bbox 1279 4691 1376 4761; x_wconf 85' lang='lat' dir='ltr'><strong>vcro,</strong></span> <span class='ocrx_word' id='word_1_289' title='bbox 1393 4670 1434 4764; x_wconf 81' lang='lat' dir='ltr'><strong>si,</strong></span> <span class='ocrx_word' id='word_1_290' title='bbox 1451 4693 1519 4766; x_wconf 91' lang='lat' dir='ltr'><strong>pro</strong></span> 
     </span>
     <span class='ocr_line' id='line_1_33' title="bbox 344 4788 1519 4885; baseline 0.004 -24"><span class='ocrx_word' id='word_1_291' title='bbox 344 4789 443 4884; x_wconf 86' lang='lat' dir='ltr'><strong>quia,</strong></span> <span class='ocrx_word' id='word_1_292' title='bbox 461 4789 547 4883; x_wconf 89' lang='lat' dir='ltr'><strong>quia</strong></span> <span class='ocrx_word' id='word_1_293' title='bbox 573 4809 721 4884; x_wconf 89' lang='lat' dir='ltr'><strong>possum</strong></span> <span class='ocrx_word' id='word_1_294' title='bbox 750 4788 812 4864; x_wconf 93' lang='lat' dir='ltr'><strong>tibi</strong></span> <span class='ocrx_word' id='word_1_295' title='bbox 836 4789 1092 4863; x_wconf 90' lang='lat' dir='ltr'><strong>demonstrare</strong></span> <span class='ocrx_word' id='word_1_296' title='bbox 1115 4789 1216 4864; x_wconf 90' lang='lat' dir='ltr'><strong>ctare</strong></span> <span class='ocrx_word' id='word_1_297' title='bbox 1240 4810 1359 4866; x_wconf 92' lang='lat' dir='ltr'><strong>unum</strong></span> <span class='ocrx_word' id='word_1_298' title='bbox 1385 4791 1519 4885; x_wconf 90' lang='lat' dir='ltr'><strong>princi·</strong></span> 
     </span>
    </p>
   </div>
   <div class='ocr_carea' id='block_1_3' title="bbox 403 5050 1384 5119">
    <p class='ocr_par' dir='ltr' id='par_1_3' title="bbox 403 5050 1384 5119">
     <span class='ocr_line' id='line_1_34' title="bbox 403 5050 1384 5119; baseline 0.012 -22"><span class='ocrx_word' id='word_1_299' title='bbox 403 5050 436 5116; x_wconf 63' lang='lat' dir='ltr'><strong>p)</strong></span> <span class='ocrx_word' id='word_1_300' title='bbox 451 5051 483 5102; x_wconf 84' lang='lat' dir='ltr'><strong>tt.</strong></span> <span class='ocrx_word' id='word_1_301' title='bbox 496 5065 514 5103; x_wconf 77' lang='lat' dir='ltr'><strong>a</strong></span> <span class='ocrx_word' id='word_1_302' title='bbox 529 5056 553 5109; x_wconf 82' lang='lat' dir='ltr'><strong>t,</strong></span> <span class='ocrx_word' id='word_1_303' title='bbox 569 5053 630 5117; x_wconf 80' lang='lat' dir='ltr'><strong>qun</strong></span> <span class='ocrx_word' id='word_1_304' title='bbox 646 5065 775 5118; x_wconf 69' lang='lat' dir='ltr'><strong>cognosco</strong></span> <span class='ocrx_word' id='word_1_305' title='bbox 789 5053 871 5116; x_wconf 80' lang='lat' dir='ltr'><strong>ipsam</strong></span> <span class='ocrx_word' id='word_1_306' title='bbox 888 5054 914 5104; x_wconf 88' lang='lat' dir='ltr'><strong>in</strong></span> <span class='ocrx_word' id='word_1_307' title='bbox 931 5067 981 5116; x_wconf 85' lang='lat' dir='ltr'><strong>mc,</strong></span> <span class='ocrx_word' id='word_1_308' title='bbox 998 5055 1073 5106; x_wconf 78' lang='lat' dir='ltr'><strong>cium.</strong></span> <span class='ocrx_word' id='word_1_309' title='bbox 1230 5055 1259 5119; x_wconf 66' lang='grc' dir='ltr'><strong>(Ἴ</strong></span> <span class='ocrx_word' id='word_1_310' title='bbox 1273 5062 1299 5119; x_wconf 78' lang='lat' dir='ltr'><strong>t,</strong></span> <span class='ocrx_word' id='word_1_311' title='bbox 1311 5067 1384 5109; x_wconf 77' lang='lat' dir='ltr'><strong>meo.</strong></span> 
     </span>
    </p>
   </div>
   <div class='ocr_carea' id='block_1_4' title="bbox 0 0 2203 6692">
    <p class='ocr_par' dir='ltr' id='par_1_4' title="bbox 0 0 2203 6692">
     <span class='ocr_line' id='line_1_35' title="bbox 0 0 2203 6692; baseline 0 0"><span class='ocrx_word' id='word_1_312' title='bbox 0 0 2203 6692; x_wconf 95' lang='lat' dir='ltr'><strong> </strong></span> 
     </span>
    </p>
   </div>
  </div>
 </body>
</html>
