4342 6692
702 916 747 982 tl
964 884 968 892 ¹
1062 925 1267 981 comana
1289 925 1510 982 aurearonn

700 1073 806 1166 tium,
829 1076 970 1166 famoso
1000 1075 1110 1163 assui,
1136 1071 1301 1166 loquitur
1325 1071 1535 1146 verecunde
1558 1069 1596 1144 in
1627 1070 1774 1146 laudern
1799 1071 1871 1165 sui,

699 1215 760 1266 mu
784 1214 857 1266 aon
881 1213 946 1266 con
976 1195 1056 1287 sede
1083 1213 1234 1283 umora,
1258 1191 1405 1285 scilieet,
1422 1191 1636 1284 christiana3
1664 1191 1729 1266 sed
1753 1191 1872 1267 anda-

701 1323 779 1390 eter
804 1313 929 1389 laudat
954 1333 1090 1388 nomen
1119 1333 1198 1386 sure
1230 1312 1473 1408 protensionis,
1497 1312 1639 1386 dioens:
1671 1316 1728 1387 cot
1755 1331 1871 1404 nome,

701 1435 847 1529 seilicet,
872 1433 1025 1530 poetico,
1051 1435 1113 1505 cte
1133 1428 1195 1525 piri
1219 1436 1327 1524 duro,
1352 1439 1391 1508 et
1415 1435 1497 1528 plus
1521 1433 1660 1508 durare
1688 1431 1773 1508 lacit
1803 1453 1873 1507 no-

701 1575 788 1629 men
813 1554 987 1628 aliorum:
1013 1551 1096 1626 ideo
1120 1553 1216 1627 bene
1239 1551 1329 1627 dixit
1352 1554 1542 1632 Lucanus:
1564 1558 1713 1628 Osacer
1736 1560 1771 1626 et
1792 1574 1872 1626 mu-

701 1695 791 1766 pruu
822 1681 939 1747 vatum
970 1673 1086 1763 tabor,
1117 1675 1480 1767 omniosntodripr‘s
1516 1681 1550 1746 et
1584 1675 1699 1746 donus
1732 1675 1873 1766 populis

701 1795 904 1868 mmtodbus
928 1814 1039 1868 oevum
1065 1798 1134 1867 ete.
1160 1793 1204 1866 Et
1235 1792 1264 1866 si
1297 1792 1384 1867 dieis
1415 1793 1503 1867 mihi
1532 1794 1580 1869 de
1603 1793 1808 1890 Aristotele,
1833 1801 1872 1869 et

701 1913 825 1988 multis
851 1907 1068 2008 philosophis
1092 1911 1364 2006 antiquissimis,
1389 1913 1508 1986 diram
1539 1913 1603 1986 tihi
1634 1913 1681 1988 de
1709 1914 1872 1989 Homero

701 2039 737 2108 et
761 2033 840 2107 aliis
866 2033 989 2106 multis
1015 2032 1079 2126 qni
1104 2032 1256 2106 luerunt
1279 2032 1344 2107 diu
1368 2038 1465 2126 ante
1491 2053 1586 2126 quos
1611 2031 1688 2128 ipse
1711 2033 1872 2128 philoso-

701 2155 795 2250 phus
820 2153 1033 2247 frequenter
1066 2152 1211 2249 allegat,
1241 2159 1280 2227 et
1309 2152 1493 2248 praeuipue
1522 2153 1739 2247 Homerum,
1764 2175 1783 2226 e
1808 2149 1873 2248 piri

702 2294 832 2363 onero,
857 2273 1003 2366 seilicet,
1021 2272 1227 2365 hominem3
1253 2272 1402 2347 nornine
1426 2273 1524 2348 enirn
1544 2281 1662 2368 poetae
1678 2274 1773 2349 sieut
1791 2275 1873 2350 nnl-

704 2395 781 2468 lum
807 2393 1021 2486 durabilius
1039 2393 1086 2466 ita
1106 2393 1247 2466 nullum
1268 2393 1527 2486 honorabilius,
1545 2401 1586 2468 ut
1601 2395 1744 2470 dioetur
1761 2396 1869 2491 plene

703 2515 824 2611 primo
849 2513 1006 2609 capitulo
1032 2513 1204 2587 Paradisi.
1225 2514 1270 2586 Et
1293 2533 1380 2588 ecoe
1400 2513 1567 2607 quando:
1584 2520 1642 2589 net
1656 2523 1782 2608 tempo,
1799 2515 1871 2590 sci·

704 2636 798 2728 licet,
824 2655 921 2709 auno
945 2635 992 2708 ab
1023 2635 1116 2709 urbe
1140 2633 1285 2709 condita
1309 2633 1506 2729 dccxxi,
1531 2638 1592 2709 obe
1615 2639 1641 2708 ’t
1663 2637 1755 2710 buon
1785 2639 1872 2729 lito,
1917 2643 1923 2652 '

705 2755 769 2849 qui
794 2752 1020 2829 bonsiderata
1045 2759 1154 2828 aetate
1178 2760 1216 2828 et
1239 2753 1381 2848 imperii
1407 2755 1587 2831 brevitate
1605 2756 1761 2830 excessit
1777 2776 1873 2830 cun-

705 2881 783 2950 ctos
809 2873 987 2969 principes
1007 2874 1043 2945 in
1060 2873 1265 2966 clementia,
1286 2872 1502 2950 iiberalitate
1519 2881 1556 2950 et
1572 2875 1672 2949 omni
1697 2874 1872 2969 bonitate,

704 2992 750 3068 de
775 2995 880 3068 cuius
905 2993 1074 3070 laudibus
1099 2992 1243 3068 dicetur
1268 2993 1313 3066 Vl
1338 2993 1508 3088 Paradisi,
1534 2987 1677 3068 nemrod
1709 2997 1741 3068 te
1771 2999 1871 3089 sora,

705 3113 807 3208 idest,
826 3113 1017 3207 foramina,
1036 3133 1102 3188 seu
1117 3106 1154 3206 (¹)
1173 3113 1328 3188 vulnera
1345 3112 1487 3208 Christi,
1504 3118 1596 3187 onde
1610 3107 1682 3188 urci
1697 3117 1726 3188 il
1738 3135 1873 3206 sorsque

699 3255 766 3326 per
789 3237 903 3308 diedo
929 3237 1091 3325 nardulo,
1116 3234 1262 3328 scilicet,
1279 3234 1393 3308 hnnae
1413 3240 1451 3308 et
1470 3235 1637 3332 cayphae,
1655 3257 1722 3310 oon
1747 3239 1874 3310 tuido

703 3355 761 3428 det
773 3375 909 3426 somam
926 3375 1021 3446 repe,
1040 3353 1142 3447 idest,
1151 3354 1306 3447 juvante
1322 3361 1360 3428 et
1377 3346 1656 3449 permittente(¹l
1672 3355 1760 3450 heo,
1779 3355 1874 3430 sicut

703 3473 780 3568 ipse
797 3473 897 3547 'litus
915 3473 1033 3548 lentur
1049 3472 1183 3547 dixisse
1200 3493 1286 3546 eum
1305 3472 1453 3548 intravit
1470 3473 1602 3548 urbem
1622 3475 1874 3550 clarissimam.

703 3594 748 3666 Et
772 3593 831 3668 hic
855 3599 953 3688 nota,
980 3594 1108 3686 lector,
1133 3592 1232 3685 quod
1262 3591 1368 3666 multi
1400 3613 1573 3688 perverse
1603 3593 1808 3691 intelligunt
1837 3601 1876 3669 et

705 3720 893 3808 exponunt
918 3713 1023 3788 istam
1051 3713 1209 3804 literam,
1226 3712 1311 3805 quia
1330 3734 1403 3786 non
1422 3720 1479 3788 est
1495 3735 1640 3806 verum,
1657 3715 1757 3808 quod
1774 3715 1877 3790 Titus

706 3835 764 3908 vel
789 3832 1031 3929 Vespasianus
1061 3832 1214 3908 lecennt
1227 3824 1264 3924 (i)
1284 3832 1478 3908 vindictam
1495 3833 1625 3908 Christi
1645 3855 1732 3910 curn
1753 3834 1874 3910 inteu-

706 3953 816 4048 tioue,
830 3974 916 4028 curn
936 3974 1008 4028 non
1025 3952 1244 4027 crediderint
1256 3952 1439 4027 Christum
1454 3959 1491 4028 et
1504 3953 1641 4028 luerint
1653 3955 1797 4049 penitus
1810 3975 1875 4050 pa-

705 4073 803 4170 gani,
828 4073 922 4148 sicut
947 4079 1046 4169 patet
1072 4093 1138 4168 per
1162 4072 1394 4167 Suetonium3
1415 4073 1501 4146 etsi
1528 4073 1776 4149 testimonium
1793 4074 1876 4150 eius

706 4215 779 4268 non
807 4194 925 4290 placet
951 4192 1024 4286 tihi,
1043 4193 1130 4286 quia
1151 4192 1218 4266 luit
1238 4192 1381 4288 gentilis
1398 4192 1562 4285 infidelis,
1579 4201 1682 4268 certe
1697 4194 1876 4290 Iosephus

707 4314 875 4387 hehraeus
901 4321 938 4389 et
964 4313 1092 4388 nobilis
1117 4313 1205 4387 civis
1229 4312 1446 4406 Jerusalem,
1463 4333 1576 4406 quem
1594 4313 1724 4387 beatus
1747 4313 1878 4390 Hiero-

707 4454 841 4530 nymus
866 4441 1061 4510 enumerat
1086 4434 1124 4507 in
1150 4433 1316 4529 catalogo
1332 4440 1558 4528 sanctorum,
1577 4435 1670 4509 hano
1687 4433 1876 4508 historiam

707 4553 894 4629 luculento
919 4556 1012 4652 stylo
1035 4554 1218 4630 describit.
1237 4553 1280 4628 Et
1296 4553 1486 4650 ligisippus
1505 4554 1797 4650 compendiosius
1819 4575 1877 4650 eo,

708 4680 745 4747 et
771 4674 899 4748 beatus
924 4674 1139 4749 Ambrosius
1155 4673 1218 4768 qni
1236 4674 1435 4768 losephum
1462 4674 1642 4769 sequitur,
1659 4680 1707 4768 et,
1730 4682 1772 4748 ut
1792 4675 1879 4750 bre-

769 4905 796 4968 l')
813 4905 843 4955 Β.
859 4905 913 4956 alre
930 4906 1037 4956 vulnera
1054 4905 1231 4969 pretiosissimi
1246 4905 1428 4969 Redemptnrls
1443 4907 1525 4957 nostrl
1542 4907 1646 4957 homini
1660 4907 1722 4958 lesu
1737 4905 1840 4960 Christi.

770 4978 798 5043 (¹)
814 4981 845 5034 ll.
861 4984 1024 5045 permittente
1040 4983 1217 5045 omnipotente
1234 4983 1297 5033 lieo.
1327 5013 1338 5040 ι

771 5058 798 5121 (¹)
815 5057 844 5108 E.
862 5058 970 5109 sederint
986 5059 1124 5110 vindictam
1141 5059 1244 5111 bontra
1259 5060 1340 5110 butiri
1355 5060 1417 5112 lesu
1433 5059 1536 5111 Christi.
