4342 6692
712 894 784 959 2⁰4
1070 903 1275 959 consuunt
1300 906 1520 963 nunentomt

710 1326 879 1395 CANTUS
902 1326 1172 1411 TRIGESIMUS,
1195 1330 1232 1395 in
1252 1348 1312 1413 quo
1335 1335 1453 1397 modat
1473 1331 1554 1397 sicce
1567 1328 1707 1397 Bcutttc
1729 1334 1884 1415 opponcit

767 1440 950 1505 cindato
966 1440 1121 1522 flomncim
1143 1446 1173 1507 ct
1195 1442 1276 1507 sicut
1296 1442 1356 1508 illo
1377 1442 1505 1508 domina
1523 1464 1593 1526 quer
1611 1444 1763 1525 appamit
1776 1444 1882 1511 Danti

781 1553 879 1633 prius
900 1551 1000 1617 multo
1020 1553 1190 1635 receptavit
1211 1550 1357 1619 Beotn'ci
1378 1554 1417 1621 dc
1438 1556 1568 1621 crimine
1591 1554 1712 1621 Dontic
1734 1577 1790 1623 cur
1811 1558 1881 1641 ipae

785 1663 982 1747 relinquerat
1009 1684 1079 1729 com
1100 1684 1165 1747 pro
1195 1664 1270 1731 aliis
1295 1666 1405 1747 cotom
1435 1672 1466 1733 ct
1493 1667 1574 1733 sicat
1595 1666 1720 1734 Dootcs
1736 1668 1881 1751 plorocit

785 1794 892 1839 coram
911 1775 985 1856 ipso
1006 1794 1040 1839 sc
1055 1775 1193 1857 pudens.

787 2032 998 2239 Qununo
1022 2130 1050 2200 ll
1070 2129 1271 2201 settentn'on
1287 2130 1346 2200 det
1356 2130 1474 2220 prtnw
1499 2130 1595 2201 ciclo.
1616 2128 1815 2222 Postquam
1841 2128 1877 2203 in

705 2247 924 2344 precedenti
943 2247 1101 2341 capitulo
1123 2253 1231 2341 poeta
1251 2254 1375 2321 noster
1392 2246 1580 2343 descripsit
1595 2247 1799 2344 figuraliter
1816 2270 1876 2324 ec-

705 2367 853 2443 clesiam
866 2366 932 2441 Dei
944 2366 1172 2461 militantem,
1182 2387 1281 2441 nunc
1294 2374 1562 2462 consequenter
1577 2367 1613 2441 in
1627 2367 1695 2442 isto
1705 2368 1806 2443 XXX
1815 2390 1876 2445 ca-

625 2506 632 2512 ·
705 2487 820 2584 pitulo
840 2487 1036 2561 introducit
1059 2486 1276 2581 Beatricem,
1297 2506 1382 2582 quae
1404 2487 1511 2562 docet
1534 2493 1734 2583 utramque
1758 2492 1877 2567 eccle-

706 2608 799 2683 siam
817 2614 859 2681 ut
875 2628 941 2702 per
962 2607 1176 2683 militantem
1198 2614 1381 2703 praeparet
1402 2614 1489 2683 eum
1513 2607 1560 2683 ad
1576 2608 1875 2704 triumphantem.

706 2855 830 2944 partes
846 2848 1055 2945 genemles3
1067 2847 1105 2921 in
1118 2847 1235 2941 prima
1254 2868 1414 2941 quarum
1430 2847 1647 2923 continuans
1663 2869 1704 2925 se
1719 2849 1766 2923 ad
1779 2870 1875 2946 prae·

705 2969 883 3062 cedentia,
908 2968 1065 3043 ostendit
1090 2968 1248 3063 qualiter
1269 2968 1453 3043 exercitus
1478 2967 1546 3043 iste
1568 2967 1784 3044 victoriosus
1809 2991 1876 3065 po-

705 3088 820 3165 suerit
836 3109 1021 3184 campum.
1039 3090 1080 3161 ln
1100 3086 1260 3163 secunda
1280 3087 1450 3163 describit
1475 3088 1590 3183 ipsam
1608 3089 1811 3165 Beatricem
1838 3090 1875 3165 in

708 3210 834 3285 habitu
848 3216 886 3286 et
896 3216 995 3304 actu,
1008 3209 1073 3284 ibi:
1087 3214 1129 3282 to
1144 3212 1215 3283 cidi
1225 3200 1296 3301 pot.
1307 3209 1347 3282 ln
1360 3209 1467 3284 tertia
1482 3209 1765 3304 increpationem
1780 3210 1875 3285 illius

705 3330 815 3424 adse,
829 3335 867 3405 et
882 3329 1138 3425 increpationis
1154 3328 1339 3423 effectum,
1357 3329 1424 3403 ibi:
1455 3332 1564 3419 (tuost
1580 3333 1814 3420 cmmocptto.
1833 3330 1874 3405 ln

705 3455 838 3543 quarta
855 3456 892 3523 et
909 3448 1039 3522 ultima
1057 3448 1204 3523 Beatrin
1222 3449 1307 3523 lacit
1325 3468 1496 3545 magnam
1518 3449 1872 3525 commendationem

704 3568 751 3643 de
763 3568 891 3662 Dante,
905 3575 947 3640 ut
960 3567 1163 3642 evidentius
1180 3574 1314 3664 arguat
1329 3568 1409 3643 eius
1426 3589 1606 3664 errorem,
1618 3548 1668 3643 ibi
1680 3594 1688 3642 :
1702 3571 1873 3662 utapro

701 3692 830 3783 sama.
849 3686 902 3761 nd
922 3687 1084 3782 primum
1103 3687 1253 3763 veniens
1271 3686 1352 3763 dico
1369 3689 1467 3783 quod
1485 3696 1592 3783 poeta
1608 3688 1764 3764 ostendit
1781 3710 1874 3785 qno-

704 3807 814 3882 modo
832 3806 1016 3882 exercitos
1036 3807 1440 3903 suprascriptusprimo
1459 3810 1569 3884 luerit
1593 3816 1874 3885 castrametatus

703 3948 897 4025 peronam
911 3927 1222 4022 comparationem
1237 3929 1506 4006 subtilissimam
1522 3938 1559 4005 et
1570 3930 1871 4026 propriissimam;

702 4048 785 4123 ideo
810 4054 866 4122 est
890 4047 949 4122 hic
974 4047 1211 4123 insistendum
1237 4048 1451 4143 specialiter,
1470 4051 1556 4144 quia
1575 4056 1697 4124 textus
1722 4050 1790 4125 iste
1816 4057 1872 4125 est

702 4170 883 4244 obscurus
909 4174 945 4243 et
971 4169 1067 4243 male
1092 4168 1278 4263 expositus
1302 4190 1325 4243 a
1350 4170 1535 4265 plurimis;
1561 4170 1643 4247 ideo
1670 4177 1869 4265 antequam

703 4290 847 4365 venmm
882 4289 928 4363 ad
961 4288 1118 4383 literam,
1144 4290 1359 4365 sententiam
1394 4292 1606 4366 enucleabo.
1634 4291 1748 4388 Igitur
1774 4296 1871 4385 nota,

702 4410 827 4503 lector,
851 4409 949 4503 quod
974 4415 1083 4504 poeta
1107 4408 1145 4482 in
1170 4409 1303 4484 ellectu
1331 4431 1404 4484 non
1429 4410 1509 4484 vult
1533 4410 1631 4485 aliud
1656 4410 1779 4485 dicere
1804 4409 1872 4484 nisi

701 4528 800 4623 quod
824 4527 920 4602 sicut
945 4528 1170 4603 constellatio
1196 4530 1510 4625 septemtrionalia
1525 4550 1609 4624 quae
1629 4530 1761 4604 dicitur
1785 4551 1872 4606 cur-

701 4668 777 4740 rus,
804 4653 974 4722 constans
999 4668 1047 4722 ex
1072 4655 1213 4743 septem
1240 4649 1351 4724 stellis
1372 4650 1435 4723 ubi
1452 4656 1508 4759 est
1526 4656 1769 4743 tramontana,
1786 4649 1873 4723 diri-

699 4769 753 4864 git
777 4789 906 4844 omnes
931 4769 1146 4865 navigantes
1171 4768 1208 4844 in
1236 4770 1376 4845 mundo
1396 4777 1521 4845 nostro
1546 4770 1582 4843 in
1609 4770 1667 4845 via
1687 4790 1755 4843 sna
1772 4769 1871 4844 etad

701 4895 849 4984 portum
868 4910 998 4984 suum,
1025 4892 1075 4965 ita
1101 4900 1202 4967 recte
1227 4912 1250 4965 a
1276 4892 1392 4985 simili,
1411 4892 1478 4965 ista
1495 4897 1634 4986 septem
1653 4888 1871 4965 candelabra

701 5028 788 5102 quae
811 5016 898 5082 sunt
920 5015 1061 5105 septem
1086 5009 1182 5087 dona
1207 5010 1361 5106 Spiritus
1385 5010 1513 5105 sancti,
1537 5016 1727 5104 tamquam
1757 5011 1870 5087 coele·
