4342 6692
668 916 738 984 1⁸2
1026 924 1230 981 consanum
1254 922 1475 979 ruacsman

667 1349 832 1420 CANTUS
862 1352 1093 1419 VIGESIMUS
1128 1350 1280 1430 NONUS,
1304 1351 1340 1415 in
1373 1370 1432 1434 qno
1461 1354 1578 1415 tractat
1608 1350 1690 1415 sinet
1718 1357 1841 1419 secutus

745 1469 793 1529 est
813 1465 971 1529 dominum
987 1464 1087 1546 juxto
1113 1463 1189 1528 iiius
1214 1462 1366 1541 fluminis,
1391 1467 1421 1526 ct
1447 1462 1529 1527 sinti
1556 1462 1657 1527 subito
1688 1466 1840 1544 apparunt

744 1574 848 1640 lumen
869 1581 906 1640 nt
926 1575 1052 1654 flumen,
1076 1580 1106 1639 ei
1127 1574 1166 1639 de
1187 1579 1303 1653 septeno
1318 1572 1485 1637 arboribus
1507 1572 1589 1652 nnn,
1613 1578 1643 1637 ci
1665 1574 1704 1639 de
1725 1575 1841 1658 cipinti

744 1690 879 1770 quotuor
899 1686 1075 1751 senioribus
1098 1686 1256 1751 coronatis
1277 1684 1420 1763 limbus,
1444 1690 1474 1750 et
1496 1684 1534 1750 de
1556 1690 1692 1767 peninon
1713 1688 1838 1751 mena-

744 1796 826 1862 titos
846 1799 1012 1873 coronatis,
1037 1801 1067 1861 et
1087 1796 1126 1861 do
1148 1816 1241 1861 curro
1259 1801 1290 1860 et
1302 1795 1466 1879 propincus
1482 1795 1626 1861 trcbnste
1640 1816 1724 1877 enm,·
1747 1801 1778 1861 et
1801 1799 1841 1865 dc

744 1909 886 1974 mnnnbns
907 1908 1193 1992 &unemundus
1214 1908 1356 1973 istorum
1638 1912 1641 1917 ’

747 2167 991 2335 Carcasso
1019 2282 1115 2335 como
1146 2263 1268 2334 dunno
1297 2262 1535 2333 innumerata.
1571 2260 1768 2355 Postquam
1802 2261 1838 2337 in

667 2384 836 2478 proximo
861 2382 1078 2478 praecedenti
1097 2380 1261 2476 capitulo
1274 2386 1380 2475 poeta
1399 2386 1524 2455 noster
1544 2378 1733 2475 descripsit
1751 2383 1839 2455 bor·

668 2511 747 2577 tum
769 2503 1060 2577 amoenissimum
1078 2501 1292 2576 deliciarum
1321 2500 1443 2593 quoad
1468 2520 1599 2575 omnes
1622 2500 1679 2575 sui
1704 2510 1838 2597 partes,

668 2645 767 2698 nunc
790 2629 1059 2717 consequenter
1085 2622 1121 2696 in
1148 2622 1217 2695 isto
1241 2620 1400 2715 capitulo
1431 2620 1603 2695 describit
1636 2620 1838 2717 figuraliter

667 2742 858 2819 ecclesiam
878 2743 944 2817 Dei
966 2742 1193 2835 militantem,
1217 2762 1330 2834 quam
1357 2740 1423 2814 sibi
1441 2742 1596 2815 ostendit
1613 2742 1671 2816 illa
1690 2742 1839 2817 domina

666 2864 785 2939 activa
812 2871 888 2938 tota
913 2863 1087 2937 virtuosa.
1116 2864 1159 2935 Et
1185 2862 1280 2937 istud
1309 2862 1510 2957 capitulum
1535 2862 1694 2936 xxvllll
1721 2870 1840 2957 potest

666 2985 773 3059 dividi
794 2985 830 3058 in
851 2991 1012 3079 quatuor
1037 2990 1160 3079 partes
1179 2984 1224 3057 ad
1244 2984 1334 3077 plus.
1354 2984 1393 3056 ln
1411 2984 1528 3078 prima
1551 3005 1711 3077 quarum
1730 2990 1837 3079 poeta

668 3104 838 3180 describit
862 3110 987 3179 actum
1015 3103 1119 3177 istius
1143 3102 1301 3177 dominae
1320 3110 1358 3177 et
1374 3102 1569 3177 luminaria
1596 3102 1837 3198 precedentis

668 3225 871 3300 exercitum
900 3225 1087 3298 militantis
1112 3223 1285 3299 ecclesie.
1311 3225 1351 3296 ln
1381 3224 1540 3299 secunda
1572 3223 1742 3298 describit
1768 3224 1838 3295 rni-

669 3345 795 3420 rabilia
821 3345 972 3442 insignia
999 3345 1111 3439 ipsius
1129 3344 1312 3419 exercitus
1330 3345 1521 3439 sequentia
1540 3343 1745 3438 luminaria,
1763 3344 1835 3417 ibi:

668 3472 813 3540 uentre.
827 3467 867 3538 ln
885 3466 991 3541 tertia
1010 3464 1182 3539 describit
1195 3465 1395 3560 gloriosum
1410 3464 1613 3540 exercitum
1632 3485 1717 3539 cum
1736 3464 1837 3559 prin-

667 3586 806 3681 cipibus
831 3585 919 3679 suis,
937 3585 1006 3658 ibi:
1027 3590 1080 3657 Lu
1105 3586 1234 3658 donno
1254 3586 1294 3657 ln
1312 3592 1444 3678 quarta
1464 3592 1503 3659 ct
1521 3585 1648 3659 ultima
1668 3584 1838 3660 describit

666 3707 888 3799 currulium,
913 3707 991 3780 sive
1015 3726 1170 3780 currum
1205 3704 1463 3800 triumphalem
1499 3727 1585 3783 cum
1620 3706 1841 3781 ducentibus

666 3830 798 3925 ipsum,
809 3828 874 3901 ibi:
885 3831 935 3899 Lo
946 3831 1080 3919 spozio.
1093 3826 1145 3900 lo
1160 3828 1319 3921 primum
1335 3827 1534 3922 dico,qucd
1547 3832 1651 3922 poeta
1667 3826 1838 3901 describit

665 3957 792 4024 actum
818 3949 921 4022 istius
946 3948 1105 4022 dominae
1131 3955 1168 4021 et
1193 3946 1399 4021 luminaria.
1419 3948 1462 4020 Et
1478 3947 1603 4043 primo·
1618 3948 1841 4022 continuans

666 4056 860 4145 materiam
892 4074 1108 4162 sequentem
1135 4068 1365 4162 precedenti,
1395 4068 1497 4142 dicit:
1529 4070 1710 4141 conando
1740 4088 1838 4141 cornu

665 4193 787 4263 donno
809 4193 1057 4281 innumeram
1081 4209 1213 4263 amore
1240 4189 1414 4263 virtuose
1438 4188 1669 4283 operationis,
1689 4188 1747 4263 illa
1773 4208 1839 4262 co-

666 4310 815 4400 mitissa,
841 4305 1014 4400 conbnnd,
1041 4309 1143 4401 idest,
1174 4307 1411 4401 continuavit,
1444 4311 1500 4381 ool
1527 4311 1580 4401 fin
1614 4311 1652 4382 dt
1679 4330 1739 4381 sne
1766 4330 1837 4401 pu·-

664 4434 760 4523 role;
786 4429 873 4523 quia
903 4430 1001 4503 enim
1031 4429 1068 4502 in
1100 4428 1171 4503 fine
1200 4428 1436 4524 precedentis
1469 4428 1615 4522 capituli
1648 4427 1835 4519 llatbildis,

667 4549 849 4643 loquendo
883 4550 929 4625 de
962 4550 1133 4625 felicitate
1168 4548 1253 4642 loci,
1288 4548 1452 4622 dixerat:
1492 4551 1558 4637 Qui
1587 4552 1628 4641 sn
1661 4552 1840 4621 innocente

666 4676 834 4745 tolosano
865 4674 1011 4761 rodun,-
1037 4670 1131 4763 ideo,
1164 4690 1262 4743 nunc
1297 4668 1477 4743 cantando
1510 4670 1693 4763 alacriter,
1727 4669 1849 4743 dixitz‘

668 4796 778 4883 Brut
804 4813 952 4884 quornm
981 4800 1067 4865 tecto
1095 4798 1177 4863 sunt
1204 4798 1357 4883 peccato.
1385 4791 1453 4863 lstc
1488 4790 1601 4865 verba
1628 4791 1835 4885 prophetica

667 4932 751 5005 quae
790 4919 897 4986 sunt:
938 4916 1037 4986 Beati
1074 4932 1222 5005 quorum
1259 4915 1414 4985 remisse
1450 4917 1531 4984 sunl
1570 4914 1765 5002 iniquitates
1805 4920 1838 4984 et

667 5052 814 5123 qnorum
853 5039 939 5105 teoto
974 5039 1055 5105 sunt
1083 5040 1244 5125 peccota,
1283 5031 1370 5105 dixit
1409 5032 1445 5105 in
1479 5030 1834 5106 commendationem
