4342 6692
759 911 898 968 cunnus
922 912 1066 967 ramus.
1429 901 1500 968 293

326 1055 425 1129 latur
441 1053 603 1151 primum
625 1054 771 1148 mobile,
792 1063 830 1130 et
849 1057 986 1132 coelum
1012 1077 1231 1153 empyreum
1251 1057 1350 1151 quod
1366 1058 1500 1134 dicitur

325 1175 528 1272 paradisus,
543 1175 728 1270 inquibus
748 1176 950 1272 figuraliter
971 1184 1008 1252 ct
1025 1177 1213 1252 moraliter
1233 1177 1405 1253 describit
1423 1178 1505 1274 glo·

326 1295 562 1370 riosissimam
580 1289 616 1387 (¹)
644 1296 827 1372 civitatem
858 1297 934 1391 bei,
961 1296 1129 1372 videlicet
1153 1297 1342 1373 ecclesiam
1371 1298 1503 1372 trium-

327 1418 512 1512 phantem,
539 1423 578 1491 et
601 1416 713 1491 durat
736 1437 855 1511 usque
880 1417 926 1492 ad
953 1407 1065 1494 tinem
1093 1417 1185 1492 libri.
1213 1418 1378 1492 Primum
1405 1418 1503 1514 capi-

328 1537 446 1611 tulum
481 1537 707 1632 prohemiale
732 1542 809 1612 tam
839 1537 961 1612 nobile
991 1558 1105 1632 quam
1140 1537 1297 1614 sublime
1329 1539 1502 1613 dividitur

327 1657 365 1730 in
398 1662 560 1751 quatuor
589 1663 711 1753 partes
742 1659 945 1754 generales.
979 1658 1019 1731 ln
1049 1657 1169 1754 prima
1199 1680 1359 1752 quarum
1393 1663 1501 1754 poeta

327 1779 462 1852 bantes
486 1777 665 1872 proponit.
684 1779 723 1851 ln
744 1779 904 1853 secunda
922 1779 1078 1874 invocat,
1097 1778 1144 1852 ibi
1162 1779 1283 1852 statim
1295 1803 1307 1850 :v
1328 1784 1358 1852 0
1383 1780 1497 1852 buono

327 1901 463 1990 Apollo.
490 1899 531 1970 ln
556 1897 663 1972 tertia
688 1899 844 1972 ostendit
869 1898 1027 1992 qualiter
1052 1919 1165 1994 opera
1190 1898 1364 1972 Beatricis
1391 1897 1502 1974 luerit

326 2018 520 2113 dispositus
553 2024 591 2093 et
624 2018 832 2093 habilitatus
862 2018 909 2092 ad
938 2019 1209 2094 ascendendum
1245 2021 1396 2114 coelum,
1431 2019 1500 2092 ibi:

325 2143 441 2229 serpe
465 2140 503 2210 ci
525 2140 677 2212 mortali.
704 2138 745 2211 ln
770 2145 903 2232 quarta
928 2146 967 2213 et
993 2138 1120 2214 ultima
1145 2139 1277 2235 probat
1307 2141 1416 2235 longo
1446 2138 1503 2212 di-

326 2277 457 2333 scursu
477 2257 634 2351 qualiter
652 2259 808 2332 naturali
827 2279 941 2333 cursu
959 2265 997 2334 et
1014 2259 1218 2333 rationabili
1232 2260 1360 2334 ordine
1373 2280 1502 2334 ascen·

324 2376 419 2452 derit
434 2367 470 2469 (²)
498 2378 647 2470 cetum,
666 2377 735 2451 ibi:
761 2383 814 2451 Lo
831 2369 950 2452 noottd
966 2382 1024 2452 det
1039 2399 1162 2452 suono.
1182 2378 1233 2452 dd
1254 2379 1416 2474 primum
1436 2399 1503 2453 ve-

326 2495 430 2570 niens
454 2495 537 2569 dico
562 2496 662 2590 quod
686 2505 798 2572 autor
826 2497 947 2592 primo
977 2497 1145 2592 proponit
1171 2499 1376 2593 materiam,
1403 2499 1501 2573 circa

327 2636 440 2709 quarn
466 2616 585 2709 aperit
609 2617 848 2691 intentionem
874 2637 992 2690 suam.
1007 2616 1140 2692 Volens
1156 2624 1283 2692 autem
1310 2619 1368 2692 bic
1393 2629 1501 2713 poeta

326 2735 508 2832 gloriosus
545 2735 755 2812 describere
792 2736 1159 2831 superexcellentiam
1194 2738 1349 2812 coelestis
1384 2737 1501 2834 regni,

326 2855 424 2949 quod
436 2876 535 2930 nunc
547 2863 652 2952 parat
664 2857 805 2952 poetice
815 2862 1092 2951 repraesentare,
1100 2876 1167 2951 pro
1176 2856 1327 2930 exordio
1337 2857 1502 2951 praemit-

327 2975 369 3048 tit
387 2997 501 3049 unam
516 2975 729 3070 maximam,
744 2997 828 3070 quae
841 2982 897 3051 est
911 2976 1119 3051 communis
1131 2976 1320 3071 conceptio
1333 2977 1500 3051 omnium

325 3093 548 3188 animorum,
574 3095 636 3170 cui
660 3096 780 3169 omnis
800 3096 913 3169 bomo
933 3115 1032 3170 sanae
1048 3095 1182 3168 mentis
1198 3096 1409 3190 acquiescit,
1430 3097 1502 3170 sci-

327 3214 423 3309 licet,
443 3213 541 3308 quod
562 3214 645 3289 coeli
670 3221 708 3289 et
733 3221 832 3290 terra
858 3205 1013 3311 ptenatl)
1041 3221 1127 3289 sunt
1153 3215 1344 3292 maiestate
1369 3217 1497 3312 gloriae

326 3333 455 3408 aeterni
482 3333 590 3430 regis,
617 3334 681 3428 qui
706 3333 830 3408 omnia
856 3335 951 3430 regit
973 3341 1156 3430 potenter,
1176 3335 1360 3431 sapienter
1380 3343 1418 3412 ct
1438 3337 1504 3411 be-

328 3453 551 3528 nevolenter.
578 3452 671 3527 bicit
695 3473 786 3549 ergo
817 3453 943 3528 litera:
967 3459 1021 3526 Lo
1049 3456 1181 3546 picria,
1210 3477 1293 3549 quae
1324 3461 1380 3530 est
1404 3455 1502 3531 clara

327 3594 414 3647 cum
440 3572 550 3647 laude
569 3572 708 3666 notitia,
726 3577 765 3648 di
779 3576 883 3664 colui,
900 3574 1047 3668 scilicet,
1064 3575 1325 3670 omnipotentis
1343 3575 1420 3670 Dei,
1439 3577 1504 3671 qui

328 3701 383 3769 est
408 3693 549 3790 primus
575 3701 708 3788 motor,
734 3697 794 3768 cde
818 3702 902 3768 tutto
926 3716 1061 3786 muove,
1083 3705 1122 3772 et
1146 3716 1168 3770 a
1195 3697 1294 3770 nullo
1317 3703 1501 3772 movetur.

328 3814 426 3889 Licet
451 3813 551 3888 enim
576 3814 823 3911 intelligentie
849 3823 1023 3891 moveant
1047 3817 1168 3910 orbes,
1194 3823 1232 3891 et
1257 3817 1390 3892 animae
1420 3838 1504 3893 cor-

327 3955 430 4030 pora,
457 3955 531 4008 non
556 3941 680 4009 umen
697 3955 763 4030 per
787 3956 828 4011 se
855 3943 1061 4031 moventur,
1083 3937 1179 4012 sicut
1204 3938 1345 4012 clarum
1374 3958 1503 4013 exem-

329 4054 431 4149 plum
457 4054 637 4129 babemus
656 4052 704 4129 de
724 4055 818 4130 navi.
839 4055 939 4130 Licet
955 4055 1054 4131 enim
1076 4055 1113 4129 in
1134 4077 1268 4152 magna
1288 4057 1372 4131 navi
1389 4056 1501 4152 aliqui

330 4179 503 4248 moveant
528 4193 663 4267 remos,
679 4173 790 4267 aliqui
810 4176 956 4250 trabant
974 4175 1091 4269 tunes,
1109 4175 1222 4270 aliqui
1241 4183 1399 4251 vacuent
1417 4197 1503 4252 sen·

328 4293 456 4388 tinam,
482 4299 520 4368 et
543 4293 604 4368 alii
617 4282 654 4387 (⁴)
683 4294 836 4368 ministri
862 4295 1048 4370 intendant
1077 4295 1175 4370 circa
1207 4296 1350 4372 diversa
1376 4317 1501 4392 opera,

329 4419 453 4488 tamen
480 4434 577 4487 unus
600 4420 657 4488 est
679 4414 919 4510 gubernator,
937 4415 1000 4510 qui
1031 4420 1160 4490 tenens
1189 4421 1374 4490 temonem
1408 4417 1502 4514 regit

328 4541 461 4627 totum,
486 4534 533 4609 de
557 4533 663 4608 cuius
689 4555 801 4608 manu
829 4535 962 4630 pendet
986 4536 1086 4610 salus
1111 4534 1223 4611 totius
1247 4536 1500 4612 multitudinis.

329 4653 415 4730 Ideo
432 4652 550 4728 Varro
566 4652 796 4727 doctissimus
817 4675 1059 4730 romanorum
1085 4655 1176 4730 dixit
1197 4657 1296 4751 quod
1322 4658 1420 4732 Deus
1447 4665 1504 4734 cst

328 4773 476 4849 animus
501 4777 605 4845 motu
630 4792 675 4846 ac
701 4773 843 4848 ratione
868 4775 1048 4849 mundum
1073 4776 1297 4872 gubernans,
1324 4785 1366 4852 ut
1393 4779 1505 4854 relect

391 4961 420 5025 (¹)
436 4961 467 5011 E.
483 4960 632 5024 gloriosam.
824 4963 852 5024 (⁸)
867 4967 891 5022 t,
908 4964 1144 5015 escendune—it.
1161 4965 1341 5016 ascenderunt.

392 5036 419 5100 Γ)
436 5036 467 5088 ii.
482 5035 552 5099 pleni
566 5040 635 5086 nunt.
824 5038 853 5100 (¹)
869 5038 900 5089 E.
916 5038 1004 5103 aliqui.
