4342 6692
708 892 777 958 160
1068 897 1271 954 connnrnn
1296 897 1515 953 cunearonn

702 1046 878 1121 altissimo
903 1045 1084 1138 omniurn,
1105 1042 1310 1138 propinquo
1335 1043 1442 1136 coelo,
1461 1050 1604 1116 remoto
1629 1043 1800 1117 omnibus
1819 1042 1874 1117 al-

703 1166 955 1259 terationibus,
982 1165 1060 1239 sine
1084 1162 1184 1237 omni
1204 1161 1379 1255 molestia,
1398 1182 1482 1235 cum
1502 1162 1602 1237 omni
1622 1162 1872 1239 delectatione.

701 1287 793 1361 Dicit
819 1306 910 1383 crgo
935 1285 1151 1359 continuans
1176 1304 1234 1358 se:
1260 1289 1355 1374 Vaqo
1380 1273 1453 1376 yid,
1483 1282 1585 1378 idest,
1608 1304 1677 1379 ego
1698 1286 1778 1381 jam
1795 1283 1874 1358 avi-

702 1407 772 1481 dus
797 1428 844 1482 ex
870 1406 1006 1502 Virgilii
1032 1404 1165 1496 verbio,
1192 1406 1230 1476 di
1254 1422 1377 1476 cucur
1401 1406 1437 1475 lo
1463 1405 1584 1476 dimna
1601 1408 1748 1498 foresta,
1769 1403 1871 1497 idest,

703 1528 911 1623 paradisum
929 1525 1155 1617 deliciarum,
1174 1524 1237 1597 nbi
1255 1524 1352 1597 Deus
1370 1523 1490 1617 posuit
1508 1523 1665 1617 primum
1685 1524 1871 1598 bominem

704 1650 919 1744 perlectum,
937 1647 1000 1741 qui
1026 1652 1082 1720 est
1107 1646 1209 1719 locus
1235 1650 1400 1718 remotus
1425 1665 1448 1717 a
1474 1649 1574 1717 terra
1591 1644 1776 1718 habitabili
1801 1646 1871 1718 sub

702 1767 955 1862 aequinoctiab,
987 1772 1029 1839 ut
1059 1764 1171 1857 aliqui
1206 1764 1349 1857 volunt,
1380 1763 1513 1857 quibus
1545 1769 1653 1858 poeta
1683 1764 1872 1858 consentit,

702 1888 787 1962 licet
811 1888 871 1961 alii
885 1880 922 1979 (¹)
950 1891 1086 1982 ponant
1102 1883 1221 1978 ipsum
1241 1883 1277 1956 in
1294 1888 1398 1978 parte
1414 1881 1601 1976 orientali,
1623 1882 1685 1957 sed
1705 1882 1872 1957 ubicum-

703 2031 777 2104 que
794 2009 849 2102 sit,
868 2008 944 2083 sive
961 2009 1161 2101 loquamur
1181 2004 1362 2098 historice,
1380 2003 1456 2078 sive
1473 2003 1679 2099 allegorice,
1698 2004 1800 2078 locus
1817 2010 1872 2078 est

702 2128 884 2203 solitarius
908 2128 954 2203 ad
971 2147 1084 2221 quem
1102 2124 1208 2220 pauci
1227 2122 1466 2218 perveniunt3
1483 2143 1615 2215 sparsa,
1633 2129 1782 2217 propter
1799 2123 1872 2197 ire·

703 2248 888 2343 quantiam
920 2247 1097 2320 arborum
1132 2243 1341 2336 virentium,
1371 2263 1390 2314 c
1421 2246 1514 2334 moa,
1544 2241 1630 2337 quia
1666 2263 1869 2336 numquam

701 2372 802 2458 aret;
829 2372 866 2441 et
884 2358 921 2457 (²)
947 2365 1042 2459 dicit,
1068 2367 1207 2454 dentre,
1232 2362 1334 2454 idest,
1361 2361 1397 2435 in
1427 2362 1514 2437 locis
1541 2362 1828 2456 mediterraneis,
1855 2385 1874 2435 c

703 2491 882 2578 dinorno,
907 2485 1052 2579 scilicet,
1077 2485 1115 2557 in
1141 2483 1237 2579 ripis,
1254 2486 1313 2556 cltc
1330 2486 1403 2574 auu
1423 2485 1517 2555 occdi
1532 2489 1745 2575 temperabo,
1766 2483 1869 2576 idest,

705 2615 909 2705 temperate
950 2606 1200 2702 respiciebam,
1242 2608 1269 2678 il
1307 2625 1421 2678 nuoco
1457 2607 1598 2696 qmruo,
1635 2604 1736 2696 idest,
1774 2602 1870 2678 diem

705 2734 895 2824 quartum,
920 2727 982 2821 qui
1014 2726 1061 2801 de
1093 2746 1189 2799 novo
1221 2724 1419 2799 oriebatur.
1456 2724 1499 2797 Et
1532 2723 1652 2797 subdit
1681 2744 1791 2797 sunm
1818 2722 1873 2796 in-

705 2870 874 2947 gressum
900 2849 938 2921 in
963 2846 1058 2921 istud
1080 2845 1305 2939 viridarium,
1324 2845 1466 2919 dicens:
1484 2848 1607 2918 losoni
1630 2848 1666 2918 le
1691 2848 1785 2935 moa,
1802 2844 1872 2917 sci·

704 2970 799 3061 licet,
830 2974 1035 3043 extremam
1075 2966 1138 3040 ubi
1170 2985 1285 3059 eram,
1319 2986 1429 3038 senza
1462 2960 1523 3057 piri
1561 2972 1732 3058 asprum,
1767 2963 1871 3055 qnasi

704 3091 818 3165 dicat:
837 3109 911 3163 non
935 3086 1037 3182 potui
1062 3091 1258 3180 expectare
1278 3086 1475 3159 adventum
1494 3086 1679 3179 Beatricis,
1700 3083 1871 3177 sedendo,

704 3211 798 3285 sicut
814 3208 986 3304 Virgilius
1010 3206 1230 3301 predixerat
1255 3206 1355 3298 mibi,
1373 3210 1578 3299 prendendo
1602 3209 1637 3280 to
1658 3226 1870 3297 campoque,

702 3332 767 3406 ubi
793 3330 912 3426 primo
937 3334 1090 3403 venerat
1116 3348 1181 3421 per
1207 3328 1342 3401 scalam
1370 3334 1520 3421 rectam,
1547 3330 1637 3401 ono
1662 3330 1776 3419 Imm,
1801 3326 1870 3400 boc

702 3450 787 3525 dicit
812 3450 898 3543 qnia
929 3469 1014 3522 curn
1048 3447 1209 3541 quodam
1244 3447 1379 3521 timore
1409 3453 1447 3521 et
1480 3447 1686 3523 reverentia
1711 3447 1870 3520 intrabat
1960 3478 1962 3483 ·

656 3507 683 3608 V
703 3571 825 3644 locum
852 3588 998 3642 sacrum
1026 3567 1191 3663 ignotum
1207 3590 1216 3659 3
1235 3567 1293 3641 vel
1314 3567 1412 3669 lente
1432 3566 1621 3667 incedebat
1638 3567 1870 3663 utplus-de„-

703 3693 920 3795 lactaretur3
946 3688 1004 3762 vel
1029 3688 1064 3760 in
1092 3688 1161 3761 boc
1185 3686 1302 3761 innuit
1327 3688 1576 3763 difficultatem
1597 3706 1701 3763 novae
1727 3694 1764 3763 et
1788 3689 1872 3761 alte

704 3809 869 3885 materiae
894 3828 1005 3902 quam
1031 3806 1201 3899 intrabat,
1226 3828 1267 3880 cu
1287 3829 1356 3900 per
1381 3811 1415 3880 lo
1440 3810 1530 3898 suot,
1555 3807 1657 3899 idest,
1679 3814 1868 3883 terrenum

705 3931 916 4021 herbosum,
941 3930 1001 4000 clue
1024 3930 1059 4001 d
1072 3930 1157 4018 eqni
1175 3934 1281 4019 purte
1305 3929 1412 4018 olivo,
1430 3927 1530 4020 idest,
1553 3926 1758 4021 redolebat,
1785 3926 1870 4020 quia

703 4052 806 4126 locus
831 4056 887 4123 ost
911 4047 1072 4123 consitus
1089 4046 1189 4121 omni
1206 4066 1344 4142 genere
1364 4047 1871 4163 ³Fb⁰s¹¹¹¹¹r.¹l¹0.⁵„i..llifss¹}¹¹fflr

704 4192 751 4246 ex
776 4170 911 4264 quibus
936 4170 1089 4244 resultat
1115 4188 1271 4263 mugnus
1296 4168 1398 4242 odor.
1412 4208 1461 4223 -
1478 4172 1656 4241 Un'ouro.
1675 4169 1739 4243 Hic
1766 4174 1870 4263 poeta

703 4290 872 4366 describit
889 4296 1040 4364 ventum
1068 4290 1187 4363 lenem
1202 4278 1240 4379 (³)
1259 4288 1321 4381 qni
1342 4288 1454 4382 spirat
1472 4288 1531 4382 ibi,
1549 4288 1688 4362 dicens:
1711 4290 1871 4362 lln'auro

703 4415 812 4505 doce,
831 4432 940 4484 senza
955 4432 1061 4483 come
1083 4413 1122 4482 io
1145 4405 1185 4483 sc*
1206 4414 1427 4498 matummto,
1445 4408 1548 4500 idest,
1565 4413 1602 4483 et
1623 4408 1870 4498 immutabilia,

703 4532 802 4625 quod
827 4530 1002 4627 contingit
1021 4537 1169 4625 propter
1188 4536 1329 4603 motum
1348 4528 1443 4602 illius
1460 4530 1658 4624 superioris
1675 4529 1771 4603 aeris
1790 4530 1871 4602 uni-

703 4657 871 4747 formem,
898 4658 941 4725 ut
964 4652 1107 4727 dicetur
1132 4656 1268 4746 postca,
1295 4653 1344 4723 mi
1365 4652 1458 4743 serio
1478 4672 1546 4743 per
1571 4652 1608 4723 lo
1629 4654 1759 4744 bone,
1784 4649 1870 4742 quia

672 4781 827 4871 ,motus
850 4774 947 4849 aeris
971 4774 1018 4846 ab
1043 4772 1185 4847 oriente
1216 4771 1286 4844 boc
1311 4770 1475 4864 iaciebat,
1501 4792 1574 4843 non
1604 4773 1642 4845 di
1665 4766 1729 4863 pio
1758 4773 1870 4862 coquo,

769 5035 797 5095 (¹)
812 5034 842 5083 E.
858 5033 936 5097 aliqui
952 5038 1056 5097 ponant.
1192 5032 1219 5097 (¹)
1236 5032 1265 5083 Ε.
1282 5036 1309 5083 et
1325 5032 1383 5082 idco
1399 5033 1468 5083 dicit.
1594 5030 1621 5095 (⁸)
1637 5032 1667 5083 E.
1684 5031 1777 5083 ierem.
