4342 6692
709 893 852 949 caurus
875 891 1056 959 ouanrus.
1396 875 1467 945 38³

294 1036 436 1113 literam
453 1037 593 1112 autoris
614 1036 740 1130 nostri,
757 1035 856 1131 quod
873 1036 950 1130 ipse
968 1034 1067 1131 pouit
1079 1028 1120 1127 (¹)
1138 1034 1206 1109 boc
1230 1055 1295 1129 per
1315 1035 1463 1109 modum

292 1156 586 1253 comparationis,
612 1176 686 1230 non
712 1155 898 1252 positionis
924 1152 1246 1229 verae.—Pcrclld.
1266 1154 1332 1229 llic
1356 1162 1466 1229 autor

291 1278 447 1372 applicat
462 1277 577 1351 dictas
592 1276 885 1371 comparationes
900 1276 947 1349 ad
965 1274 1204 1369 propositum,
1219 1282 1257 1349 et
1273 1274 1358 1351 dicit
1378 1276 1465 1351 bre·

294 1396 388 1473 viter
412 1398 512 1493 quod
536 1396 675 1493 ipsein
699 1395 806 1470 simili
831 1400 931 1470 stans
952 1414 1152 1489 suspensus
1178 1395 1372 1469 interduo
1397 1414 1464 1471 sua

294 1516 405 1593 dubia
443 1538 516 1592 uon
554 1522 697 1612 poterat
733 1536 948 1611 praeponere
981 1516 1139 1589 alterum
1172 1515 1348 1610 ipsorum,
1383 1516 1467 1593 licet

294 1642 390 1711 esset
415 1637 644 1711 aridissimus
669 1635 869 1731 querendi.
896 1635 999 1709 Unde
1022 1635 1127 1709 dicit:
1148 1637 1312 1709 Percll'io
1329 1656 1401 1709 uon
1419 1640 1468 1709 mi

294 1758 476 1850 ripreudo,
505 1757 606 1851 idest,
633 1777 706 1831 non
731 1776 866 1832 accuso
883 1777 955 1850 me,
971 1752 1019 1831 nd
1031 1758 1256 1845 commordo,
1277 1755 1379 1850 idest,
1398 1776 1466 1835 nec

294 1874 405 1949 laudo
430 1896 502 1970 me,
527 1880 600 1951 s'io
622 1879 777 1968 sorptnlo
800 1878 887 1949 dulli
911 1879 978 1948 mei
1001 1876 1129 1966 dubbii,
1155 1874 1257 1969 idest,
1284 1875 1468 1968 incitatus,

295 1995 474 2091 impulsus
489 2018 512 2071 a
528 1998 674 2073 duobus
689 1996 810 2071 dubiis
825 1995 1104 2087 subscribendis,
1123 1998 1211 2069 d’un
1229 1999 1346 2087 modo,
1365 1996 1467 2089 idest,

293 2116 494 2211 equaliter,
520 2121 555 2191 io
579 2122 628 2191 mi
651 2126 762 2211 mccc,
785 2115 871 2191 nibil
896 2116 1020 2191 dicens
1033 2108 1084 2207 (²),
1106 2120 1170 2208 poi
1192 2119 1321 2189 cb’era
1346 2138 1464 2191 necce-

294 2239 407 2328 sun'o,
434 2236 580 2329 seilicet,
608 2258 669 2312 me
706 2243 829 2311 tacere
857 2256 903 2311 eu
937 2256 1012 2329 quo
1042 2254 1116 2309 non
1149 2241 1315 2329 poteram
1346 2235 1467 2329 luqui3

296 2354 377 2431 ideo
401 2355 540 2429 subdit:
566 2359 603 2429 io
626 2359 676 2429 mi
699 2364 811 2449 mccc,
839 2355 975 2431 scilicet
998 2376 1086 2429 cum
1106 2353 1242 2451 lingua,
1264 2376 1323 2427 mo
1346 2358 1374 2428 il
1398 2357 1470 2429 mio

295 2478 397 2565 dabir,
421 2476 671 2569 intrinsecum,
697 2479 819 2551 m'era
844 2478 990 2567 dipiuto,
1015 2475 1118 2567 idest,
1143 2482 1269 2569 patens
1294 2481 1332 2549 et
1355 2494 1468 2569 uppa-

298 2616 394 2689 rens,
420 2599 475 2669 e’t
498 2598 690 2670 dimurrdor
714 2616 781 2668 cou
804 2598 883 2686 ello,
910 2594 1012 2688 idest,
1033 2601 1070 2669 et
1096 2594 1220 2689 petitio
1245 2594 1354 2667 simul
1380 2614 1467 2669 cum

264 2776 270 2789 .
296 2714 475 2789 desiderio
500 2714 763 2810 explicabatur,
787 2718 846 2790 uel
869 2718 957 2805 orbo,
982 2714 1073 2789 idest
1097 2715 1133 2787 iu
1158 2714 1261 2807 lacie,
1287 2717 1385 2787 assui
1404 2709 1468 2807 piri

296 2836 413 2922 cudo,
447 2834 549 2927 idest,
575 2834 775 2909 terrentius
804 2840 841 2909 et
872 2833 1119 2927 affectuosius
1144 2836 1204 2906 olle
1236 2836 1376 2909 nodulo
1402 2854 1469 2926 per

294 2957 438 3048 portur,
466 2955 567 3048 idest,
593 2976 705 3049 quam
732 2954 761 3027 si
786 2974 857 3049 ego
883 2954 1119 3048 explicassem
1147 2953 1279 3027 verbis.
1294 2992 1343 3007 -
1357 2946 1467 3027 Fosi.

296 3076 402 3151 Nunc
427 3076 561 3150 Dantes
587 3074 738 3150 intendit
763 3074 997 3150 manifestare
1028 3094 1095 3147 sua
1127 3073 1256 3168 dubia;
1287 3080 1324 3147 et
1348 3073 1470 3169 primo

296 3200 448 3290 apparat
472 3194 677 3269 beatricem
702 3193 749 3268 ad
775 3194 845 3267 lroc
870 3214 936 3289 per
961 3194 1121 3291 nobilem
1143 3194 1467 3289 comparationem.

296 3316 350 3391 Ad
383 3316 490 3390 cuius
521 3315 807 3391 declarationem
842 3320 898 3389 est
932 3314 1198 3409 praesciendum
1234 3312 1344 3407 quod,
1377 3312 1471 3389 sieut

297 3435 471 3530 scriptum
499 3440 554 3509 est
579 3433 786 3529 Purgatorii
811 3432 971 3527 capitulo
988 3434 1097 3526 llllll,
1123 3432 1248 3507 Daniel
1275 3431 1415 3528 positus
1434 3432 1470 3507 in

296 3555 505 3651 captivitate
534 3554 870 3629 Nabuchodonosor
897 3554 994 3650 regis
1019 3552 1247 3649 assyriorum
1274 3552 1317 3627 in
1347 3553 1470 3649 Baby·

296 3677 405 3772 lonia,
429 3676 525 3751 sicut
550 3677 707 3751 babetur
732 3673 889 3749 Danielis
913 3674 1086 3769 secundo,
1114 3674 1240 3749 babuit
1266 3674 1471 3771 intelligen-

160 3821 163 3825 ⁴
298 3798 386 3873 tiam
411 3797 579 3871 omnium
606 3796 788 3884 visionum
804 3800 843 3869 et
858 3794 1105 3889 somniorum;
1122 3816 1198 3888 quo
1218 3802 1386 3890 tempore
1403 3816 1469 3871 rex

298 3916 376 4013 ipse
400 3917 484 3993 lecit
509 3914 676 3991 mirabile
699 3914 910 4009 somnium3
935 3914 1139 4009 quodcum
1158 3914 1214 3987 sui
1235 3914 1416 4009 sapientes
1433 3922 1471 3989 et

298 4036 520 4113 divinatores
543 4036 724 4111 nescirent
751 4054 928 4110 reuocare
951 4034 997 4109 ad
1025 4032 1243 4109 memoriam
1262 4032 1342 4109 eius
1364 4054 1471 4109 mau-

298 4156 399 4233 davlt
422 4176 551 4231 omnes
574 4154 739 4231 interllci.
770 4155 874 4229 'lunc
903 4154 1030 4229 Daniel
1063 4154 1241 4230 revelavit
1273 4154 1471 4247 somnium,

300 4277 476 4369 videlicet,
503 4276 601 4371 quod
627 4297 693 4352 rex
720 4275 861 4350 viderat
885 4282 1044 4349 statuam
1070 4276 1155 4350 altae
1180 4281 1343 4369 stature,
1365 4275 1472 4349 cuius

298 4403 408 4493 caput
433 4403 514 4471 erat
537 4419 585 4473 ex
602 4416 709 4488 auro,
727 4400 854 4490 pectus
870 4402 908 4469 et
925 4394 1074 4469 brachia
1092 4416 1138 4470 ex
1156 4401 1323 4491 argento,
1342 4404 1471 4473 veulm

300 4522 337 4591 et
362 4518 501 4591 lemura
528 4538 574 4593 ex
593 4537 710 4609 ramo,
730 4514 826 4589 tibiae
849 4514 979 4589 lerreae
1003 4535 1089 4589 cum
1110 4514 1272 4610 pedibus,
1291 4516 1354 4589 sed
1376 4535 1472 4589 uuus

299 4637 496 4735 digitorum
522 4644 603 4712 erat
628 4638 781 4730 terreus,
807 4635 901 4709 alter
926 4642 1092 4710 terreus:
1120 4635 1264 4709 interim
1292 4636 1381 4730 lapis
1408 4655 1472 4711 ve-

300 4759 402 4833 niens
426 4758 473 4833 de
498 4762 624 4831 monte
649 4755 727 4829 sine
752 4753 921 4828 manibus
946 4754 1124 4850 percussit
1154 4753 1264 4849 pedes
1293 4760 1330 4830 et
1356 4760 1468 4829 lotam

363 5020 392 5085 (¹)
407 5025 432 5082 t,
447 5021 522 5084 pult
536 5019 601 5071 uec.
798 5013 826 5080 (¹)
843 5016 874 5068 lt.
889 4972 954 5068 stell
968 5017 1087 5068 dendo
