4342 6692
683 886 754 953 318
1072 896 1276 953 concursus
1301 898 1469 952 runuursr

681 1046 839 1120 luerunt.
855 1042 1043 1138 opiniones
1067 1042 1115 1117 de
1141 1042 1207 1117 ista
1233 1042 1378 1118 macula
1403 1043 1512 1116 lunae.
1538 1040 1658 1135 Aliqui
1683 1040 1782 1115 enim
1799 1040 1856 1115 di·

682 1173 817 1241 xerunt
841 1164 941 1259 quod
966 1164 1025 1238 illa
1051 1164 1186 1239 umbra
1212 1163 1375 1260 procedit
1394 1163 1443 1237 alr
1461 1160 1678 1255 extrinseco,
1700 1167 1789 1256 puta
1805 1159 1855 1235 ab

683 1286 817 1361 umbra
843 1292 952 1360 terrae
978 1284 1036 1360 rel
1061 1304 1200 1379 vapore
1229 1285 1372 1359 elevato
1402 1283 1450 1357 ab
1473 1302 1596 1376 aqua:
1629 1282 1699 1356 hoc
1728 1288 1853 1355 autem

681 1426 763 1481 esse
788 1404 919 1478 salsum
937 1411 974 1479 et
990 1403 1162 1478 lrirolum
1184 1404 1426 1496 convincitur,
1444 1401 1530 1498 quia
1548 1401 1694 1477 macula
1712 1400 1749 1476 in
1768 1400 1854 1474 luna

683 1532 738 1600 est
763 1545 910 1620 semper
936 1523 1126 1599 uniformis
1151 1530 1189 1599 et
1213 1523 1378 1599 eiusdem
1396 1522 1537 1620 figurae.
1555 1521 1640 1597 ldeo
1663 1526 1772 1596 autor
1787 1520 1854 1596 ad·

682 1645 783 1719 ducit
808 1644 866 1718 lric
890 1644 1097 1739 opinionem
1125 1663 1264 1738 veram,
1292 1642 1373 1717 licet
1402 1648 1559 1717 conetur
1589 1647 1714 1736 postea
1739 1640 1851 1737 ipsam

684 1765 894 1860 repmbare.
920 1764 1012 1839 Nam
1038 1764 1163 1861 magni
1189 1762 1389 1859 philosophi
1406 1767 1531 1838 teuent
1548 1761 1646 1855 quod
1672 1763 1742 1837 hoc
1767 1782 1854 1857 pro-

683 1887 789 1962 cedat
816 1906 840 1960 a
874 1884 1024 1960 raritate
1057 1890 1095 1959 et
1129 1883 1317 1959 densitate.
1353 1884 1494 1958 Macula
1524 1903 1614 1979 ergo
1646 1881 1854 1956 huiusmodi

683 2005 850 2101 provenit
875 2004 1078 2078 seeundum
1111 2004 1360 2079 diversitatem
1390 2003 1549 2099 partium
1579 2004 1689 2096 lunae,
1720 2022 1854 2077 secun-

682 2128 772 2201 dum
802 2125 1017 2201 densitatem
1051 2124 1230 2200 maiorem
1265 2132 1303 2201 et
1335 2124 1529 2218 minorem,
1560 2122 1646 2217 quia
1679 2124 1717 2198 in
1752 2130 1854 2218 purte

682 2246 795 2321 densa
822 2244 1110 2341 multiplicantur
1131 2244 1221 2320 radii
1237 2244 1407 2319 *solares
1428 2242 1717 2339 superficialiter,
1734 2249 1771 2317 et
1789 2262 1855 2337 per

683 2385 911 2459 consequens
935 2365 995 2440 illa
1022 2386 1106 2460 pars
1132 2372 1187 2439 est
1211 2364 1331 2440 lucida
1362 2370 1399 2439 et
1428 2364 1547 2458 clara;
1574 2364 1611 2437 in
1635 2370 1741 2458 parte
1766 2382 1856 2437 vero

684 2509 768 2563 rara
795 2507 867 2562 non
894 2484 1181 2581 multiplicantur
1207 2477 1394 2579 radii*(⁴),
1416 2485 1502 2579 quia
1529 2491 1721 2580 penetrant
1747 2483 1854 2577 intra,

684 2615 722 2682 et
746 2607 828 2681 ideo
853 2625 927 2679 non
952 2604 1048 2679 bene
1072 2606 1207 2681 lucent.
1233 2607 1278 2681 Et
1310 2605 1427 2681 simile
1460 2606 1507 2681 de
1536 2605 1742 2697 alabastr03
1767 2624 1852 2678 narn

683 2747 769 2822 pars
794 2745 879 2819 quae
903 2730 959 2799 est
983 2724 1079 2800 bene
1104 2725 1216 2801 densa
1247 2732 1285 2799 et
1310 2747 1384 2801 non
1410 2734 1643 2821 transparens
1669 2732 1724 2800 est
1749 2724 1855 2800 valde

684 2846 777 2939 alba,
796 2850 834 2919 et
850 2845 911 2919 illa
927 2865 1012 2939 quae
1036 2852 1092 2919 est
1117 2851 1352 2941 transparens
1375 2845 1422 2919 ad
1445 2844 1596 2919 modum
1614 2844 1697 2918 vitri
1714 2851 1771 2919 est
1786 2845 1853 2919 olr-

658 2962 804 3058 ’scura‚
831 2964 982 3040 tendens
1006 2965 1054 3040 ad
1078 2964 1304 3062 nigredinem
1320 2958 1370 3058 (²).
1396 2967 1441 3039 Et
1465 2966 1494 3038 si
1520 2973 1710 3059 quaeratur
1735 2987 1853 3061 quare

684 3087 770 3161 luna
796 3090 851 3159 est
865 3074 901 3177 (³)
925 3085 973 3158 ita
999 3083 1175 3159 difformis
1193 3084 1229 3158 in
1247 3085 1410 3180 partibus
1427 3084 1514 3179 suis,
1531 3083 1736 3179 dicendum,
1755 3085 1853 3179 quod

684 3207 754 3280 lroc
778 3210 834 3279 est
857 3204 904 3278 de
928 3209 1061 3278 natura
1087 3204 1157 3298 sui,
1176 3211 1217 3278 ut
1243 3204 1335 3279 inira
1361 3203 1513 3279 dicetur.
1528 3209 1635 3277 -Et
1653 3207 1731 3278 etto.
1749 3206 1855 3281 Nunc

683 3332 793 3399 autor
811 3323 961 3399 intendit
977 3322 1178 3418 reprobare
1193 3323 1326 3399 dictam
1348 3323 1555 3419 opinionem
1574 3330 1764 3418 tamquam
1779 3344 1854 3398 uon

684 3464 829 3519 reram:
848 3450 885 3520 et
901 3444 1020 3540 primo
1037 3443 1193 3519 ostendit
1207 3432 1442 3537 quomodod)
1459 3443 1605 3518 Beatrir
1625 3444 1749 3519 lecerit
1766 3464 1853 3519 eum

682 3571 866 3638 attentum
890 3564 937 3639 ad
962 3571 1183 3661 argumenta
1207 3585 1292 3659 quae
1317 3564 1459 3640 lactura
1485 3571 1540 3639 est
1555 3555 1615 3659 (Ἃ
1635 3565 1732 3639 unde
1750 3564 1854 3639 dicit:

685 3688 729 3759 Et
748 3686 828 3775 cllo,
845 3683 992 3779 scilicet,
1019 3685 1176 3778 Beatrir‚
1202 3684 1310 3759 dixit:
1336 3693 1430 3759 certo
1457 3687 1579 3758 ocdror'
1597 3688 1625 3759 il
1640 3688 1763 3759 credo
1784 3693 1854 3779 uo,

686 3802 788 3897 idest,
814 3803 1023 3899 opinionem
1049 3823 1163 3898 quam
1181 3804 1299 3879 credis
1319 3824 1458 3899 veram,
1477 3808 1573 3877 assat
1589 3825 1781 3879 semmuro
1798 3808 1856 3879 nel

682 3927 792 4019 salso,
813 3924 914 4019 idest,
939 3944 1021 4001 esse
1045 3924 1131 3999 satis
1152 3925 1295 4019 laisum,
1313 3947 1350 3999 se
1370 3927 1453 3999 tau
1471 3928 1606 4016 oscoitt,
1625 3925 1728 4019 idest,
1750 3932 1854 4001 notas

684 4043 723 4117 in
748 4050 883 4138 mente,
909 4046 1172 4135 l'arpomcntar
1196 4047 1248 4118 clr'
1261 4048 1297 4119 io
1322 4038 1471 4140 oliford
1491 4066 1653 4139 coemo,
1674 4045 1776 4141 idest,
1792 4066 1855 4120 ar·

684 4169 873 4261 gumenta,
891 4182 975 4258 quae
1000 4184 1071 4261 ego
1095 4164 1225 4239 luciam
1244 4172 1371 4240 contra
1390 4166 1523 4240 dictam
1541 4165 1761 4262 opinionem.
1778 4166 1855 4241 Hoc

684 4283 792 4377 dicto,
819 4282 903 4358 lacit
927 4284 1089 4378 primum
1115 4292 1378 4382 argumentum
1405 4294 1545 4381 contra,
1572 4292 1610 4361 et
1634 4286 1757 4383 arguit
1783 4285 1854 4360 sic:

684 4402 715 4475 si
741 4424 869 4477 rarum
895 4411 933 4478 et
957 4402 1112 4479 densum
1138 4412 1234 4481 esset
1251 4426 1363 4481 causa
1380 4406 1554 4481 claritatis
1571 4413 1608 4483 et
1624 4406 1857 4481 obscuritatis

684 4522 722 4597 iu
747 4523 846 4617 luna,
872 4523 966 4598 sicut
991 4530 1032 4597 tu
1057 4524 1230 4620 opinaris,
1257 4545 1330 4599 una
1360 4526 1478 4600 virtus
1508 4532 1545 4600 et
1574 4526 1738 4622 operatio
1763 4533 1857 4601 esset

685 4641 722 4717 iu
739 4643 910 4717 omnibus
926 4643 1048 4738 stellis,
1066 4664 1151 4739 quae
1168 4642 1333 4720 similiter
1353 4645 1607 4721 illuminantur
1623 4668 1646 4721 a
1664 4646 1751 4739 sole,
1771 4645 1857 4742 quia

748 4877 774 4937 (¹)
790 4877 827 4926 Le
844 4876 932 4938 parole
948 4876 990 4927 irc
1005 4878 1014 4926 l
1030 4877 1081 4929 duc
1098 4878 1231 4929 mledsclrl
1247 4892 1294 4929 son
1309 4878 1422 4942 suppllte
1439 4879 1508 4944 dagli
1523 4878 1584 4930 altrl
1599 4884 1640 4930 tre
1656 4878 1751 4930 (ludici.

750 4949 778 5013 (¹)
794 4957 817 5011 1,
834 4953 1027 5016 nigritudinem.
1217 4952 1244 5015 (¹)
1260 4954 1292 5005 E.
1308 4954 1339 5007 stt
1356 4956 1400 5007 ita.

750 5028 778 5094 (⁸)
794 5030 826 5080 Β·
841 5028 963 5095 ‘titillor-
1218 5030 1246 5097 (⁸)
1261 5032 1291 5083 E.
1307 5046 1365 5097 que
1381 5033 1481 5085 tactura
1496 5039 1566 5097 crau
1582 5034 1659 5087 unde.
