4342 6692
698 831 766 899 122
1054 843 1259 902 comtum
1283 845 1503 901 aunuaronu

693 986 822 1063 avidus
847 987 1015 1063 audiendi
1044 1008 1125 1063 rem
1151 1009 1300 1087 novam,
1316 990 1366 1065 ita
1387 991 1521 1065 Dentes
1539 991 1682 1069 videndi
1700 1014 1781 1070 rem
1799 1016 1867 1079 no»

695 1126 792 1183 vam.
806 1146 856 1163 -·-
871 1102 946 1183 ott.
973 1108 1080 1183 Nunc
1106 1116 1214 1205 poeta
1238 1109 1411 1185 describit
1429 1110 1539 1185 aliam
1565 1120 1704 1187 sectam
1730 1136 1864 1196 novam

690 1228 966 1307 luxuriosorum
986 1229 1187 1326 degenere
1204 1229 1469 1305 sodomitarum
1483 1232 1758 1309 occurrentium
1776 1236 1863 1332 istis,

691 1354 729 1424 et
753 1370 884 1425 eorum
910 1355 1014 1423 actus
1039 1355 1076 1423 et
1103 1368 1227 1443 voces;
1254 1349 1352 1425 unde
1376 1349 1480 1426 dicit:
1507 1345 1570 1425 cte*
1585 1360 1698 1445 pene,
1715 1355 1861 1451 scilicet,

690 1474 790 1545 secta
801 1461 842 1563 (¹)
868 1467 1092 1562 sodomitice,
1110 1471 1211 1543 verrio
1228 1490 1296 1564 per
1320 1471 1355 1543 to
1372 1490 1494 1544 mezzo
1519 1472 1577 1546 det
1599 1476 1738 1549 comitio
1763 1495 1862 1549 accc·

690 1611 744 1683 so,
770 1590 916 1684 scilicet,
933 1589 980 1664 ab
1006 1589 1102 1687 igne,
1119 1593 1176 1664 cot
1192 1594 1266 1663 cmo
1283 1593 1443 1665 imontro
1459 1612 1484 1664 c
1500 1601 1632 1687 questu,
1653 1594 1756 1689 idest,
1774 1616 1859 1671 cum

691 1710 782 1787 iacie
814 1709 961 1785 obviam
994 1709 1124 1805 primm
1155 1715 1275 1802 secte,
1301 1714 1339 1783 la
1363 1714 1449 1807 quat
1477 1717 1526 1787 mi
1550 1718 1625 1811 [ece
1655 1736 1680 1787 o
1707 1718 1860 1789 mmmm

690 1852 843 1925 sospeso,
870 1830 957 1925 quia
983 1829 1076 1926 coepi
1103 1838 1300 1926 expectare
1324 1851 1411 1906 cum
1437 1832 1680 1910 admiratione
1701 1836 1788 1930 quid
1805 1838 1860 1915 ia-

690 1957 796 2027 ctura
822 1956 930 2045 esset,
955 1949 1050 2025 sicut
1074 1950 1135 2026 iiia
1159 1950 1278 2047 prima
1295 1971 1386 2047 gens
1403 1954 1619 2048 expectabat
1638 1974 1725 2029 cum
1742 1956 1861 2031 admi-

691 2072 831 2147 ratione
855 2071 984 2147 audire
1009 2091 1081 2147 me.
1112 2072 1156 2145 Et
1187 2070 1309 2145 subdit
1340 2072 1429 2170 quid
1461 2072 1591 2149 viderit
1622 2094 1669 2149 ex
1701 2081 1861 2171 utraque

687 2198 803 2288 parte,
827 2192 970 2267 dicens:
998 2182 1022 2263 tt
1048 2194 1171 2281 eoppae
1195 2194 1230 2264 d'
1243 2194 1329 2283 opat
1346 2200 1462 2286 parte,
1490 2200 1565 2267 tam
1589 2192 1719 2290 primae
1743 2216 1854 2289 quam

688 2310 857 2387 secundae
883 2311 1011 2409 gentis,
1037 2314 1202 2385 muscum
1226 2313 1365 2405 embra,
1383 2333 1467 2408 quae
1495 2322 1595 2389 recte
1617 2316 1859 2410 respondebat

689 2431 794 2507 alteri
817 2431 960 2519 umbrae
986 2436 1087 2506 recta
1113 2430 1219 2525 linea,
1233 2435 1328 2526 sarsi
1337 2439 1475 2526 presto,
1492 2455 1511 2506 e
1530 2434 1685 2509 baetursi
1702 2456 1775 2508 uno
1791 2457 1859 2509 con
1885 2517 1891 2530 „

691 2572 777 2643 una,
803 2551 840 2625 in
854 2542 892 2643 (²)
919 2550 1183 2647 improperium
1210 2551 1358 2626 nciariae
1387 2552 1661 2649 coniunctionis,
1680 2575 1794 2647 quam
1820 2554 1858 2629 iu

691 2671 816 2747 secuto
832 2677 1067 2767 peregerunt,
1086 2669 1180 2744 sicut
1199 2676 1306 2767 poeta
1323 2671 1496 2769 glossabit
1512 2692 1554 2747 se
1570 2672 1684 2767 inira3
1701 2680 1739 2748 et
1755 2672 1856 2749 dicit:

691 2798 844 2866 contente
869 2813 893 2864 a
918 2792 1020 2864 breue
1041 2796 1132 2886 festo
1148 2811 1257 2865 sermo
1276 2794 1400 2883 riatur,
1417 2792 1504 2890 quia
1525 2812 1638 2886 quam
1660 2791 1767 2867 citius
1791 2814 1858 2890 po-

689 2918 810 2986 teraut
827 2932 872 2985 cx
892 2910 1004 2985 nimia
1021 2911 1235 2988 confusione
1254 2912 1400 2987 ruboris
1416 2912 1635 2989 videbantur
1656 2914 1755 2989 mille
1770 2914 1855 2989 anni

689 3033 788 3127 quod
817 3032 988 3129 tugerent
1016 3031 1271 3107 abominantes
1297 3039 1427 3127 semet,
1461 3039 1499 3107 et
1534 3033 1638 3128 quasi
1669 3033 1852 3109 dicentes:

689 3154 752 3247 qui
763 3144 801 3245 (³)
815 3152 980 3227 diabolus
997 3153 1166 3227 osculum
1186 3153 1257 3227 tale
1274 3153 1422 3248 invenit,
1436 3158 1501 3227 aut
1517 3174 1631 3247 quam
1645 3152 1856 3228 delectatio·

690 3294 775 3351 nem
789 3279 906 3370 potest
924 3273 1060 3347 habere
1078 3272 1134 3347 vir
1150 3271 1197 3347 de
1214 3272 1306 3365 viro,
1323 3280 1389 3347 aut
1405 3274 1517 3348 homo
1533 3274 1580 3350 de
1593 3273 1707 3349 bestia
1721 3274 1758 3346 in
1770 3279 1853 3349 actu

687 3394 865 3470 libidinis?
877 3434 926 3447 -
941 3386 1027 3467 cosi.
1056 3394 1121 3467 Hic
1145 3400 1254 3487 poeta
1278 3393 1462 3488 specificat
1480 3401 1630 3469 mutuos
1648 3400 1752 3469 actus
1769 3395 1857 3469 ista·

687 3535 771 3590 rum
797 3513 1006 3589 animarum
1025 3534 1090 3609 per
1108 3513 1419 3609 comparationem
1444 3516 1581 3589 ciaram
1608 3520 1646 3589 ot
1670 3515 1855 3610 propriam

685 3634 935 3711 formicarum.
962 3632 1015 3707 nd
1041 3652 1153 3727 quam
1185 3633 1280 3709 bene
1311 3633 1552 3729 adaptandam
1570 3622 1605 3727 (⁴)
1633 3640 1730 3729 uota,
1757 3634 1854 3730 quod

685 3754 848 3830 iormicae
872 3753 909 3830 in
934 3751 1136 3849 colligendo
1157 3752 1279 3828 cibum
1302 3773 1431 3829 omnes
1447 3754 1638 3828 ambulant
1655 3754 1792 3830 directe
1807 3754 1855 3829 ad

684 3874 818 3955 lineam
846 3894 971 3968 unam,
997 3894 1080 3967 quae
1105 3874 1205 3947 ducit
1229 3874 1276 3949 ad
1302 3873 1440 3969 nidum,
1459 3881 1496 3949 et
1520 3875 1718 3950 observant
1736 3896 1852 3950 uuum

685 3996 808 4071 iocum
834 3994 871 4068 in
897 4013 1007 4089 quem
1035 3994 1229 4069 conterunt
1260 3995 1451 4069 thesauros
1483 3994 1650 4069 ciborum
1685 4016 1852 4091 suorum,

685 4122 722 4191 et
747 4114 905 4189 muitum
932 4113 1066 4189 instant
1091 4114 1212 4208 operi;
1231 4114 1279 4188 ita
1297 4113 1375 4188 istm
1395 4113 1529 4189 animm
1544 4115 1736 4192 ambulant
1755 4125 1854 4191 recte

667 4236 731 4311 ¹ad
756 4254 868 4310 unam
894 4232 1026 4309 lineam
1042 4224 1080 4325 (⁵)
1107 4233 1143 4307 iu
1169 4233 1369 4327 quaereudo
1399 4254 1507 4308 suam
1537 4234 1706 4328 salutem,
1731 4240 1774 4309 et·
1797 4241 1854 4308 at·

685 4355 837 4430 tendunt
861 4354 983 4428 iocum
1010 4352 1073 4427 ubi
1099 4352 1347 4428 thesaurizent
1380 4353 1418 4427 in
1448 4353 1553 4427 coeio.
1586 4353 1628 4427 itt
1658 4352 1752 4427 sicut
1776 4353 1852 4427 ior·

685 4476 788 4551 micae
813 4472 1084 4568 praesentientes
1110 4472 1237 4569 frigus,
1256 4472 1417 4567 pluviam
1444 4479 1481 4548 et
1506 4477 1636 4547 ventos
1659 4478 1855 4567 tempesta-

685 4603 775 4690 tum,
801 4594 976 4691 ooitiguut
1000 4614 1040 4667 se
1064 4592 1112 4667 ad
1136 4613 1251 4687 casaS,
1269 4592 1317 4667 ita
1338 4594 1472 4668 animae
1490 4592 1568 4667 istae
1587 4593 1851 4689 praevenientes

744 4828 771 4891 (¹)
788 4828 818 4879 E.
835 4833 904 4879 secta
921 4827 1118 4877 sodomitarum.
1305 4824 1334 4888 (Ἴ
1350 4826 1381 4877 Ε.
1397 4827 1423 4877 in
1439 4824 1627 4889 improperium
1642 4824 1768 4876 mimda.

745 4904 770 4967 (⁸)
787 4904 817 4955 E.
834 4904 891 4968 quis
907 4904 1032 4955 diabolus.
1308 4904 1334 4964 (⁸)
1350 4904 1381 4955 Ε.
1398 4904 1463 4955 bene
1479 4902 1623 4967 aptandam.

744 4982 771 5045 (⁸)
787 4981 819 5032 E.
834 4980 929 5033 lineam
945 4980 1098 5045 inquirendo
1114 4993 1197 5031 suam.
