4342 6692
774 916 916 974 murus·
937 918 1080 973 neruus.
1440 907 1510 976 315

340 1083 414 1138 non
439 1069 494 1138 est
519 1062 658 1137 licitum
684 1063 722 1136 in
746 1062 816 1136 isto
841 1069 967 1137 nostro
994 1060 1132 1137 mundo
1158 1061 1313 1156 miser03
1330 1070 1367 1138 et
1392 1063 1511 1140 reddit

321 1204 511 1258 causam:
539 1180 654 1260 merod
675 1187 733 1258 det
755 1187 845 1274 ioco,
870 1182 975 1277 idest,
995 1182 1132 1257 virtute
1157 1189 1195 1257 et
1217 1181 1378 1258 bonitate
1403 1204 1513 1279 para-

340 1302 408 1378 disi
438 1303 666 1399 deliciarum,
689 1307 779 1398 sotto
802 1325 872 1398 per
895 1304 1048 1396 proprio
1073 1305 1152 1376 dett
1164 1322 1296 1376 emona
1328 1325 1440 1396 spere,
1476 1311 1513 1380 et

342 1443 416 1496 non
441 1445 507 1518 pro
531 1425 602 1500 ntia
632 1424 753 1520 specie
784 1425 843 1498 vet
875 1422 1058 1518 corporati
1091 1427 1276 1516 creature,
1302 1422 1389 1516 quia
1415 1423 1513 1498 Deus

342 1544 440 1618 hunc
466 1544 588 1619 locnm
614 1544 854 1640 deputaverat
878 1542 1006 1638 primis
1037 1541 1261 1637 parentibus,
1287 1542 1382 1618 sicut
1407 1544 1513 1638 piene

334 1661 478 1737 dictum
505 1672 561 1738 est
577 1663 614 1738 in
631 1663 704 1738 tine
720 1663 945 1759 Purgatorii:
965 1681 1033 1737 nec
1048 1661 1147 1736 dicas
1173 1660 1266 1736 sicut
1287 1662 1392 1736 multi
1414 1682 1513 1738 mer-

340 1782 431 1857 cede
457 1783 536 1878 ioci,
562 1783 654 1859 idest
673 1784 769 1878 creti,
798 1783 885 1879 quia
911 1781 1076 1856 nondum
1102 1788 1211 1856 autor
1236 1787 1316 1856 erat
1342 1782 1378 1855 in
1404 1783 1510 1876 creto,

339 1903 404 1978 sed
430 1904 552 1978 statim
578 1904 723 2000 incipiet
747 1904 957 1996 ascendere,
980 1909 1020 1976 ut
1039 1902 1187 1998 patebit.
1202 1907 1314 1976 -Ιο,
1333 1902 1398 1978 liic
1415 1903 1511 1976 Dan·

340 2027 397 2097 tes
421 2022 591 2098 describit
614 2024 787 2099 effectum
813 2045 892 2099 suae
916 2022 1019 2098 tortis
1039 2022 1286 2118 vigorationis,
1303 2022 1392 2116 quie
1418 2023 1512 2098 scili-
1609 2022 1613 2032 '
1732 2027 1736 2036 '

341 2149 401 2218 cet
426 2145 545 2218 statim
573 2145 661 2219 vidit
684 2145 800 2219 sotem
817 2143 1097 2240 splendidiorem
1124 2151 1162 2218 et
1186 2143 1433 2219 ardentiorem
1452 2165 1513 2218 so-

340 2263 405 2337 tito
429 2283 496 2358 per
519 2264 832 2361 comparationem
858 2265 996 2339 claram
1023 2271 1060 2338 et
1086 2263 1285 2363 propriam,
1302 2262 1443 2339 dicens:
1472 2269 1511 2338 io

340 2385 404 2456 rtot
424 2387 576 2476 soffcrsi,
601 2384 748 2478 scilicet,
774 2385 877 2459 itinm
904 2384 1031 2478 sotem,
1057 2387 1163 2457 molto
1178 2381 1225 2458 nd
1242 2377 1271 2458 ri
1282 2406 1388 2476 poco,
1406 2386 1509 2479 quasi

340 2503 447 2598 dicat,
471 2505 605 2600 subito,
622 2505 660 2579 in
676 2505 836 2599 instanti,
851 2507 951 2580 cit'io
970 2509 1033 2578 noi
1055 2507 1187 2580 ccdcssi
1205 2508 1382 2599 asnoiiior,
1408 2505 1510 2600 idest,

338 2625 535 2700 scintitiare
560 2633 598 2700 ct
624 2626 768 2700 radiare
793 2627 915 2720 talem,
942 2629 1027 2716 pont
1046 2629 1148 2720 semo
1178 2628 1238 2700 cte
1270 2627 1413 2702 notente
1437 2647 1511 2700 esce

337 2747 403 2818 dat
421 2749 552 2839 litoco,·
573 2745 713 2819 ierrurn
731 2744 829 2818 enirn
848 2743 947 2839 quod
967 2745 1069 2840 prius
1089 2753 1170 2822 erat
1190 2745 1362 2843 frigidum
1384 2753 1421 2821 et
1443 2746 1510 2822 ob-

279 2923 283 2931 .
337 2885 492 2940 scurum
517 2865 555 2938 in
580 2865 666 2961 igne
689 2865 848 2940 efficitur
867 2865 1026 2940 calidum
1044 2873 1082 2940 et
1101 2866 1339 2961 splendidum.
1359 2867 1404 2940 Et
1421 2866 1510 2940 sub—

336 2983 389 3058 dit
405 3003 598 3058 excessum
617 2985 809 3058 inminosae
825 2985 1009 3080 claritatis,
1025 2985 1165 3060 dicens:
1183 3007 1202 3059 e
1218 2989 1256 3060 di
1270 2987 1380 3060 mitto
1392 3007 1510 3080 paroc

336 3107 465 3196 piomo
490 3125 584 3178 esser
608 3108 775 3197 oppinum
806 3125 831 3178 n
861 3109 1003 3199 pinnac,
1036 3106 1141 3200 qnasi
1171 3106 1286 3182 dicat:
1322 3111 1359 3182 et
1387 3107 1508 3182 subito
1663 3171 1669 3182 .

339 3224 414 3298 risa
439 3231 496 3299 est
519 3224 695 3319 duplicari
720 3225 808 3321 dies,
834 3226 937 3301 vetut
964 3227 994 3299 si
1025 3226 1101 3301 dno
1132 3228 1227 3304 sotes
1251 3235 1373 3303 essent
1397 3228 1506 3301 simut

336 3343 374 3418 in
398 3343 503 3419 eoeio.
530 3343 633 3419 Unde
661 3343 766 3418 dicit:
797 3366 894 3420 come
921 3349 1006 3434 Occi
1033 3349 1093 3420 cire
1114 3355 1230 3440 ponte,
1263 3347 1367 3440 idest,
1397 3348 1506 3439 Deus,

335 3464 399 3558 qui
426 3469 548 3559 posset
572 3469 611 3539 et
635 3464 745 3538 sciret
769 3465 891 3540 iacere
915 3466 1028 3539 atium
1055 3467 1171 3541 sotem
1197 3467 1227 3541 si
1252 3468 1509 3560 venetensem

335 3587 477 3658 adorno
501 3588 530 3660 tt
551 3588 616 3659 ctct
638 3589 672 3660 α’
684 3606 733 3658 un
757 3589 851 3660 nitro
874 3589 959 3680 soie,
983 3587 1047 3680 qui
1071 3595 1168 3662 essct
1193 3607 1372 3684 magnum
1398 3607 1508 3663 orna·

338 3711 509 3780 mentum
531 3700 569 3798 (¹)
602 3705 699 3800 cmii,
731 3707 828 3800 quod
859 3713 947 3782 tunc
979 3708 1131 3782 haberet
1160 3707 1254 3784 duos
1279 3709 1416 3802 ocutos,
1443 3709 1505 3784 ubi

337 3846 434 3900 nnnc
459 3825 571 3900 habet
596 3847 724 3919 unnim,
743 3827 807 3921 qui
824 3827 1006 3900 iiiuminat
1033 3826 1267 3922 universurn;
1286 3827 1367 3903 ideo
1392 3827 1504 3902 atium

337 3966 409 4020 non
435 3946 519 4020 iecit
544 3946 631 4040 quia
655 3947 860 4022 sufficiebat
878 3967 985 4039 unus,
1011 3967 1097 4020 nam
1121 3954 1220 4022 terra
1241 3954 1363 4041 posset
1383 3947 1506 4022 dicero

335 4064 414 4139 soto
440 4085 552 4140 necor
576 4067 662 4140 soie
689 4067 733 4140 Et
758 4066 817 4141 tric
834 4073 932 4159 nota,
949 4066 1049 4158 quod
1067 4066 1126 4140 hic
1142 4066 1287 4140 divinus
1305 4072 1411 4161 poeta
1429 4075 1503 4140 tarn

336 4184 457 4281 ionga,
484 4192 559 4260 tam
584 4185 765 4260 laboriosa
790 4186 1084 4282 peregrinatione
1105 4206 1171 4281 per
1191 4186 1410 4281 profundam
1430 4189 1507 4262 vai-

336 4303 422 4399 lem,
450 4306 700 4400 perarduum
726 4314 891 4381 montem
920 4313 1141 4401 pervenerat
1165 4307 1211 4381 ad
1237 4307 1358 4381 locum
1386 4309 1506 4402 perie-

337 4430 408 4499 ctae
425 4425 581 4520 virtutis,
599 4426 663 4500 ubi
683 4434 862 4523 purgatus
887 4426 983 4522 igne,
1004 4426 1100 4500 lotus
1124 4445 1233 4521 aque,
1258 4425 1407 4500 indutus
1424 4448 1505 4502 ann-

339 4544 506 4639 ptissimis
530 4546 598 4620 aiis
622 4546 800 4621 virtutum
820 4553 858 4622 et
873 4546 1110 4621 scientiarum
1132 4546 1277 4620 volabat
1292 4546 1329 4621 in
1350 4549 1505 4641 coelum;

332 4664 417 4739 ideo
442 4667 537 4740 bene
561 4665 648 4740 dicit
670 4665 769 4760 quod
790 4666 935 4741 videbat
954 4667 1069 4740 solem
1087 4664 1265 4740 maiorem
1284 4673 1322 4741 et
1345 4667 1505 4763 pulcrio-

339 4805 419 4862 rcm
446 4786 561 4860 soiito.
587 4787 680 4861 Nota
706 4786 816 4861 etiam
843 4785 941 4881 quod
965 4785 1078 4880 ntiqui
1113 4785 1286 4861 dixerunt
1319 4787 1376 4862 hic
1407 4788 1505 4882 quod

399 5055 426 5119 (¹)
443 5059 467 5116 t,
482 5054 700 5104 ordinnmentnrn.
