4342 6692
679 890 750 958 tot
1069 901 1277 960 consanum
1301 901 1469 958 sananim

678 1047 750 1123 iani
778 1051 998 1143 reputantur
1022 1046 1191 1120 homines
1215 1045 1355 1122 cordati
1381 1051 1418 1119 et
1442 1062 1594 1138 sagaces
1612 1043 1708 1121 inter
1728 1045 1852 1144 hispa-

678 1187 762 1262 nos;
796 1173 835 1242 et
862 1164 964 1241 dicit:
992 1161 1123 1259 pereto*
1151 1187 1225 1240 oon
1253 1169 1305 1258 oti
1334 1167 1539 1258 olfatdesse,
1564 1165 1660 1240 sient
1690 1166 1850 1261 superisa

677 1286 826 1362 inxnnia
859 1287 1071 1362 francorum
1107 1286 1257 1362 offendit
1288 1285 1456 1362 animum
1494 1305 1617 1359 snum.
1653 1286 1698 1360 Et
1729 1285 1854 1362 subdit

679 1407 882 1502 peniculum
910 1407 1116 1502 imminens,
1134 1428 1220 1482 cum
1238 1407 1341 1482 dicit:
1367 1399 1430 1480 ede*
1443 1413 1640 1482 veramente
1650 1411 1854 1499 provveder

678 1528 824 1620 &oona
838 1551 904 1621 per
921 1532 982 1620 iai,
999 1529 1136 1604 scilieet
1149 1548 1289 1625 regem,
1303 1548 1325 1601 o
1332 1549 1402 1621 per
1412 1529 1534 1619 otono,
1546 1525 1695 1620 scilieet,
1712 1527 1854 1604 haben·

680 1653 753 1723 tam
781 1655 998 1743 potestatem
1024 1649 1071 1723 ab
1098 1669 1155 1742 eo,
1179 1641 1209 1721 si
1234 1651 1320 1722 ed’n
1344 1668 1412 1723 sua
1430 1649 1542 1722 iared
1567 1655 1727 1740 memte,
1748 1647 1852 1743 idest,

678 1788 747 1842 suo
773 1789 888 1865 regno
913 1788 1087 1864 oppresso
1111 1767 1400 1864 gravaminibus,
1420 1763 1486 1861 pot
1513 1769 1554 1842 di
1580 1787 1688 1842 careo
1715 1787 1789 1842 noo
1819 1771 1854 1842 si

676 1909 811 1982 mona,
840 1887 944 1981 idest,
970 1908 1043 1963 non
1069 1895 1275 1983 apponatur
1299 1889 1382 1984 pius
1407 1888 1541 1963 oneris.
1568 1888 1611 1962 Et
1643 1893 1699 1964 est
1723 1888 1851 1983 pnlma

680 2009 914 2102 metaphora;
940 2029 1025 2082 nam
1055 2029 1120 2084 rex
1147 2008 1242 2105 regit
1267 2029 1437 2104 regnum,
1456 2007 1551 2084 sient
1568 2014 1680 2083 nauta
1706 2008 1848 2082 navim:

679 2128 774 2203 sient
803 2149 894 2225 engo
923 2129 1062 2226 peritus
1088 2136 1201 2205 nauta
1233 2130 1382 2224 quando
1416 2129 1585 2205 imminet
1615 2131 1851 2227 naufragium

682 2250 853 2324 diminuit
877 2250 923 2325 de
948 2271 1073 2345 onere,
1100 2250 1150 2325 ita
1174 2251 1319 2346 sapiens
1345 2271 1409 2326 rex
1443 2251 1591 2345 quando
1624 2251 1722 2326 videt
1753 2252 1853 2347 peri·

683 2373 810 2446 cuium
846 2371 977 2446 minuit
1007 2371 1054 2448 de
1084 2372 1312 2468 gravamine,
1345 2393 1417 2446 non
1434 2367 1471 2464 (¹)
1506 2371 1743 2446 addit—La
1773 2394 1851 2446 suo.

681 2491 747 2566 ldie
777 2491 906 2566 ultimo
940 2492 1093 2568 Carolus
1124 2491 1318 2587 concludit,
1348 2491 1447 2585 qnod
1479 2511 1544 2566 ren
1574 2511 1710 2565 avarus
1740 2493 1854 2566 nollet

682 2611 820 2686 habere
845 2611 1019 2686 officiales
1049 2632 1193 2705 avaros,
1223 2610 1365 2686 dicens:
1395 2616 1448 2684 Lo
1480 2631 1546 2684 soe
1577 2618 1711 2685 aeneo
1742 2614 1804 2686 ede
1835 2608 1857 2686 e*

678 2751 809 2823 porea,
835 2730 938 2824 idest,
964 2751 1090 2825 avam,
1115 2734 1247 2806 discsse
1270 2734 1309 2805 di
1338 2734 1458 2824 toron,
1488 2731 1635 2824 seilicet,
1669 2751 1717 2806 ex
1750 2737 1855 2826 patre

682 2851 846 2945 iiberali3
872 2853 932 2926 vel
962 2851 1039 2926 die:
1075 2871 1122 2926 ex
1156 2851 1372 2928 iiberalitate
1401 2851 1586 2927 descendit
1619 2852 1656 2926 in
1691 2851 1855 2946 parvita-

682 2979 776 3066 tem3
803 2976 908 3046 eorda
925 2977 1062 3047 mesder
1086 2976 1125 3047 di
1148 2975 1201 3046 tot
1222 2975 1368 3063 mittete,
1386 2973 1489 3066 idest,
1510 2972 1709 3047 curialibus
1735 2980 1774 3048 et
1799 2974 1855 3047 oi-

680 3090 867 3187 dotalibus,
894 3095 954 3166 ete
977 3114 1051 3168 non
1075 3113 1219 3168 curasse
1240 3096 1280 3167 di
1302 3101 1441 3168 muers
1467 3095 1506 3166 io
1534 3114 1635 3188 arco,
1664 3093 1766 3188 idest,
1796 3113 1856 3168 re-

679 3231 817 3308 ponere
843 3213 1049 3308 pecuniam.
1076 3214 1121 3288 Et
1146 3213 1205 3288 hio
1231 3221 1329 3307 nota,
1356 3213 1482 3307 lector,
1509 3213 1617 3308 quod.
1633 3235 1708 3289 non
1733 3215 1853 3290 solnm

673 3332 883 3427 judicatura
903 3334 1022 3433 'vulgi
1049 3334 1112 3410 sed
1132 3334 1244 3410 etiam
1262 3333 1451 3409 sententiae
1467 3333 1674 3427 sapientum
1693 3335 1854 3409 multum

677 3451 884 3527 discordant
910 3454 946 3528 in
972 3454 1068 3529 iacto
1096 3454 1198 3528 istius
1222 3454 1352 3529 famosi
1377 3453 1494 3551 regis3
1523 3453 1621 3528 unde
1641 3453 1716 3528 dno
1736 3461 1855 3549 poem

678 3571 859 3646 florentini
885 3579 971 3647 sunt
996 3573 1063 3648 sibi
1089 3574 1262 3648 contrarii
1292 3574 1330 3648 in
1360 3573 1574 3677 seribendm
1595 3574 1688 3648 Nam
1715 3563 1854 3668 judicio

679 3711 763 3766 meo
789 3693 988 3768 Petnaneisa
1015 3692 1123 3768 nimis
1149 3694 1385 3769 commendat
1409 3715 1497 3770 enm
1528 3713 1676 3789 semper
1704 3701 1742 3768 et
1772 3693 1855 3768 ubi·

679 3834 765 3909 que,
791 3813 910 3889 dando
935 3815 1002 3888 sibi
1028 3835 1157 3889 omnes
1182 3822 1281 3892 antee
1297 3819 1335 3890 ei
1351 3834 1481 3890 omnes
1498 3815 1664 3909 virtutes,
1682 3815 1770 3909 quia
1787 3813 1856 3888 init

680 3936 839 4008 multum
858 3936 1061 4009 honoratus
1078 3935 1126 4010 ab
1143 3955 1201 4029 eo,
1221 3943 1260 4010 et
1277 3942 1469 4030 promotus
1485 3936 1532 4009 ad
1549 3937 1717 4011 lauream
1740 3955 1854 4031 quam

680 4055 818 4150 recepit
835 4056 872 4128 in
889 4055 1059 4150 capitolio
1076 4055 1222 4130 Romae:
1240 4056 1375 4131 Dantes
1388 4077 1479 4132 vero
1497 4057 1604 4130 nimis
1620 4057 1745 4151 culpat
1764 4077 1853 4132 anm

679 4176 726 4250 ab
750 4175 917 4269 avaritia,
936 4196 1050 4270 quam
1077 4177 1154 4272 ipse
1180 4177 1306 4252 habuit
1330 4177 1438 4251 nimis
1461 4177 1555 4252 odio.
1582 4178 1628 4250 Et
1653 4197 1742 4252 vere
1758 4177 1857 4252 istud

679 4295 808 4370 vitium
842 4296 963 4391 posuit
996 4317 1069 4371 non
1105 4318 1259 4392 parvam
1292 4298 1476 4372 maculam
1511 4297 1733 4395 ingloriam
1765 4299 1856 4374 tanti

680 4416 796 4512 regis3
823 4417 922 4491 unde
947 4437 1092 4513 possem
1119 4438 1273 4492 narrare
1298 4417 1422 4511 aliqua
1445 4417 1738 4514 digna-censoria
1755 4425 1856 4512 nota,

681 4557 766 4631 qum
784 4557 831 4613 ex
849 4537 1046 4633 cupiditate
1063 4537 1164 4631 iecit3
1182 4537 1264 4613 ideo
1285 4537 1380 4613 bene
1396 4537 1636 4614 cancellarius
1653 4559 1745 4612 suus
1766 4557 1854 4612 enm

680 4657 865 4734 liebertus
889 4658 1046 4734 diceret:
1073 4659 1232 4754 spiritns,
1260 4658 1322 4732 ubi
1347 4659 1438 4752 vult,
1455 4659 1588 4755 spirat3
1603 4659 1730 4754 jocose
1745 4657 1854 4733 dixit:

681 4785 719 4853 et
744 4777 939 4873 Roiienius,
966 4779 1030 4853 nbi
1056 4781 1147 4873 vnit,
1174 4779 1271 4873 piiat.

748 5036 777 5098 (¹)
793 5037 824 5087 E.
840 5043 867 5088 et
882 5051 934 5088 non
950 5039 1047 5111 ιιὶᾱΙῑ.Ν
