4342 6692
650 926 788 981 caurus
812 927 1026 982 raxousuxus
1051 928 1193 982 narnus.
1436 915 1505 986 237

333 1073 505 1163 morando
536 1074 639 1163 luna,
669 1070 816 1165 scilicet,
841 1071 1037 1146 oculorum
1068 1071 1159 1165 eius,
1192 1072 1291 1166 quod
1321 1093 1418 1147 nunc
1449 1073 1505 1147 vi-

334 1190 424 1265 dere
445 1212 518 1265 non
538 1198 653 1286 potes,
668 1190 754 1285 quia
770 1182 807 1283 (⁴)
821 1190 931 1265 babet
947 1191 1074 1265 oculos
1092 1192 1241 1285 velatos,
1259 1190 1343 1266 clr’d
1365 1196 1501 1285 dentre,

334 1310 437 1405 idest,
455 1311 554 1406 quod
579 1312 705 1386 iumen
731 1319 787 1386 est
811 1312 908 1386 intra
932 1312 1070 1406 ocutos,
1088 1318 1125 1387 et
1146 1312 1311 1386 nondum
1337 1314 1502 1408 pervenit

335 1431 381 1505 ad
407 1438 500 1506 tuos.

411 1545 489 1625 cod
513 1554 699 1626 coawndu
726 1552 796 1625 Ista
822 1556 877 1626 est
902 1558 1034 1645 quarta
1060 1560 1098 1627 et
1123 1552 1252 1626 ultima
1279 1574 1363 1648 pars
1392 1574 1505 1650 gene·

336 1672 420 1747 raiis
431 1664 482 1764 (²),
495 1672 531 1745 in
544 1693 618 1766 qua
636 1676 743 1767 poeta
761 1679 884 1745 noster
901 1671 1073 1745 describit
1090 1673 1277 1766 quomodo
1295 1673 1503 1768 pervenerit

335 1792 373 1866 in
389 1791 645 1887 perfectiorem
671 1790 915 1887 cognitionem
942 1790 1135 1885 Beatricis;
1153 1797 1189 1866 et
1206 1792 1324 1887 primo
1351 1792 1507 1868 ostendit

336 1912 521 2007 quomodo
538 1911 608 1985 iilae
625 1917 787 2005 quatuor
807 1910 1024 1985 inviaverint
1041 1931 1130 1985 eum
1152 1932 1282 1985 versus
1300 1912 1505 1987 beatricem

335 2040 373 2108 et
396 2032 629 2108 invitaverint
652 2032 700 2107 ad
724 2032 840 2128 ipsam
866 2032 1071 2105 videndam.
1091 2031 1183 2105 Dicit
1200 2052 1291 2128 ergo
1313 2032 1506 2107 continua-

336 2153 428 2229 tive:
459 2145 536 2225 cosi
552 2153 743 2242 cantando,
761 2151 831 2225 iltae
851 2150 1021 2245 dominre,
1041 2154 1270 2243 comiociuro,
1291 2151 1430 2245 supple,
1451 2150 1506 2225 di-

333 2293 430 2367 cere,
456 2273 551 2346 sicut
570 2273 649 2368 Jam
674 2272 813 2346 dictum
839 2278 905 2365 est,
931 2275 1035 2363 epoi
1059 2274 1233 2345 menormi
1253 2293 1330 2346 seco
1355 2276 1507 2364 otperto

331 2395 391 2467 del
411 2396 544 2487 prison,
563 2392 627 2487 qui
652 2393 771 2467 stabat
787 2394 978 2467 revolutus
997 2392 1045 2466 ad
1061 2412 1229 2486 currum,
1249 2399 1439 2487 tamquam
1458 2390 1504 2467 ad

331 2536 437 2589 suam
456 2534 597 2608 pacem,
616 2519 657 2586 ut
668 2513 746 2607 jam
765 2512 902 2587 dictum
927 2519 982 2587 est
999 2535 1124 2609 supra,
1141 2535 1204 2587 occ
1225 2518 1383 2587 beatrice
1404 2521 1506 2587 stava

333 2640 428 2711 volta
452 2656 477 2707 o
501 2638 581 2727 noi;
606 2640 644 2709 et
668 2640 792 2707 tamen
817 2654 891 2707 non
917 2642 1130 2728 poteramus
1151 2635 1245 2709 bcne
1269 2634 1394 2709 videre
1420 2655 1502 2708 eam

332 2763 481 2851 propter
507 2755 643 2829 velum.
662 2753 746 2828 Ideo
764 2753 886 2827 subdit
902 2754 1195 2829 exhortationem
1214 2755 1360 2829 iliarum
1378 2754 1424 2829 ad
1443 2774 1504 2827 re-

333 2873 557 2971 spiciendum
584 2873 680 2947 bene
704 2872 804 2947 iilam
833 2893 920 2947 cum
952 2894 993 2948 se
1018 2874 1195 2968 ostendet,
1221 2874 1369 2949 dicens:
1396 2877 1506 2947 dissc-

332 3017 397 3069 ro:
418 2996 470 3089 fa'
482 2995 542 3066 obe
565 3013 637 3065 noo
661 2995 831 3085 rispurmi
854 2996 886 3066 lc
910 2996 1006 3087 oute,
1034 2994 1137 3088 idest,
1165 3014 1262 3068 nunc
1295 2992 1442 3068 intende
1468 2997 1505 3066 et

333 3134 474 3189 exacue
499 3114 674 3187 virtutem
699 3112 865 3206 visivam,
883 3112 981 3207 quia,
996 3122 1101 3204 posto
1121 3118 1255 3188 t'ooem
1275 3116 1422 3188 dinanzi
1440 3114 1503 3186 ulit

331 3236 512 3324 smeroldi,
543 3232 644 3326 idest,
679 3237 766 3306 ante
803 3234 930 3306 ocutos
969 3234 1147 3329 pretiosos
1180 3234 1365 3327 Beatricis,
1396 3235 1499 3327 onds,

331 3355 433 3447 idest,
459 3374 481 3427 a
507 3352 653 3446 quibus,
670 3358 794 3444 Amor,
812 3352 959 3447 scilicet,
986 3354 1126 3448 Cupido
1150 3354 1242 3429 iilius
1260 3354 1423 3447 VeneriS,
1441 3344 1502 3444 pid

332 3477 633 3549 censoresue
657 3476 766 3563 ormi,
786 3472 890 3566 idest,
912 3473 1000 3547 olim
1028 3474 1178 3549 immisit
1202 3495 1270 3550 sua
1294 3475 1366 3549 tela
1392 3474 1428 3547 in
1455 3481 1502 3567 te,

332 3595 419 3689 quia
445 3592 625 3690 percussit
650 3599 687 3666 te
711 3598 871 3685 utraque
896 3593 1048 3689 sagipta,
1066 3594 1186 3688 primo
1205 3614 1321 3668 aurea
1347 3595 1384 3667 in
1410 3614 1504 3690 puo-

334 3716 425 3807 ritia,
447 3712 594 3809 quando
614 3711 734 3807 primo
753 3718 944 3787 amoratus
969 3732 1010 3787 es
1030 3713 1076 3787 de
1097 3734 1154 3807 ea,
1171 3713 1301 3789 deinde
1320 3714 1502 3809 plumbea,

333 3833 479 3930 quando
502 3840 628 3928 postea
645 3832 835 3907 deseruisti
854 3837 1119 3907 eam-Mille.
1138 3835 1203 3909 Hic
1220 3842 1326 3930 poeta
1343 3826 1379 3928 (³)
1403 3835 1504 3929 ponit

332 3956 505 4030 effectum
520 3952 781 4028 exhortationis
794 3952 975 4028 dictarum
993 3953 1240 4048 dominarum,
1259 3955 1346 4049 quia
1365 3956 1504 4030 scilicet

332 4075 454 4149 statim
480 4074 733 4149 ardentissime
757 4073 882 4148 defixit
907 4074 1080 4149 intuitum
1098 4075 1136 4148 in
1153 4075 1279 4150 ocutos
1298 4076 1503 4171 smaragdi·

333 4216 400 4270 nos
425 4196 588 4270 lucentes
602 4184 652 4287 (ἢ.
678 4194 780 4271 Unde
804 4194 907 4268 dicit:
934 4197 1029 4268 Mitte
1052 4196 1172 4285 damet
1195 4194 1296 4289 idest,
1323 4195 1501 4271 desideria

332 4314 488 4409 videndi,
513 4318 606 4389 caldi
626 4310 688 4407 piri
712 4316 771 4387 cte
792 4316 953 4405 fiunrmo,
971 4313 1057 4407 quia
1075 4313 1198 4387 nullus
1219 4313 1312 4409 ignis
1330 4315 1422 4390 adeo
1440 4336 1502 4390 ar·

331 4434 431 4528 dens,
458 4436 553 4509 sicut
576 4436 725 4510 damma
748 4432 897 4525 amoris,
922 4437 1192 4524 ammonicii
1220 4436 1328 4525 occdi,
1354 4434 1499 4529 scilicet,

331 4574 446 4649 moos,
471 4558 549 4647 apti
577 4558 673 4627 occdi
699 4556 869 4643 atterent,
895 4552 1042 4643 scilicet,
1068 4554 1254 4649 Beatricis,
1287 4556 1346 4627 cite
1375 4562 1502 4629 swano

329 4676 437 4765 scidi,
463 4673 565 4767 idest,
592 4673 699 4768 firmi,
720 4694 794 4766 pur
817 4694 927 4747 soora
944 4675 970 4746 't
992 4678 1144 4767 prisone,
1171 4682 1208 4749 et
1233 4694 1305 4748 non
1323 4675 1504 4769 'respicie-

331 4794 420 4869 bant
454 4814 541 4888 me;
578 4816 664 4869 nam
698 4793 897 4889 speculatio
930 4794 1122 4891 theologiae
1157 4794 1318 4869 maxime
1356 4797 1502 4891 respicit

394 4980 421 5040 (¹)
435 4980 467 5031 Ε·
483 4981 544 5043 (iffi
558 4982 612 5043 iim
627 4980 713 5031 11Ιῦθί
919 4980 946 5043 (¹)
962 4980 993 5031 Ε.
1010 4982 1136 5045 generalis
1151 4982 1229 5033 buius
1245 4986 1344 5043 mutus,
1361 4982 1387 5031 in
1404 4996 1462 5046 qus.

395 5056 424 5119 (⁸)
438 5056 469 5108 E·
483 5056 536 5107 fflc
551 5063 627 5121 poet·
641 5057 728 5121 ptimo
742 5057 823 5120 ponit
921 5056 948 5119 (⁸)
963 5056 993 5107 Ε.
1009 5056 1165 5110 iucniontos.
