4342 6692
638 862 777 918 cunnus
802 864 993 919 vruusruus
1017 865 1185 930 Quinum.
1419 856 1489 923 117

317 1010 361 1083 Et
385 1008 443 1084 hic
469 1014 556 1082 nota
581 1006 680 1102 quod
705 1008 981 1082 matrimonium
1008 1029 1082 1082 non
1108 1010 1228 1083 solnm
1260 1016 1313 1084 est
1341 1009 1490 1085 ordina·

318 1136 398 1203 tum
425 1128 462 1202 in
488 1128 602 1203 veteri
629 1134 667 1203 et
698 1147 795 1203 novo
826 1133 1045 1203 testamento
1075 1136 1113 1205 et
1143 1150 1210 1225 per
1241 1130 1342 1225 leges
1366 1131 1490 1206 civiles

319 1256 355 1325 et
372 1248 576 1343 canonicas,
595 1248 659 1323 sed
676 1248 786 1323 etiam
805 1249 903 1345 apud
921 1249 1073 1347 gentiles
1090 1250 1378 1344 barcinomae,
1396 1251 1492 1325 sicut

318 1369 404 1446 olim
423 1369 520 1465 apud
537 1390 678 1465 graecos
703 1375 740 1444 et
765 1388 955 1444 romanos:
974 1369 1050 1443 imo
1074 1376 1112 1444 et
1136 1369 1347 1446 Aristoteles
1363 1370 1401 1443 in
1418 1370 1491 1443 Po·
1561 1400 1566 1407 ·

319 1488 424 1565 liticis
448 1490 578 1585 probat
593 1483 629 1582 (¹)
656 1489 754 1584 quod
771 1490 988 1565 naturaliter
1006 1491 1117 1565 homo
1134 1498 1189 1565 est
1208 1490 1344 1565 animal
1361 1490 1491 1565 coniu-

320 1611 403 1707 gale
427 1616 621 1686 contentus
646 1630 731 1686 una.
758 1610 800 1683 Et
826 1610 1009 1685 concludit
1038 1619 1146 1706 poeta
1175 1611 1299 1687 dicens
1324 1618 1362 1686 et
1387 1610 1490 1686 clau-

320 1728 409 1805 dens
435 1729 656 1825 capitulum:
681 1737 843 1822 equesen
868 1732 986 1821 morlo,
1011 1730 1206 1826 clamandi,
1224 1734 1329 1805 medo
1354 1733 1414 1804 cte
1434 1733 1491 1803 lor

321 1853 422 1943 tunt,
447 1850 582 1925 scilicet
609 1850 835 1943 mulieribus,
865 1872 932 1943 per
963 1858 1046 1925 tutto
1063 1855 1090 1925 'l
1113 1859 1224 1944 tempo
1253 1853 1314 1925 olle
1332 1854 1359 1925 'l
1385 1857 1490 1947 [uoco

321 1976 371 2065 pli
386 1972 565 2063 climac,
579 1970 625 2045 ad
637 1971 914 2067 purgationem:
929 1978 965 2045 ot
979 1991 1065 2047 ecce
1078 1992 1242 2067 causam,
1256 1994 1321 2047 con
1339 1976 1390 2045 tal
1401 1994 1490 2047 curu

321 2097 464 2168 convica
484 2114 503 2165 e
527 2112 593 2166 coa
618 2094 668 2164 lai
686 2094 803 2185 pasti;
829 2092 934 2186 quasi
961 2092 1072 2168 dicat:
1096 2093 1175 2168 talis
1201 2094 1379 2168 medicina
1400 2114 1491 2169 con-

321 2214 421 2289 venit
446 2232 532 2287 cum
557 2210 689 2285 talibus
716 2209 863 2305 morbis,
891 2211 1037 2306 scilicet,
1055 2219 1099 2286 ut
1118 2212 1210 2309 ignis
1235 2220 1491 2306 compescatur

321 2336 416 2432 igne,
441 2334 548 2406 claci
570 2334 703 2405 mortae
719 2333 755 2403 ln
774 2335 886 2425 pinpo
906 2334 955 2405 du
969 2354 1075 2405 sezzo
1084 2359 1101 2426 ,·
1118 2334 1188 2408 hoc
1208 2340 1264 2407 est
1288 2333 1412 2408 dicere
1431 2334 1491 2406 ul-

322 2454 453 2527 timum
478 2458 682 2549 peccatum,
703 2451 838 2526 scilicet
862 2458 1054 2547 peccatum
1077 2452 1245 2526 luxuriae.
1263 2454 1307 2526 lit
1328 2458 1383 2527 est
1404 2473 1492 2527 con-

321 2573 470 2649 veniens
508 2572 741 2667 metaphora:
781 2570 875 2645 sicut
913 2571 1011 2645 enim
1046 2572 1210 2647 medicus
1241 2573 1315 2647 suit
1345 2573 1490 2670 plagam

323 2714 507 2791 magnam,
534 2700 570 2767 et
595 2691 790 2786 aliquando
816 2691 890 2765 urit
915 2691 1013 2767 illam
1040 2692 1125 2790 igno
1150 2714 1197 2768 ne
1222 2700 1418 2790 putrescat,
1440 2694 1490 2767 ita

321 2821 481 2890 aeternus
496 2812 658 2887 medicus
671 2817 864 2907 peccatum
881 2810 1039 2885 luxuriae
1057 2812 1115 2887 iric
1131 2823 1267 2910 purgat
1282 2833 1350 2908 per
1367 2814 1489 2909 ignem

322 2954 370 3010 ne
394 2932 512 3030 pariat
536 2932 687 3007 saniem.

384 3190 411 3255 (¹)
427 3188 458 3238 Β.
475 3187 588 3249 penitet
604 3185 704 3249 probat,
720 3184 818 3237 scillcet
833 3184 911 3250 quod.
