4342 6692
691 889 760 955 142
1049 900 1255 956 commun
1279 898 1499 954 ruacaronu

689 1068 891 1141 numquam
920 1047 1122 1122 nominabit
1137 1041 1174 1139 ὕ)
1201 1047 1312 1121 talem
1338 1044 1474 1143 iguem,
1492 1045 1580 1140 quia
1602 1044 1687 1119 nibil
1713 1046 1798 1121 lacit
1815 1046 1861 1120 ad
1922 1057 1927 1065 “

687 1150 799 1241 suum
826 1168 1073 1263 propositum:
1099 1168 1181 1241 talis
1206 1166 1305 1241 enim
1338 1166 1432 1263 ignis
1463 1186 1538 1240 non
1568 1166 1668 1241 lucet
1692 1166 1731 1240 in
1755 1186 1861 1263 spera

689 1307 757 1361 sua
782 1294 820 1362 et
844 1308 918 1363 non
944 1288 1028 1362 urit
1055 1288 1174 1362 Debes
1191 1307 1282 1384 ergo
1298 1286 1535 1361 considerare
1550 1286 1651 1380 quod
1668 1294 1775 1381 poeta
1793 1306 1861 1361 no-

690 1414 765 1481 ster
798 1408 845 1483 de
873 1408 1089 1483 necessitate
1117 1407 1276 1483 babebat
1307 1405 1464 1480 transire
1491 1426 1559 1500 per
1592 1406 1714 1501 ignem
1748 1407 1859 1479 istum

691 1530 800 1604 etiam
828 1529 856 1603 si
883 1529 1008 1603 lusisset
1028 1529 1287 1622 sanctissimus,
1313 1527 1407 1601 sicut
1431 1532 1468 1601 et
1493 1546 1623 1601 omncs
1645 1526 1779 1601 animas
1795 1545 1861 1600 er·

686 1657 821 1725 euntes
846 1648 1122 1745 purgatorium;
1149 1669 1233 1722 nam
1265 1653 1306 1722 ut
1336 1646 1454 1743 patuit
1484 1666 1551 1742 per
1576 1653 1707 1742 totum,
1732 1666 1862 1723 omncs

691 1769 824 1844 animae
850 1776 1057 1864 purgantur
1083 1768 1121 1841 in
1150 1767 1308 1860 cornice,
1334 1787 1419 1861 quae
1447 1766 1654 1842 circumdat
1683 1772 1861 1859 montem,

689 1910 757 1985 per
787 1910 901 1983 quam
934 1895 1039 1983 poeta
1073 1888 1247 1962 contintm
1276 1892 1429 1961 venerat
1460 1886 1656 1981 usquead
1689 1887 1860 1961 ultimum

690 2009 869 2085 circulum
908 2008 1186 2084 luxuriosorum
1224 1993 1527 2083 circumcinctum
1565 2006 1673 2103 igne,
1716 2007 1798 2081 ideo
1830 2005 1861 2079 α’

688 2130 836 2207 volebat
866 2150 964 2205 nunc
995 2130 1098 2204 exire
1127 2136 1165 2204 et
1195 2128 1394 2203 ascendero
1427 2128 1475 2201 ad
1505 2148 1684 2202 cacumen
1718 2128 1861 2219 montis,

691 2270 765 2324 non
799 2256 942 2346 poterat
971 2250 1130 2325 evadere
1163 2250 1251 2344 quin
1285 2248 1458 2323 transiret
1487 2267 1554 2343 per
1582 2248 1692 2322 istum
1722 2248 1857 2345 ignem

689 2369 806 2465 Fingit
844 2376 968 2444 autem
1000 2370 1096 2444 bene
1132 2389 1174 2442 se
1209 2374 1354 2443 tantum
1389 2368 1614 2463 extimuisse,
1639 2368 1726 2463 quia
1751 2376 1860 2442 natu·

688 2490 816 2563 raliter
846 2488 1053 2571 incendium
1087 2488 1182 2585 ignis
1210 2494 1266 2563 est
1300 2488 1460 2563 terribile
1493 2488 1616 2583 ualde,
1646 2494 1684 2561 et
1715 2489 1792 2583 ipse
1826 2488 1864 2560 in

692 2609 849 2705 speciali,
878 2610 965 2704 quia
990 2609 1111 2683 luerat
1135 2607 1331 2703 aliquando
1356 2608 1526 2682 incensus
1551 2608 1635 2705 igne
1661 2608 1859 2683 mulierum

691 2729 870 2805 sentiebat
900 2749 1108 2804 remorsum
1142 2727 1382 2803 conscientia.
1417 2727 1503 2801 ldeo
1531 2729 1626 2803 bene
1655 2748 1754 2803 nunc
1783 2736 1864 2823 poe

692 2848 948 2945 purgationem
978 2847 1191 2943 generalem
1222 2848 1391 2921 omnium
1423 2846 1597 2922 vitiomm
1628 2846 1731 2944 fingit
1763 2847 1864 2942 quod

690 2968 848 3043 finaliter
873 2959 1094 3072 allinaturl²l
1121 2967 1159 3040 in
1183 2968 1280 3064 igne,
1297 2967 1360 3061 qui
1378 2975 1434 3041 est
1450 2966 1620 3062 quaedam
1645 2968 1863 3064 preparatio

691 3096 728 3165 et
755 3090 964 3164 rectificatio
990 3087 1037 3162 ad
1061 3087 1333 3162 ascendendum
1359 3088 1407 3162 ad
1431 3088 1593 3183 coelum3
1615 3089 1713 3163 unde
1736 3096 1862 3185 postea

691 3210 873 3286 lavabitur
898 3210 935 3283 in
962 3208 1125 3303 flumine,
1152 3216 1194 3281 ut
1224 3208 1383 3282 babetur
1412 3207 1509 3283 finali
1540 3208 1699 3305 capitulo
1723 3230 1861 3307 purga·

691 3329 784 3423 lorii,
810 3330 905 3405 sicut
930 3336 966 3403 et
991 3330 1079 3404 lotio
1105 3350 1216 3424 quam
1250 3328 1336 3403 lecit
1364 3327 1431 3402 sibi
1453 3329 1622 3427 Virgilius
1654 3331 1773 3425 primo
1799 3351 1863 3405 ca·

690 3448 804 3544 pitulo
838 3450 904 3523 luit
938 3450 1107 3544 quedam
1145 3449 1323 3524 abstersio
1355 3448 1588 3544 turpitudinis
1602 3441 1639 3544 (³)
1666 3451 1862 3546 infernalis,

691 3576 729 3643 ct
752 3570 919 3645 cinctura
939 3570 1042 3666 junci
1068 3570 1141 3643 init·
1167 3570 1337 3664 quaedam
1367 3572 1584 3666 preparatio
1608 3571 1655 3646 ad
1686 3580 1863 3669 purgato-

692 3689 802 3763 rium.
816 3732 865 3745 -
886 3694 1044 3765 Volsersi.
1070 3690 1137 3765 llic
1162 3697 1269 3786 poeta
1302 3692 1458 3768 ostendit
1486 3693 1746 3788 pulcerrimam
1777 3716 1863 3790 per-

692 3810 902 3887 suasionem
937 3812 1073 3909 Virgilii
1111 3818 1239 3887 contra
1279 3812 1450 3911 timorem
1485 3833 1613 3908 suum,
1651 3813 1861 3891 dicenszle

691 3930 801 4003 boone
825 3938 950 4023 scorta,
976 3931 1122 4026 scilicet,
1149 3931 1319 4029 Virgilius
1344 3938 1381 4005 et
1405 3932 1542 4006 Statius
1570 3932 1656 4007 boni
1681 3942 1800 4031 poetae
1823 3942 1863 4011 et

689 4060 857 4128 oratores
883 4052 946 4147 qui
972 4052 1228 4147 precedebant
1245 4073 1368 4146 me;e
1399 4055 1554 4145 Virgilio,
1573 4054 1636 4147 qui
1656 4063 1737 4130 erat
1763 4057 1862 4152 prin·

691 4170 814 4265 cipalis
839 4178 943 4266 pater
974 4178 1011 4247 et
1041 4179 1245 4268 preceptor
1271 4191 1388 4268 meus,
1414 4175 1463 4245 oti
1486 4174 1596 4247 dosa:
1616 4177 1754 4268 figboot
1777 4179 1862 4267 mio,

690 4292 750 4381 pai
770 4298 873 4383 puoto
897 4313 991 4364 esser
1016 4298 1199 4384 tormento,
1216 4312 1277 4365 mc
1297 4313 1370 4365 noa
1385 4300 1505 4367 morte.
1526 4294 1637 4381 Quasi
1654 4294 1768 4370 dicat:
1795 4295 1863 4371 iste

690 4406 781 4504 ignis
806 4410 1009 4506 purgatorii
1040 4412 1125 4505 urit,
1152 4410 1216 4485 sed
1248 4432 1321 4485 non
1354 4414 1550 4508 consumit,
1580 4419 1619 4489 et
1647 4416 1780 4490 melius
1808 4422 1864 4491 est

691 4526 749 4599 uri
775 4550 888 4621 quam
919 4529 1025 4603 mori.
1052 4530 1096 4604 Et
1120 4531 1250 4626 probat
1274 4552 1297 4605 a
1324 4531 1455 4607 minori
1480 4533 1579 4628 quod
1610 4534 1742 4611 debeat
1769 4536 1865 4611 benc

691 4668 852 4743 sperare,
878 4649 1020 4725 dicens:
1047 4654 1474 4747 Rioordoti,n'cordcti...,
1491 4653 1578 4728 dicit
1594 4655 1649 4729 bis
1673 4655 1720 4730 ad
1746 4656 1863 4730 maio-

694 4788 773 4840 rem
807 4770 1092 4864 expressionem,
1118 4794 1137 4843 e
1160 4794 1198 4845 se
1219 4774 1270 4861 lo,
1303 4773 1401 4847 solus
1434 4772 1512 4847 sine
1541 4772 1666 4869 Statio,
1693 4778 1864 4866 aptoni

738 4954 783 5016 ·l¹l
801 4958 856 5015 tlt,
871 4958 996 5008 nominat.
1183 4956 1213 5020 (¹)
1229 4958 1260 5009 lt
1276 4957 1403 5010 alliciatur
1418 4960 1445 5010 la
1461 4962 1528 5024 igne,
1545 4974 1604 5025 quo
1618 4965 1667 5012 cst.

756 5030 782 5095 (⁸)
799 5031 829 5081 E.
847 5032 1036 5095 turpitudinum
1053 5034 1229 5097 infernalium,
1243 5041 1279 5087 ct.
