4342 6692
739 908 880 965 camus
902 910 1071 967 nunnus
1420 905 1492 971 ΙΙΙ)

319 1050 387 1125 ista
411 1071 504 1127 vero
528 1072 661 1146 parum
690 1053 812 1127 luerat
826 1045 876 1146 (¹).
904 1056 1036 1149 Tertio,
1062 1056 1149 1151 quia
1179 1054 1389 1133 Constantia
1420 1080 1494 1134 non

319 1171 448 1249 hahuit
479 1182 650 1267 parentes
683 1180 856 1269 cogentes
888 1194 973 1250 eam
1007 1174 1103 1251 sicut
1128 1176 1316 1271 Piclrarda,
1339 1178 1404 1254 sed
1434 1200 1495 1255 so-

320 1292 398 1366 lum
423 1293 664 1367 sacerdotem.
689 1294 841 1388 Quarto,
867 1295 953 1389 quia
979 1294 1099 1370 maior
1129 1296 1308 1393 sanguine
1336 1298 1495 1374 debebat

320 1411 452 1487 maiori
476 1412 601 1487 animo
626 1411 761 1507 dicere,
787 1413 881 1488 sicut
911 1415 1001 1489 dixit
1028 1415 1195 1491 Susanna
1222 1416 1344 1513 pravis
1369 1438 1494 1493 sacer-

317 1531 475 1607 dotibus.
502 1532 545 1605 lit
568 1532 741 1606 describit
765 1533 879 1628 ipsam
905 1556 929 1609 a
959 1534 1108 1610 nomine
1139 1537 1287 1631 proprio
1316 1544 1353 1611 et
1386 1544 1491 1632 partu

320 1651 486 1746 mirifico,
512 1652 657 1728 dicens:
682 1660 801 1745 questa
824 1650 847 1728 d
868 1657 906 1728 la
930 1658 1016 1746 tuce,
1033 1654 1137 1749 idest,
1154 1656 1276 1731 anima
1298 1656 1492 1750 luminosa,

319 1775 413 1847 detta
444 1793 541 1865 pron
568 1778 756 1866 costuma,
783 1774 1018 1869 imperatrice
1047 1796 1302 1871 romanorum,
1341 1780 1402 1850 cte
1438 1781 1497 1852 dcl

319 1895 469 1966 secondo
495 1901 595 1967 cento
618 1896 658 1967 di
685 1898 811 1988 Soaoc,
846 1894 949 1988 idest,
982 1916 1029 1971 ex
1059 1896 1217 1971 llenrico
1242 1896 1284 1990 V,
1314 1892 1444 1989 pencrd
1468 1901 1496 1971 il

320 2018 430 2106 terzo,
459 2010 561 2107 idest,
579 2014 804 2089 Fridericum
823 2015 865 2108 ll,
883 2036 902 2087 c
918 2018 1069 2089 t’ults'ma
1089 2038 1270 2109 possenna
1276 2043 1292 2111 ;
1310 2038 1395 2092 narn
1413 2016 1493 2091 Fri-

318 2130 466 2207 dericus
486 2134 515 2205 ll
541 2134 609 2207 luit
637 2135 908 2228 potentissimus
939 2136 1106 2210 omnium
1136 2136 1341 2233 principum
1370 2159 1394 2213 a
1423 2138 1493 2213 Ca·

319 2254 399 2328 rolo
423 2255 555 2350 llagno
580 2254 683 2329 citra.
710 2255 755 2327 Et
780 2254 838 2329 hic
862 2262 948 2329 uota
974 2255 1072 2349 quod
1100 2263 1206 2352 poeta
1232 2258 1359 2352 pulcre
1385 2263 1494 2331 vocat

318 2375 517 2470 superbam
543 2373 741 2469 potentiam
769 2382 807 2449 et
831 2396 963 2449 ranam
991 2376 1145 2472 gloriam
1168 2376 1292 2450 mundi
1318 2385 1492 2470 ventum3

318 2499 357 2569 et
381 2494 567 2589 potissime
592 2493 659 2569 ista
684 2494 816 2569 domus
840 2494 986 2570 Sueviae
1004 2496 1071 2569 luit
1093 2498 1193 2571 velut
1219 2503 1351 2572 ventus
1366 2504 1493 2572 auster

319 2614 491 2689 terribilis
514 2616 665 2689 turbans
683 2635 856 2689 serenum
874 2635 999 2690 aerem
1018 2622 1056 2691 et
1073 2616 1207 2691 iaciens
1225 2636 1378 2712 magnas
1397 2622 1493 2691 stra-

319 2753 396 2831 gos,
422 2735 485 2809 sed
511 2735 583 2809 cito
607 2734 789 2809 delicieris.
811 2735 957 2809 Primus
982 2756 1073 2831 ergo
1099 2744 1230 2811 ventus
1255 2736 1399 2810 Sueviae
1425 2736 1492 2809 luit

320 2853 556 2928 Fridericusl
582 2853 700 2927 dictus
725 2854 972 2948 Barbarussa3
998 2855 1181 2931 secundus
1206 2856 1399 2950 demicus,
1424 2877 1491 2930 no-

321 2974 420 3048 mino
448 2974 617 3067 quintus3
653 2974 783 3048 tertius
821 2975 1028 3049 Fridericus
1052 2978 1097 3069 ll,
1135 2976 1199 3068 qui
1237 2976 1304 3049 luit
1340 2975 1492 3050 ultimus

319 3094 520 3189 imperator
544 3092 591 3167 de
615 3094 726 3167 domo
751 3094 905 3167 Sueviae.
931 3093 1028 3169 Gens
1053 3096 1151 3169 enim
1177 3116 1377 3169 suevorum
1407 3117 1487 3171 ma·
1604 3136 1606 3139 ·

321 3214 419 3287 nima
448 3213 543 3287 bello
568 3220 605 3286 et
635 3213 882 3308 potentissima
908 3213 1073 3287 omnium
1103 3234 1369 3311 germanorum
1401 3214 1487 3288 olim

318 3332 397 3427 luit,
419 3338 459 3406 ut
480 3332 594 3426 patuit
619 3354 685 3427 per
710 3332 847 3406 lolium
875 3333 1033 3427 Celsum,
1052 3341 1088 3407 et
1110 3355 1208 3408 nunc
1228 3354 1308 3409 esse
1328 3334 1490 3409 creditur

282 3443 285 3448 ’
319 3462 361 3528 ut
386 3453 472 3527 dicit
497 3454 705 3527 Petrarclra.
723 3454 776 3527 De
796 3452 941 3527 duobus
958 3453 1148 3527 Fridericis
1165 3455 1227 3550 qui
1247 3455 1399 3529 luerunt
1416 3455 1491 3529 duo

318 3572 469 3648 domina
497 3573 579 3648 belli
607 3594 724 3669 pauca
758 3573 815 3649 hic
846 3574 938 3668 dico,
966 3574 1051 3667 quia
1082 3576 1197 3649 multa
1213 3568 1251 3668 (Ι)
1282 3575 1376 3651 dicta
1407 3583 1492 3651 sunt

318 3694 353 3767 in
380 3694 525 3769 lnlerno
550 3700 588 3770 et
612 3693 841 3791 Purgatorio.
867 3696 911 3768 Et
942 3693 1126 3769 concludit
1155 3702 1276 3788 autor,
1302 3696 1400 3791 quod
1432 3695 1491 3770 Pi·
1566 3678 1575 3693 “

317 3816 451 3890 charda
485 3816 633 3890 recessit
664 3836 749 3889 cum
786 3821 908 3908 cantu,
932 3815 1079 3903 dicens:
1106 3808 1177 3890 cosi
1198 3820 1402 3910 purlommt,
1429 3816 1488 3891 illa

319 3934 494 4009 Piclrarda
513 3936 559 4009 de
575 3956 616 4009 se
641 3942 679 4009 et
695 3934 914 4027 Constantia,
935 3938 1033 4026 epol
1053 3928 1239 4008 comincid:
1252 3944 1338 4025 Ave,
1356 3938 1490 4026 Maria,

319 4057 510 4144 cantando,
529 4055 608 4127 talis
631 4054 749 4128 oratio
766 4054 861 4127 bene
877 4054 1106 4149 congruebat
1124 4054 1185 4127 tali
1205 4054 1380 4151 virginio
1403 4076 1491 4127 can-

306 4177 429 4248 ·tdndo
459 4168 577 4265 oculo,
612 4174 714 4265 idest,
744 4172 931 4267 disparuit,
961 4194 983 4246 a
1009 4172 1129 4265 simili,
1162 4194 1258 4246 come
1285 4194 1351 4265 per
1376 4193 1491 4265 acqua

319 4318 409 4389 cupa
434 4318 516 4369 cosa
532 4317 655 4387 pram.
674 4295 773 4368 Bene
790 4293 885 4386 dicit,
903 4294 990 4385 quia
1008 4294 1076 4368 ista
1094 4294 1228 4368 mulier
1246 4293 1386 4388 pudore
1402 4315 1490 4389 gra-

320 4416 373 4489 vis
398 4416 575 4510 disparuit
592 4416 627 4489 in
645 4434 801 4509 corpore
818 4414 915 4487 lunae
933 4412 1073 4509 frigido,
1093 4414 1242 4487 humido
1263 4413 1363 4487 velut
1380 4434 1488 4506 aqua.

319 4542 432 4609 -La
457 4540 556 4609 visto.
585 4536 648 4609 llic
675 4534 803 4608 ultimo
828 4540 937 4607 autor
959 4533 1088 4607 liniens
1108 4534 1309 4627 capitulum
1335 4524 1490 4606 ostendit

318 4656 505 4751 quomodo
521 4647 752 4730 'converterit
770 4674 811 4728 se
826 4653 873 4727 ad
894 4673 1027 4727 novam
1054 4651 1258 4746 materiam,
1276 4652 1419 4727 dicens:
1438 4657 1490 4725 La

321 4780 409 4851 cislo
433 4780 519 4865 mia,
545 4775 646 4868 idest,
673 4773 871 4868 speculatio
904 4771 1168 4880 intellectualis,
1202 4774 1261 4844 elie
1292 4774 1328 4844 la
1359 4764 1488 4863 reputo,

384 5039 411 5100 (Ἰ
428 5038 458 5089 ΙΙ.
474 5037 599 5088 firmarat.
848 5033 876 5097 (Ἰ
892 5033 924 5084 Ε.
939 5034 1022 5083 multa
1037 5032 1070 5083 ds
1085 5032 1126 5083 lais
1140 5032 1217 5083 dicta.
