4342 6692
645 898 784 955 usuros
809 900 1001 957 rrummus
1023 900 1191 969 domnus.
1455 889 1500 957 sd

233 1049 238 1059 '
331 1064 415 1139 ms,
432 1064 505 1119 oon
532 1046 631 1118 volco
654 1048 805 1139 storniz),
827 1045 936 1142 idest,
956 1044 1270 1143 impedimentum,
1290 1046 1366 1123 imo
1382 1047 1504 1144 potius

332 1166 590 1261 festinantiam,
607 1165 696 1261 quin
718 1172 799 1243 erut
816 1166 910 1243 inter
932 1166 1124 1243 meridiem
1141 1173 1179 1242 et
1198 1186 1387 1263 uesperam
1406 1168 1504 1245 und'e

331 1286 436 1362 dicit:
464 1282 525 1361 cdd
542 1288 570 1360 tt
587 1290 672 1379 sole,
693 1287 758 1382 qui
783 1293 871 1362 tunc
896 1292 977 1363 erat
998 1287 1041 1362 in.
1055 1287 1182 1382 ariete,
1199 1309 1290 1361 omo
1314 1292 1460 1363 luscinio
1479 1292 1507 1364 it

330 1408 466 1481 mrcltio
483 1410 521 1481 di
539 1410 707 1500 mortuae,
725 1408 829 1503 idest,
847 1406 1025 1483 circulum
1045 1407 1302 1503 meridianum,
1323 1414 1363 1483 ut
1385 1417 1503 1503 murs,

331 1527 398 1624 qui
412 1528 580 1623 sequitur
595 1530 764 1625 arietem,
786 1533 977 1621 sicunde,
998 1529 1137 1624 supple,
1160 1529 1362 1623 reliquerat
1381 1530 1502 1624 ipsum

331 1648 526 1744 circulum,
546 1652 618 1749 ulto
633 1652 786 1743 scorpio,
804 1650 903 1744 quod
921 1656 976 1725 est
992 1648 1140 1746 siguum
1156 1649 1364 1745 oppositum
1382 1656 1503 1746 muro,

331 1768 383 1844 lta
407 1768 507 1864 quod
532 1776 645 1864 quota
670 1772 763 1845 bora
786 1770 856 1845 diei
882 1777 963 1845 erat
984 1770 1044 1865 ibi,
1062 1776 1139 1847 tota
1163 1772 1256 1845 born
1281 1772 1397 1847 noctis
1422 1779 1503 1849 erut

332 1890 407 1965 bin.
427 1890 530 1966 Unde
554 1889 678 1965 subdit
699 1910 912 1985 processum
938 1910 1070 1965 eorum
1087 1910 1156 1987 per
1175 1912 1288 1967 unam
1308 1913 1503 1989 comparu—

331 2009 468 2086 tionem
486 2008 673 2105 proprium
691 2016 731 2084 et
744 2010 897 2104 claram,
912 2009 1054 2085 dicens:
1072 2032 1139 2103 per
1159 2014 1219 2085 elta
1234 2014 1295 2085 noi
1308 2015 1502 2087 mbummn

162 2134 166 2141 '
326 2152 395 2223 por
432 2133 470 2204 lu
508 2132 650 2220 cauta,
681 2128 783 2224 idest,
822 2130 957 2205 malam
987 2138 1157 2205 cavatam
1185 2132 1331 2226 septimi
1357 2132 1498 2228 circuli,

330 2270 401 2325 tcto
419 2253 568 2325 btnunzt'
583 2254 690 2343 uttro,
708 2250 827 2346 primo
844 2249 1027 2346 Virgilius,
1045 2250 1207 2325 secundo
1227 2251 1376 2347 Statius,
1393 2252 1501 2328 tertio

330 2370 483 2447 Ilnntes:
509 2390 578 2447 neo
602 2377 773 2466 poterant
795 2368 954 2445 transire
971 2392 1101 2447 ornnes
1125 2372 1235 2445 simul
1258 2379 1409 2468 propter
1433 2394 1503 2447 an·

329 2490 487 2589 gustiam
514 2490 603 2585 loci3
630 2490 728 2567 unde
752 2490 856 2565 dicit:
879 2494 1086 2583 prendendo
1112 2494 1150 2565 la
1172 2494 1283 2585 scoto,
1319 2492 1499 2587 ultimum,

329 2614 390 2685 cde
420 2614 574 2706 disputa
608 2612 710 2706 idest,
747 2611 929 2707 disepurat
942 2603 993 2705 (¹),
1025 2614 1215 2704 ilsolttor,
1242 2611 1347 2707 idest,
1371 2632 1502 2689 ascen·

330 2752 465 2826 sonem,
483 2732 572 2826 quia
596 2753 669 2806 non
694 2730 873 2827 permittit
894 2730 1014 2826 ipsum
1039 2730 1095 2805 ire
1119 2752 1248 2826 parem
1273 2752 1362 2807 cum
1387 2732 1498 2826 socio,

327 2874 394 2947 por
418 2860 580 2944 urtezza,
597 2852 699 2945 idest,
725 2872 792 2947 per
805 2842 842 2943 (²)
869 2850 1126 2927 arctitudinem
1152 2858 1190 2927 et
1211 2852 1443 2927 stricturam:
1462 2860 1501 2929 ct

331 2993 405 3047 non
421 2973 531 3067 dicas,
543 2994 611 3065 per
627 2980 783 3064 muzza,
800 2972 901 3061 idest,
922 2972 1163 3068 altitudinem,
1180 2972 1275 3047 sicut
1290 2971 1500 3047 communi-

331 3098 390 3169 ter
415 3093 549 3167 babent
567 3096 707 3185 textus3
726 3113 810 3167 nam
830 3091 983 3166 altitudo
1000 3092 1108 3167 scalae
1127 3114 1200 3167 non
1223 3092 1415 3187 impediret
1433 3112 1499 3187 pn-

332 3212 489 3305 riiatem,
510 3212 620 3287 etiarn
638 3211 667 3287 si
685 3210 912 3309 pertingeret
928 3232 1047 3305 usque
1063 3211 1111 3286 ad
1127 3212 1263 3287 coelum
1281 3212 1341 3287 vel
1358 3212 1496 3287 ileum:

330 3338 373 3409 et
384 3334 453 3407 boc
470 3332 635 3428 fecimus,
649 3324 720 3405 cosi
736 3352 832 3405 como
845 3337 888 3427 fa
905 3335 927 3405 l'
936 3353 1017 3405 nom
1037 3334 1098 3406 cde
1120 3354 1193 3407 ooo
1209 3336 1382 3425 cumqe,
1395 3332 1499 3427 idest,

329 3474 410 3528 non.
429 3452 554 3529 firmat
577 3474 629 3547 se,
654 3474 719 3525 mn
739 3456 837 3526 nosci
858 3456 934 3527 ullu
957 3456 1015 3527 uia
1036 3450 1338 3545 auo,.clteccdd91i
1352 3456 1498 3547 appoto,

329 3574 434 3669 qussi
459 3574 565 3667 dicat,
585 3565 777 3649 continuat
791 3573 861 3648 iter
877 3594 1000 3667 suum,
1018 3572 1192 3668 quicquid
1218 3580 1402 3648 occurrat
1414 3572 1498 3666 sibi,

327 3716 366 3768 as
387 3696 526 3768 admoto
549 3696 588 3768 di
611 3695 756 3785 boboam
780 3696 808 3766 it
830 3695 992 3785 trudone,
1019 3692 1123 3785 idest,
1151 3694 1183 3767 si
1208 3714 1346 3791 urgens
1369 3712 1499 3768 neces*

194 3884 198 3892 .
329 3814 418 3891 sitas
441 3814 571 3912 pungit
595 3836 694 3909 oum,
713 3812 808 3888 siout
824 3834 892 3887 nos
915 3813 1023 3889 modo
1049 3812 1113 3908 qui
1139 3814 1366 3889 habebamus
1382 3813 1500 3889 mulla

329 3940 367 4011 st
391 3956 527 4032 magna
543 3934 669 4011 videre
685 3934 723 4009 in
742 3940 816 4007 tam
834 3932 938 4008 breri
954 3932 1069 4029 spatio
1087 3934 1369 4029 temporis-E
1385 3934 1498 4026 quob

329 4054 395 4131 llio
407 4063 516 4151 poeta
532 4054 703 4131 describit
718 4074 832 4129 suam.
843 4052 1114 4148 dispositionem
1131 4052 1230 4128 circa
1246 4052 1499 4147 questionem,

330 4196 415 4271 qne
440 4176 626 4251 afficiebat
646 4174 813 4249 animum
838 4172 929 4267 eius,
955 4192 1020 4268 per
1047 4192 1161 4247 unam
1186 4172 1498 4267 comparationem

331 4296 581 4390 manifestam,
615 4294 695 4369 ideo
729 4292 857 4369 ondina
871 4283 909 4385 (³)
943 4298 1091 4369 tautum
1118 4292 1262 4368 literam
1292 4310 1339 4365 ne
1368 4291 1500 4386 perdas

329 4422 488 4512 tempus,
505 4422 543 4491 et
562 4416 680 4491 dicas:
707 4420 748 4488 lo
772 4434 841 4488 eru
862 4416 924 4505 ut,
941 4434 1008 4486 con
1033 4416 1151 4505 buyda
1175 4433 1298 4485 amesa
1322 4433 1342 4484 e
1364 4418 1499 4503 sponte,

331 4538 432 4632 idoet,
458 4543 567 4612 acute
600 4540 639 4610 et
661 4535 832 4628 extincta,
863 4536 901 4607 dt
931 4536 1138 4625 dimundur,
1168 4532 1288 4609 etsie
1316 4531 1401 4605 dicit
1425 4530 1500 4605 duo

330 4657 515 4733 contraria
540 4656 685 4731 diuerso
710 4660 898 4749 respectui,
924 4660 962 4728 ot
992 4674 1079 4729 ecce
1109 4652 1316 4747 quomodo:
1348 4653 1501 4745 mendo

328 4779 438 4870 inflato
455 4778 514 4851 ntt’
524 4782 608 4866 utto,
630 4774 734 4870 quasi
750 4774 857 4868 dicat,
872 4772 1049 4849 trahendo
1067 4772 1182 4847 verba
1197 4792 1318 4866 usque
1334 4772 1381 4847 ad
1397 4792 1501 4846 suun

392 5036 587 5101 (numm.
711 5035 941 5101 (illisorum
1065 5034 1375 5101 l'lfflfflfflm
