4342 6692
670 869 741 938 318
1060 880 1266 936 ecmannum
1290 879 1456 936 nannum

665 1032 776 1121 gutur
799 1047 823 1100 a
848 1030 981 1098 natura
1004 1045 1085 1119 sua,
1103 1030 1284 1119 quantum
1303 1025 1415 1100 bomo
1432 1023 1469 1096 iu
1486 1022 1626 1096 bonum
1647 1027 1684 1096 et
1704 1020 1740 1094 iu
1759 1040 1840 1095 ma-

666 1145 755 1218 lum.
782 1145 900 1218 llomo
929 1143 1028 1219 enim
1054 1143 1101 1220 (le
1126 1143 1185 1219 sui
1210 1152 1342 1218 nutura
1372 1149 1428 1218 est
1452 1141 1736 1238 perfectissimus
1760 1141 1840 1215 aui·

669 1265 838 1358 mallum,
873 1270 910 1340 et
947 1263 1251 1359 perfectissimum
1287 1285 1421 1360 corpus
1463 1262 1620 1339 hominis
1653 1261 1840 1337 invenitur

669 1386 984 1482 proportionatum
1015 1386 1110 1460 coelo
1142 1392 1179 1460 et
1212 1386 1369 1480 mundo;
1401 1385 1482 1460 ideo
1513 1385 1613 1458 solus
1644 1385 1768 1476 bomo,
1800 1388 1839 1454 ut

670 1505 789 1600 inquit
812 1506 977 1599 Hermes,
1003 1512 1059 1580 est
1084 1526 1203 1580 nexus
1228 1505 1292 1580 Ilei
1319 1512 1356 1580 et
1381 1504 1519 1598 muudi,
1540 1524 1585 1578 eo
1610 1501 1709 1598 quud
1734 1501 1840 1577 intel·

671 1625 807 1700 lectum
832 1625 997 1700 divinum
1024 1624 1062 1699 in
1086 1645 1127 1700 se
1151 1625 1273 1719 habet,
1298 1645 1366 1721 per
1398 1644 1508 1719 quem
1544 1622 1739 1718 aliquando
1764 1621 1841 1698 ele·

673 1752 783 1820 ratur
807 1766 919 1841 supra
943 1744 1148 1840 mundum3
1173 1744 1271 1821 unde
1296 1745 1408 1819 homo
1435 1763 1675 1840 perseverans
1700 1743 1737 1816 in
1762 1743 1840 1817 cul-

673 1865 772 1940 mine
797 1865 929 1939 mentis
946 1865 1058 1940 trabit
1073 1866 1121 1940 ad
1137 1886 1177 1941 se
1194 1886 1327 1962 eorpus
1345 1871 1383 1940 et
1400 1862 1593 1958 mundum,
1611 1862 1697 1958 quia
1716 1863 1838 1938 anima

670 1992 756 2060 nata
781 1993 836 2060 est
862 1986 1055 2083 principari
1082 1986 1226 2082 corpori
1253 1992 1291 2061 et
1316 1985 1465 2078 mundo,
1487 1991 1523 2060 et
1549 1985 1724 2064 naturalis
1750 1985 1840 2060 ordo

674 2112 729 2182 est
748 2105 848 2200 quud
863 2106 987 2181 anima
1003 2107 1187 2182 contineat
1204 2126 1339 2202 corpus
1357 2125 1403 2180 ne
1420 2105 1657 2180 dissolvatur:
1675 2105 1726 2179 sic
1745 2125 1842 2179 nunc

672 2233 780 2322 poeta
806 2233 930 2302 noster
956 2247 1022 2323 per
1046 2226 1392 2322 contemplationem
1420 2233 1518 2302 stans
1535 2225 1572 2299 in
1590 2232 1689 2300 terra
1707 2232 1787 2300 erat
1805 2224 1841 2300 iu

672 2346 785 2439 coelo;
810 2347 997 2421 fortunam
1024 2347 1231 2444 negligebat
1256 2352 1294 2422 et
1326 2345 1453 2421 vivens
1485 2352 1566 2420 erat
1596 2345 1634 2418 in
1663 2345 1841 2440 paradiso.

578 2494 580 2499 ·
672 2467 875 2561 Aliquando
900 2487 990 2543 vero
1014 2487 1038 2542 c
1062 2474 1191 2542 contra
1217 2467 1329 2542 bomo
1359 2487 1427 2562 per
1451 2466 1666 2542 electionem
1692 2465 1778 2541 lacit
1803 2486 1844 2541 se

675 2588 885 2663 interiorem
912 2587 1051 2662 mundo
1082 2609 1290 2684 supponens
1318 2609 1359 2664 se
1390 2587 1547 2683 corpori,
1578 2593 1616 2662 et
1649 2588 1842 2682 tuncjam

675 2709 780 2803 quasi
813 2710 954 2784 bonore
986 2709 1222 2784 humanitatis
1254 2715 1390 2784 exutus
1423 2708 1553 2804 accipit
1584 2708 1842 2803 proprietatem

675 2830 812 2924 bestiae,
845 2850 932 2904 cum
966 2829 1166 2904 accidentia
1195 2829 1358 2925 corporis
1388 2835 1634 2904 transmutent
1657 2828 1841 2902 unimam:

676 2951 774 3025 uude
799 2970 864 3046 per
888 2949 1166 3046 imaginationes
1182 2956 1220 3024 et
1237 2949 1420 3044 passiones
1436 2949 1567 3044 accipit
1591 2949 1844 3043 corruptiones

674 3071 849 3166 corporis,
867 3071 961 3146 sicut
978 3071 1161 3146 Avicenna
1178 3070 1263 3145 dicit
1280 3070 1377 3166 quod
1396 3069 1599 3166 imaginans
1616 3069 1758 3144 colores
1781 3090 1844 3143 ru·

676 3190 765 3267 bens
790 3197 903 3287 auget
928 3197 1071 3265 motum
1098 3198 1135 3266 et
1159 3191 1302 3265 llunum
1320 3189 1526 3286 sanguinis3
1543 3195 1581 3264 et
1601 3190 1760 3264 multum
1780 3189 1844 3263 tri·
1904 3276 1906 3284 Α

676 3313 739 3387 stis
771 3313 903 3388 timens
935 3312 1075 3408 lepram
1110 3313 1181 3386 erit
1214 3311 1409 3406 aliquando
1447 3311 1624 3406 leprosus.
1660 3309 1764 3383 Modo
1796 3307 1843 3382 ad

675 3433 902 3530 propositum
927 3431 1012 3507 dicit
1036 3432 1183 3526 Dentes,
1209 3432 1307 3526 quod
1341 3453 1413 3506 non
1439 3437 1557 3526 potest
1582 3450 1680 3506 nunc
1707 3429 1844 3504 reterre

676 3552 884 3646 verbaliter,
909 3551 975 3628 sed
999 3552 1259 3647 exemplariter
1291 3559 1449 3646 tantum,
1475 3573 1580 3626 suam
1612 3550 1844 3624 intrinsecam

677 3672 858 3748 mulum
892 3672 1249 3768 transmutationem,
1280 3673 1327 3747 de
1358 3673 1427 3746 boe
1451 3692 1492 3747 se
1517 3692 1717 3765 excusans3
1750 3669 1847 3743 unde

678 3792 782 3868 dicit:
809 3799 1051 3883 assumamur,
1076 3792 1179 3887 idest,
1209 3792 1396 3885 quomodo
1421 3793 1532 3866 bomo
1556 3790 1619 3865 liat
1651 3791 1843 3884 plusquam
1966 3847 1977 3872 .

678 3914 802 4006 bomo,
819 3913 878 3988 rel
895 3913 994 3988 aliud
1011 3935 1125 4009 quam
1139 3914 1262 4008 bomo,
1277 3934 1349 3986 nou
1365 3915 1397 3984 si
1408 3915 1516 4005 portu
1536 3912 1730 4003 significor,
1745 3909 1843 4002 idest,

679 4033 913 4129 manifestari,
936 4057 1003 4128 per
1029 4034 1150 4125 umba,
1177 4033 1324 4128 scilicet,
1350 4038 1467 4128 poetae
1493 4033 1551 4106 rel
1577 4031 1744 4126 oratoris,
1766 4029 1848 4106 ideo

680 4173 778 4228 nunc
801 4153 968 4228 describo
984 4155 1053 4229 boc
1072 4160 1192 4229 metro
1210 4153 1277 4227 isto
1295 4160 1462 4228 materno
1475 4143 1527 4247 (¹),
1539 4143 1631 4245 pero
1655 4152 1848 4244 tercmprb,

678 4272 813 4347 scilicet
832 4273 1047 4369 praedictum
1066 4273 1206 4367 Glauci,
1223 4274 1324 4364 busti,
1343 4271 1429 4366 quia
1450 4273 1531 4367 plus
1550 4277 1701 4346 movent
1721 4291 1851 4346 exem-

678 4391 737 4485 pla
767 4413 879 4486 quam
909 4393 1034 4489 verba,
1066 4416 1091 4467 a
1125 4397 1182 4467 cul
1212 4395 1342 4484 pruzia
1372 4393 1476 4466 serbo
1509 4393 1725 4484 esperieuzu,
1761 4391 1852 4467 idest

678 4509 740 4605 illi,
766 4511 826 4586 cui
852 4511 972 4586 divina
997 4512 1115 4609 gratia
1142 4512 1315 4589 concedet
1341 4511 1499 4608 experiri
1526 4513 1605 4606 boc,
1626 4511 1719 4586 sicut
1739 4515 1850 4586 autor

680 4632 940 4725 experiebatur
965 4654 1075 4728 nunc,
1093 4638 1129 4708 et
1150 4633 1245 4708 sicut
1271 4633 1376 4707 mulli
1402 4631 1526 4728 magni
1550 4632 1719 4706 ductores
1744 4631 1849 4706 theo·

678 4749 752 4845 logi
783 4751 924 4846 experti
956 4751 1107 4828 luerunt
1140 4760 1226 4829 aute
1257 4773 1345 4828 eum
1376 4753 1413 4827 in
1445 4752 1517 4828 vita
1530 4743 1580 4845 (¹).
1595 4793 1645 4807 -
1657 4755 1691 4827 S*
1704 4755 1740 4828 r‘o
1771 4773 1845 4826 eru.

744 5007 771 5070 (¹)
790 5007 819 5057 li.
835 5014 921 5060 metro
937 5009 987 5060 isto
1002 5010 1117 5062 minimo.
1275 5011 1302 5074 (¹)
1319 5011 1349 5062 Ε.
1366 5012 1393 5061 lu
1409 5013 1459 5063 rita
1476 5025 1531 5063 sun.
