4342 6692
696 929 834 985 CANTUS
858 931 1050 988 VlGESfflUS
1074 932 1204 987 Nonus.
1465 922 1535 989 197

362 1074 597 1170 evangeliste
622 1075 808 1171 praecipue
833 1075 1006 1149 muniunt
1027 1075 1138 1150 istum
1160 1095 1336 1171 currum3
1354 1097 1402 1149 uo
1426 1096 1536 1150 carro

363 1196 528 1290 &console
556 1199 594 1269 in
621 1216 664 1269 su
693 1199 759 1271 mu
791 1204 902 1289 ructo,
932 1215 1016 1290 quae
1046 1195 1156 1270 etiam
1182 1202 1333 1291 possunt
1357 1194 1427 1271 dici
1452 1197 1537 1271 duae

365 1314 460 1412 vitae,
485 1316 605 1391 activa
630 1322 667 1391 et
696 1317 990 1412 contemplativa,
1023 1318 1081 1390 vel
1113 1315 1188 1390 duo
1218 1317 1340 1411 populi
1367 1318 1537 1413 judaicus

364 1440 402 1511 et
417 1436 574 1532 gentilis,
586 1439 684 1510 cb’ot
698 1439 788 1511 eollo
803 1440 893 1510 d’un
908 1439 1044 1531 prison,
1057 1436 1121 1530 qui
1137 1436 1247 1511 babet
1264 1443 1374 1531 caput
1391 1438 1536 1530 aquilae,

364 1562 472 1630 nouo
497 1578 625 1650 venam
650 1556 739 1651 quia
763 1557 928 1634 Christus
959 1563 1015 1632 est
1040 1555 1104 1651 qui
1137 1557 1247 1630 trabit
1273 1558 1464 1633 ecclesiam
1490 1556 1537 1632 ad

364 1696 416 1753 se
431 1678 475 1751 Et
486 1676 607 1751 subdit
622 1683 748 1751 actum
765 1677 896 1774 gryphi
910 1670 948 1770 (¹)
966 1676 1109 1752 dicens:
1126 1684 1160 1750 et
1174 1698 1264 1768 esso,
1282 1678 1430 1771 scilicet,
1449 1699 1537 1775 gry-

366 1798 471 1892 pbus,
498 1799 621 1871 madeo
644 1818 699 1890 su,
726 1818 856 1873 versus
881 1798 1029 1891 coelum,
1055 1799 1164 1870 luno
1194 1819 1213 1870 e
1247 1800 1363 1870 l'altr'
1376 1800 1444 1888 ule,
1472 1816 1539 1893 per
1646 1838 1651 1849 ·

365 1917 465 1992 intus
497 1923 637 2013 septem
670 1917 780 2010 listas,
813 1917 912 1991 unde
949 1916 1056 1991 dicit:
1092 1923 1151 1990 tro
1189 1920 1225 1990 lo
1258 1938 1432 1990 brezzano
1460 1920 1539 1990 ele

345 2044 420 2137 ¹tre
442 2058 462 2111 e
485 2045 539 2112 tre
563 2042 656 2131 tota·
682 2038 784 2133 quod
809 2044 864 2112 est
888 2036 1011 2112 dicere
1028 2037 1124 2112 inter
1149 2044 1224 2113 tres
1249 2044 1286 2113 et
1313 2044 1387 2112 tres
1412 2038 1537 2132 lineas,

366 2157 486 2233 media
502 2164 718 2233 remanente
734 2158 829 2231 inter
846 2163 1047 2251 utramque
1062 2159 1173 2252 alam,
1188 2158 1238 2232 ita
1256 2158 1356 2252 quod
1373 2160 1538 2254 gryphus

364 2279 402 2353 in
427 2279 548 2355 medio
572 2279 734 2353 duarum
759 2278 904 2353 alarum
926 2277 1135 2352 continebat
1154 2278 1287 2353 lineam
1311 2279 1484 2373 mediam,
1502 2284 1540 2353 et

366 2399 524 2474 babebat
546 2400 596 2474 ab
621 2418 697 2473 uno
722 2399 838 2473 latere
863 2405 939 2472 tres
964 2398 1089 2491 lineas,
1107 2399 1154 2472 ab
1170 2398 1242 2473 alio
1266 2399 1356 2473 alias
1382 2405 1467 2473 tres.
1494 2401 1539 2474 Et

363 2520 489 2596 dicunt
514 2520 626 2614 aliqui
652 2518 751 2614 quod
776 2519 855 2593 istae
887 2526 1027 2613 septem
1058 2519 1164 2593 lineae
1194 2524 1279 2592 sunt
1308 2526 1446 2613 septem
1479 2540 1539 2594 sa-

365 2647 555 2717 cramenta
580 2640 754 2715 ecclesia.
772 2640 817 2713 itt
841 2640 946 2714 dicit:
971 2631 1002 2712 sl
1026 2641 1116 2712 olt’a
1139 2642 1250 2733 nulla,
1271 2640 1418 2735 scilicet,
1436 2640 1537 2735 listae,

363 2763 551 2856 scandendo,
576 2759 678 2854 idest,
705 2758 874 2853 secando,
891 2764 994 2853 faceo
1014 2762 1126 2852 malm
1144 2760 1230 2854 quia
1252 2760 1395 2834 nullum
1414 2780 1538 2834 sacra·

368 2888 536 2957 mentum
550 2878 810 2955 contundebat:
828 2885 935 2954 erant
955 2885 1081 2955 autem
1101 2879 1178 2955 istae
1195 2886 1334 2974 septem
1353 2880 1458 2955 lineae
1477 2900 1538 2955 re·

367 3000 642 3077 verberationem
662 2998 981 3093 candelabrorum,
998 3018 1084 3094 quae
1103 3007 1375 3094 praecesserant.
1394 3000 1438 3073 Et
1455 3006 1539 3074 tao·

365 3122 419 3219 git
443 3126 644 3213 utramque
669 3124 842 3193 naturam
868 3118 999 3194 Christi
1028 3118 1065 3191 in
1097 3138 1173 3191 uno
1203 3138 1369 3213 corpore,
1396 3118 1535 3195 dicens:

365 3249 463 3317 mmo
486 3243 626 3314 sallom
649 3240 710 3312 cle
733 3258 805 3311 non
829 3258 918 3311 mon
945 3241 1048 3331 oiste5
1065 3237 1151 3331 quia
1170 3256 1238 3311 nec
1254 3238 1384 3311 oculus
1406 3258 1538 3333 eorpo-

365 3360 462 3455 ralis,
487 3380 555 3435 nec
581 3357 834 3433 intellectualis
865 3356 885 3399 *
897 3362 1015 3452 potest
1041 3357 1166 3431 videre
1195 3355 1437 3451 divinitatcm3
1456 3357 1537 3433 ideo

365 3480 583 3556 benedicit:
609 3485 647 3555 et
671 3478 732 3553 ille
755 3477 931 3574 gryphus,
948 3480 981 3550 le
997 3477 1154 3550 nwmbro
1171 3479 1280 3549 d’oro
1301 3498 1403 3571 ovea,
1424 3498 1538 3569 quon-

365 3603 389 3675 t
401 3620 467 3674 ero
489 3602 629 3692 accello,
658 3603 840 3693 qnantum
865 3596 912 3671 ad
931 3596 1170 3691 divinitatem,
1189 3617 1273 3691 quae
1296 3604 1351 3671 est
1370 3596 1538 3672 incorru-

328 3760 331 3766 ·
365 3718 508 3818 ptibilr's,
541 3708 856 3812 immortalis*(‘),
886 3739 906 3791 c
934 3717 1077 3790 meacm
1105 3719 1238 3811 l'oltre,
1278 3724 1457 3810 quantum
1487 3718 1537 3793 'ad

364 3859 515 3915 carnem
541 3839 743 3913 humanam
769 3856 913 3932 puram.
941 3837 984 3909 El
1008 3836 1116 3911 dicit:
1152 3838 1189 3909 m·
1218 3840 1398 3927 ommipla'o
1428 3840 1537 3930 miso,

367 3960 454 4054 quia
471 3958 649 4056 sanguine
667 3957 853 4032 rubricata
870 3956 907 4031 ln
924 3956 1000 4051 ipsa
1017 3956 1184 4051 passione
1201 3947 1311 4048 (³).-
1326 3960 1414 4030 Non.
1433 3957 1538 4033 Nunc

367 4085 474 4175 poeta
491 4080 618 4153 volens
634 4079 799 4154 exaltare
815 4076 1164 4171 supereminentiam
1176 4064 1212 4169 (⁸)
1231 4097 1365 4152 currus
1382 4085 1420 4152 et
1435 4077 1538 4153 ducis

367 4199 610 4294 triumphalis,
629 4198 726 4291 (licit,
743 4197 843 4291 quod
868 4218 942 4272 non
967 4203 1086 4292 polest
1109 4196 1273 4272 invenire
1293 4200 1538 4292 comparatio-

369 4339 455 4394 nem
471 4317 640 4414 digoam3
658 4324 783 4392 tamen
799 4316 895 4391 inter
911 4316 1190 4411 gloriosissimos
1207 4316 1319 4392 duces
1337 4318 1538 4415 triumpha-

367 4440 421 4516 les
432 4438 597 4513 nominat
613 4438 706 4512 duos
723 4437 804 4531 plus
819 4436 1036 4511 accedentes
1048 4436 1096 4511 ad
1108 4438 1357 4533 propositum:
1374 4460 1535 4533 quorum

366 4560 461 4635 alter
486 4558 750 4653 rempublicam
777 4556 1042 4652 periclitantem
1062 4558 1276 4633 mirabiliter
1293 4560 1537 4655 recuperavit,

427 4822 457 4885 (¹)
472 4820 504 4871 ll.
520 4820 670 4885 grypbools.

428 4897 456 4961 ρ)
471 4898 508 4948 Lo
524 4896 613 4961 parole
628 4896 669 4947 lm
684 4897 694 4947 l
709 4896 761 4947 (loa
775 4893 908 4945 mutuent
925 4906 972 4944 ron
986 4894 1099 4958 snppllte
1114 4894 1183 4959 dogit
1200 4894 1260 4945 ollrl
1276 4900 1317 4946 tro
1332 4892 1428 4946 Codicl.

429 4974 457 5038 (ἢ
473 4975 505 5025 lt
521 4975 637 5038 passione
651 4974 766 5025 eiusdem
782 4971 887 5023 nemim
900 4970 963 5021 lesu
978 4970 1081 5022 (lbrlsll.
1092 4998 1122 5010 -
1132 4972 1196 5024 Non.

431 5049 458 5113 l‘l
474 5055 527 5113 tlt,
543 5051 809 5115 superexcellentiam·
