<?xml version="1.0" encoding="UTF-8"?>
<!DOCTYPE html PUBLIC "-//W3C//DTD XHTML 1.0 Transitional//EN"
    "http://www.w3.org/TR/xhtml1/DTD/xhtml1-transitional.dtd">
<html xmlns="http://www.w3.org/1999/xhtml" xml:lang="en" lang="en">
 <head>
  <title>
</title>
<meta http-equiv="Content-Type" content="text/html;charset=utf-8" />
  <meta name='ocr-system' content='tesseract 3.04.00' />
  <meta name='ocr-capabilities' content='ocr_page ocr_carea ocr_par ocr_line ocrx_word'/>
</head>
<body>
  <div class='ocr_page' id='page_1' title='image "benevenutideram01lacagoog_0179.png"; bbox 0 0 4342 6692; ppageno 0'>
   <div class='ocr_carea' id='block_1_1' title="bbox 642 916 1501 986">
    <p class='ocr_par' dir='ltr' id='par_1_1' title="bbox 642 916 1501 986">
     <span class='ocr_line' id='line_1_1' title="bbox 642 916 1501 986; baseline 0 -3"><span class='ocrx_word' id='word_1_1' title='bbox 642 930 781 986; x_wconf 74' lang='lat' dir='ltr'>cunnus</span> <span class='ocrx_word' id='word_1_2' title='bbox 806 930 998 985; x_wconf 78' lang='lat' dir='ltr'>nummus</span> <span class='ocrx_word' id='word_1_3' title='bbox 1023 928 1196 985; x_wconf 80' lang='lat' dir='ltr'>ocnavus.</span> <span class='ocrx_word' id='word_1_4' title='bbox 1433 916 1501 985; x_wconf 86' lang='grc'>169</span> 
     </span>
    </p>
   </div>
   <div class='ocr_carea' id='block_1_2' title="bbox 334 1064 1586 4890">
    <p class='ocr_par' dir='ltr' id='par_1_2' title="bbox 334 1064 1586 4890">
     <span class='ocr_line' id='line_1_2' title="bbox 337 1064 1586 1170; baseline -0.003 -17"><span class='ocrx_word' id='word_1_5' title='bbox 337 1078 457 1153; x_wconf 91' lang='lat' dir='ltr'>statim</span> <span class='ocrx_word' id='word_1_6' title='bbox 485 1097 572 1152; x_wconf 93' lang='lat' dir='ltr'>cum</span> <span class='ocrx_word' id='word_1_7' title='bbox 598 1076 667 1149; x_wconf 89' lang='lat' dir='ltr'>luit</span> <span class='ocrx_word' id='word_1_8' title='bbox 690 1076 728 1149; x_wconf 93' lang='lat' dir='ltr'>in</span> <span class='ocrx_word' id='word_1_9' title='bbox 752 1076 842 1170; x_wconf 89' lang='lat' dir='ltr'>ripa,</span> <span class='ocrx_word' id='word_1_10' title='bbox 870 1065 907 1149; x_wconf 81' lang='lat' dir='ltr'>tt</span> <span class='ocrx_word' id='word_1_11' title='bbox 923 1078 1011 1149; x_wconf 86' lang='lat' dir='ltr'>douc</span> <span class='ocrx_word' id='word_1_12' title='bbox 1035 1076 1150 1149; x_wconf 78' lang='lat' dir='ltr'>terte</span> <span class='ocrx_word' id='word_1_13' title='bbox 1166 1096 1254 1149; x_wconf 88' lang='lat' dir='ltr'>sono</span> <span class='ocrx_word' id='word_1_14' title='bbox 1279 1076 1428 1167; x_wconf 80' lang='lat' dir='ltr'>bupnute</span> <span class='ocrx_word' id='word_1_15' title='bbox 1443 1064 1504 1167; x_wconf 71' lang='lat' dir='ltr'>pici</span> <span class='ocrx_word' id='word_1_16' title='bbox 1518 1144 1586 1163; x_wconf 40' lang='grc' dir='ltr'><em>ω</em></span> 
     </span>
     <span class='ocr_line' id='line_1_3' title="bbox 334 1195 1506 1292; baseline -0.002 -21"><span class='ocrx_word' id='word_1_17' title='bbox 334 1199 418 1271; x_wconf 85' lang='lat' dir='ltr'>dutt’</span> <span class='ocrx_word' id='word_1_18' title='bbox 431 1199 522 1271; x_wconf 84' lang='lat' dir='ltr'>ende</span> <span class='ocrx_word' id='word_1_19' title='bbox 545 1198 602 1270; x_wconf 83' lang='lat' dir='ltr'>det</span> <span class='ocrx_word' id='word_1_20' title='bbox 626 1197 680 1269; x_wconf 84' lang='lat' dir='ltr'>bel</span> <span class='ocrx_word' id='word_1_21' title='bbox 698 1198 817 1287; x_wconf 70' lang='lat' dir='ltr'>ptume,</span> <span class='ocrx_word' id='word_1_22' title='bbox 843 1195 989 1289; x_wconf 74' lang='lat' dir='ltr'>scilicet,</span> <span class='ocrx_word' id='word_1_23' title='bbox 1015 1196 1163 1270; x_wconf 85' lang='lat' dir='ltr'>Lethaei.</span> <span class='ocrx_word' id='word_1_24' title='bbox 1190 1196 1234 1269; x_wconf 82' lang='lat' dir='ltr'>Et</span> <span class='ocrx_word' id='word_1_25' title='bbox 1254 1196 1506 1292; x_wconf 80' lang='lat' dir='ltr'><strong>superexaltat</strong></span> 
     </span>
     <span class='ocr_line' id='line_1_4' title="bbox 334 1312 1504 1412; baseline -0.001 -22"><span class='ocrx_word' id='word_1_26' title='bbox 334 1316 616 1412; x_wconf 73' lang='lat' dir='ltr'>pulcritudinem</span> <span class='ocrx_word' id='word_1_27' title='bbox 642 1316 745 1390; x_wconf 93' lang='lat' dir='ltr'>istius</span> <span class='ocrx_word' id='word_1_28' title='bbox 769 1315 927 1390; x_wconf 84' lang='lat' dir='ltr'>dominae</span> <span class='ocrx_word' id='word_1_29' title='bbox 948 1316 1192 1410; x_wconf 90' lang='lat' dir='ltr'>multiplicans</span> <span class='ocrx_word' id='word_1_30' title='bbox 1212 1312 1504 1411; x_wconf 86' lang='lat' dir='ltr'>comparationes</span> 
     </span>
     <span class='ocr_line' id='line_1_5' title="bbox 334 1430 1502 1531; baseline -0.001 -23"><span class='ocrx_word' id='word_1_31' title='bbox 334 1436 492 1531; x_wconf 88' lang='lat' dir='ltr'>pulcras.</span> <span class='ocrx_word' id='word_1_32' title='bbox 525 1436 570 1510; x_wconf 88' lang='lat' dir='ltr'>Et</span> <span class='ocrx_word' id='word_1_33' title='bbox 602 1435 650 1510; x_wconf 89' lang='lat' dir='ltr'>ad</span> <span class='ocrx_word' id='word_1_34' title='bbox 683 1436 965 1510; x_wconf 82' lang='lat' dir='ltr'>declarationem</span> <span class='ocrx_word' id='word_1_35' title='bbox 1001 1435 1103 1510; x_wconf 92' lang='lat' dir='ltr'>istius</span> <span class='ocrx_word' id='word_1_36' title='bbox 1138 1430 1416 1530; x_wconf 85' lang='lat' dir='ltr'>comparationis</span> <span class='ocrx_word' id='word_1_37' title='bbox 1448 1440 1502 1509; x_wconf 89' lang='lat' dir='ltr'>est</span> 
     </span>
     <span class='ocr_line' id='line_1_6' title="bbox 335 1555 1500 1653; baseline -0.001 -25"><span class='ocrx_word' id='word_1_38' title='bbox 335 1555 535 1650; x_wconf 89' lang='lat' dir='ltr'>sciendum,</span> <span class='ocrx_word' id='word_1_39' title='bbox 562 1556 661 1650; x_wconf 88' lang='lat' dir='ltr'>quod</span> <span class='ocrx_word' id='word_1_40' title='bbox 686 1555 834 1630; x_wconf 85' lang='lat' dir='ltr'>Ovidius</span> <span class='ocrx_word' id='word_1_41' title='bbox 859 1556 961 1653; x_wconf 83' lang='lat' dir='ltr'>fingit</span> <span class='ocrx_word' id='word_1_42' title='bbox 986 1556 1023 1629; x_wconf 96' lang='lat' dir='ltr'>in</span> <span class='ocrx_word' id='word_1_43' title='bbox 1048 1556 1082 1629; x_wconf 80' lang='lat' dir='ltr'>ll</span> <span class='ocrx_word' id='word_1_44' title='bbox 1111 1556 1265 1648; x_wconf 86' lang='lat' dir='ltr'>Maioris,</span> <span class='ocrx_word' id='word_1_45' title='bbox 1291 1555 1388 1649; x_wconf 85' lang='lat' dir='ltr'>quod</span> <span class='ocrx_word' id='word_1_46' title='bbox 1415 1574 1500 1629; x_wconf 92' lang='lat' dir='ltr'>cum</span> 
     </span>
     <span class='ocr_line' id='line_1_7' title="bbox 336 1673 1503 1771; baseline 0.001 -23"><span class='ocrx_word' id='word_1_47' title='bbox 336 1673 475 1771; x_wconf 83' lang='lat' dir='ltr'>Cupido</span> <span class='ocrx_word' id='word_1_48' title='bbox 505 1674 601 1749; x_wconf 86' lang='lat' dir='ltr'>tilius</span> <span class='ocrx_word' id='word_1_49' title='bbox 630 1675 783 1750; x_wconf 90' lang='lat' dir='ltr'>Veneris</span> <span class='ocrx_word' id='word_1_50' title='bbox 809 1676 1041 1751; x_wconf 83' lang='lat' dir='ltr'>oscularetur</span> <span class='ocrx_word' id='word_1_51' title='bbox 1070 1682 1228 1751; x_wconf 86' lang='lat' dir='ltr'>matrem</span> <span class='ocrx_word' id='word_1_52' title='bbox 1258 1674 1397 1771; x_wconf 84' lang='lat' dir='ltr'>sagipta</span> <span class='ocrx_word' id='word_1_53' title='bbox 1429 1695 1503 1749; x_wconf 87' lang='lat' dir='ltr'>una</span> 
     </span>
     <span class='ocr_line' id='line_1_8' title="bbox 335 1795 1504 1893; baseline 0.001 -24"><span class='ocrx_word' id='word_1_54' title='bbox 335 1795 487 1869; x_wconf 82' lang='lat' dir='ltr'>exiliens</span> <span class='ocrx_word' id='word_1_55' title='bbox 511 1795 558 1870; x_wconf 94' lang='lat' dir='ltr'>de</span> <span class='ocrx_word' id='word_1_56' title='bbox 582 1798 754 1891; x_wconf 89' lang='lat' dir='ltr'>pharetra</span> <span class='ocrx_word' id='word_1_57' title='bbox 779 1797 958 1891; x_wconf 82' lang='lat' dir='ltr'>percussit</span> <span class='ocrx_word' id='word_1_58' title='bbox 987 1818 1069 1872; x_wconf 89' lang='lat' dir='ltr'>eam</span> <span class='ocrx_word' id='word_1_59' title='bbox 1097 1798 1134 1872; x_wconf 94' lang='lat' dir='ltr'>in</span> <span class='ocrx_word' id='word_1_60' title='bbox 1159 1806 1329 1893; x_wconf 81' lang='lat' dir='ltr'>pectore3</span> <span class='ocrx_word' id='word_1_61' title='bbox 1356 1818 1402 1873; x_wconf 84' lang='lat' dir='ltr'>ex</span> <span class='ocrx_word' id='word_1_62' title='bbox 1429 1817 1504 1893; x_wconf 89' lang='lat' dir='ltr'>quo</span> 
     </span>
     <span class='ocr_line' id='line_1_9' title="bbox 337 1914 1505 2014; baseline 0.005 -27"><span class='ocrx_word' id='word_1_63' title='bbox 337 1914 460 1989; x_wconf 89' lang='lat' dir='ltr'>Venus</span> <span class='ocrx_word' id='word_1_64' title='bbox 483 1935 637 1991; x_wconf 86' lang='lat' dir='ltr'>accensa</span> <span class='ocrx_word' id='word_1_65' title='bbox 662 1937 803 2010; x_wconf 86' lang='lat' dir='ltr'>amore,</span> <span class='ocrx_word' id='word_1_66' title='bbox 828 1917 907 1991; x_wconf 82' lang='lat' dir='ltr'>viso</span> <span class='ocrx_word' id='word_1_67' title='bbox 932 1916 1057 1992; x_wconf 81' lang='lat' dir='ltr'>Adone</span> <span class='ocrx_word' id='word_1_68' title='bbox 1082 1917 1344 1992; x_wconf 82' lang='lat' dir='ltr'>formosissimo</span> <span class='ocrx_word' id='word_1_69' title='bbox 1365 1920 1505 2014; x_wconf 85' lang='lat' dir='ltr'>juvene</span> 
     </span>
     <span class='ocr_line' id='line_1_10' title="bbox 336 2032 1504 2131; baseline 0.005 -24"><span class='ocrx_word' id='word_1_70' title='bbox 336 2032 409 2109; x_wconf 88' lang='lat' dir='ltr'>tilio</span> <span class='ocrx_word' id='word_1_71' title='bbox 422 2035 579 2130; x_wconf 85' lang='lat' dir='ltr'>ldyrrhae</span> <span class='ocrx_word' id='word_1_72' title='bbox 603 2035 775 2111; x_wconf 86' lang='lat' dir='ltr'>ardenter</span> <span class='ocrx_word' id='word_1_73' title='bbox 799 2035 985 2111; x_wconf 88' lang='lat' dir='ltr'>adamavit</span> <span class='ocrx_word' id='word_1_74' title='bbox 1009 2037 1125 2131; x_wconf 87' lang='lat' dir='ltr'>illurn,</span> <span class='ocrx_word' id='word_1_75' title='bbox 1144 2058 1255 2131; x_wconf 90' lang='lat' dir='ltr'>quem</span> <span class='ocrx_word' id='word_1_76' title='bbox 1276 2038 1433 2113; x_wconf 86' lang='lat' dir='ltr'>finaliter</span> <span class='ocrx_word' id='word_1_77' title='bbox 1450 2039 1504 2113; x_wconf 86' lang='lat' dir='ltr'>la-</span> 
     </span>
     <span class='ocr_line' id='line_1_11' title="bbox 336 2152 1504 2254; baseline 0.006 -29"><span class='ocrx_word' id='word_1_78' title='bbox 336 2152 476 2227; x_wconf 91' lang='lat' dir='ltr'>niatum</span> <span class='ocrx_word' id='word_1_79' title='bbox 500 2155 549 2230; x_wconf 88' lang='lat' dir='ltr'>ab</span> <span class='ocrx_word' id='word_1_80' title='bbox 569 2176 659 2250; x_wconf 93' lang='lat' dir='ltr'>apro</span> <span class='ocrx_word' id='word_1_81' title='bbox 680 2156 802 2229; x_wconf 87' lang='lat' dir='ltr'>Venus</span> <span class='ocrx_word' id='word_1_82' title='bbox 819 2156 998 2231; x_wconf 86' lang='lat' dir='ltr'>convertit</span> <span class='ocrx_word' id='word_1_83' title='bbox 1014 2156 1052 2229; x_wconf 94' lang='lat' dir='ltr'>in</span> <span class='ocrx_word' id='word_1_84' title='bbox 1069 2158 1211 2232; x_wconf 89' lang='lat' dir='ltr'>liorem.</span> <span class='ocrx_word' id='word_1_85' title='bbox 1229 2156 1334 2231; x_wconf 87' lang='lat' dir='ltr'>llodo</span> <span class='ocrx_word' id='word_1_86' title='bbox 1354 2158 1400 2232; x_wconf 92' lang='lat' dir='ltr'>ad</span> <span class='ocrx_word' id='word_1_87' title='bbox 1416 2178 1504 2254; x_wconf 91' lang='lat' dir='ltr'>pro·</span> 
     </span>
     <span class='ocr_line' id='line_1_12' title="bbox 335 2275 1503 2373; baseline 0.003 -25"><span class='ocrx_word' id='word_1_88' title='bbox 335 2275 506 2369; x_wconf 88' lang='lat' dir='ltr'>positum,</span> <span class='ocrx_word' id='word_1_89' title='bbox 523 2282 565 2349; x_wconf 89' lang='lat' dir='ltr'>ut</span> <span class='ocrx_word' id='word_1_90' title='bbox 585 2275 708 2351; x_wconf 87' lang='lat' dir='ltr'>videas</span> <span class='ocrx_word' id='word_1_91' title='bbox 725 2282 905 2370; x_wconf 88' lang='lat' dir='ltr'>quantum</span> <span class='ocrx_word' id='word_1_92' title='bbox 923 2278 1149 2371; x_wconf 88' lang='lat' dir='ltr'>comparatio</span> <span class='ocrx_word' id='word_1_93' title='bbox 1170 2278 1215 2351; x_wconf 92' lang='lat' dir='ltr'>sit</span> <span class='ocrx_word' id='word_1_94' title='bbox 1234 2276 1378 2373; x_wconf 72' lang='lat' dir='ltr'>decens,</span> <span class='ocrx_word' id='word_1_95' title='bbox 1398 2286 1503 2373; x_wconf 87' lang='lat' dir='ltr'>poeta</span> 
     </span>
     <span class='ocr_line' id='line_1_13' title="bbox 335 2395 1504 2493; baseline 0.001 -24"><span class='ocrx_word' id='word_1_96' title='bbox 335 2395 413 2469; x_wconf 88' lang='lat' dir='ltr'>vult</span> <span class='ocrx_word' id='word_1_97' title='bbox 429 2396 552 2471; x_wconf 91' lang='lat' dir='ltr'>dicere</span> <span class='ocrx_word' id='word_1_98' title='bbox 570 2395 669 2489; x_wconf 84' lang='lat' dir='ltr'>quod</span> <span class='ocrx_word' id='word_1_99' title='bbox 694 2396 788 2469; x_wconf 90' lang='lat' dir='ltr'>sicut</span> <span class='ocrx_word' id='word_1_100' title='bbox 804 2396 938 2489; x_wconf 85' lang='lat' dir='ltr'>Venus,</span> <span class='ocrx_word' id='word_1_101' title='bbox 957 2416 1042 2489; x_wconf 83' lang='lat' dir='ltr'>quae</span> <span class='ocrx_word' id='word_1_102' title='bbox 1060 2396 1193 2470; x_wconf 89' lang='lat' dir='ltr'>dicitur</span> <span class='ocrx_word' id='word_1_103' title='bbox 1214 2406 1334 2473; x_wconf 86' lang='lat' dir='ltr'>mater</span> <span class='ocrx_word' id='word_1_104' title='bbox 1355 2398 1504 2493; x_wconf 78' lang='lat' dir='ltr'>amoriS,</span> 
     </span>
     <span class='ocr_line' id='line_1_14' title="bbox 335 2514 1505 2611; baseline 0.003 -23"><span class='ocrx_word' id='word_1_105' title='bbox 335 2520 391 2588; x_wconf 86' lang='lat' dir='ltr'>est</span> <span class='ocrx_word' id='word_1_106' title='bbox 415 2514 462 2589; x_wconf 88' lang='lat' dir='ltr'>de</span> <span class='ocrx_word' id='word_1_107' title='bbox 486 2535 526 2588; x_wconf 90' lang='lat' dir='ltr'>se</span> <span class='ocrx_word' id='word_1_108' title='bbox 551 2535 697 2610; x_wconf 89' lang='lat' dir='ltr'>semper</span> <span class='ocrx_word' id='word_1_109' title='bbox 723 2515 849 2610; x_wconf 91' lang='lat' dir='ltr'>pulcra</span> <span class='ocrx_word' id='word_1_110' title='bbox 875 2522 911 2590; x_wconf 90' lang='lat' dir='ltr'>et</span> <span class='ocrx_word' id='word_1_111' title='bbox 936 2537 1077 2611; x_wconf 84' lang='lat' dir='ltr'>amans,</span> <span class='ocrx_word' id='word_1_112' title='bbox 1098 2524 1220 2591; x_wconf 90' lang='lat' dir='ltr'>tamen</span> <span class='ocrx_word' id='word_1_113' title='bbox 1246 2537 1420 2611; x_wconf 87' lang='lat' dir='ltr'>percussa</span> <span class='ocrx_word' id='word_1_114' title='bbox 1445 2539 1505 2592; x_wconf 89' lang='lat' dir='ltr'>sa-</span> 
     </span>
     <span class='ocr_line' id='line_1_15' title="bbox 335 2632 1521 2731; baseline 0.005 -24"><span class='ocrx_word' id='word_1_115' title='bbox 335 2634 435 2731; x_wconf 83' lang='lat' dir='ltr'>gipta</span> <span class='ocrx_word' id='word_1_116' title='bbox 460 2633 522 2708; x_wconf 89' lang='lat' dir='ltr'>filii</span> <span class='ocrx_word' id='word_1_117' title='bbox 551 2634 628 2710; x_wconf 87' lang='lat' dir='ltr'>visa</span> <span class='ocrx_word' id='word_1_118' title='bbox 658 2641 714 2710; x_wconf 90' lang='lat' dir='ltr'>est</span> <span class='ocrx_word' id='word_1_119' title='bbox 742 2634 822 2709; x_wconf 86' lang='lat' dir='ltr'>ficri</span> <span class='ocrx_word' id='word_1_120' title='bbox 852 2637 1013 2731; x_wconf 93' lang='lat' dir='ltr'>pulcrior</span> <span class='ocrx_word' id='word_1_121' title='bbox 1042 2644 1079 2711; x_wconf 91' lang='lat' dir='ltr'>et</span> <span class='ocrx_word' id='word_1_122' title='bbox 1104 2638 1304 2731; x_wconf 83' lang='lat' dir='ltr'>amantior3</span> <span class='ocrx_word' id='word_1_123' title='bbox 1330 2638 1381 2713; x_wconf 83' lang='lat' dir='ltr'>ita</span> <span class='ocrx_word' id='word_1_124' title='bbox 1406 2632 1521 2713; x_wconf 88' lang='lat' dir='ltr'>nnnc&#39;</span> 
     </span>
     <span class='ocr_line' id='line_1_16' title="bbox 336 2753 1505 2852; baseline 0.002 -25"><span class='ocrx_word' id='word_1_125' title='bbox 336 2753 484 2829; x_wconf 88' lang='lat' dir='ltr'>domina</span> <span class='ocrx_word' id='word_1_126' title='bbox 508 2754 576 2830; x_wconf 90' lang='lat' dir='ltr'>ista</span> <span class='ocrx_word' id='word_1_127' title='bbox 601 2762 707 2850; x_wconf 90' lang='lat' dir='ltr'>capta</span> <span class='ocrx_word' id='word_1_128' title='bbox 730 2775 860 2832; x_wconf 93' lang='lat' dir='ltr'>amore</span> <span class='ocrx_word' id='word_1_129' title='bbox 884 2764 1002 2851; x_wconf 81' lang='lat' dir='ltr'>poetae</span> <span class='ocrx_word' id='word_1_130' title='bbox 1018 2758 1081 2851; x_wconf 88' lang='lat' dir='ltr'>qui</span> <span class='ocrx_word' id='word_1_131' title='bbox 1099 2758 1234 2852; x_wconf 86' lang='lat' dir='ltr'>placuit</span> <span class='ocrx_word' id='word_1_132' title='bbox 1260 2757 1325 2831; x_wconf 92' lang='lat' dir='ltr'>sibi</span> <span class='ocrx_word' id='word_1_133' title='bbox 1344 2778 1417 2831; x_wconf 93' lang='lat' dir='ltr'>non</span> <span class='ocrx_word' id='word_1_134' title='bbox 1435 2758 1505 2830; x_wconf 89' lang='lat' dir='ltr'>mi-</span> 
     </span>
     <span class='ocr_line' id='line_1_17' title="bbox 338 2869 1520 2973; baseline 0.003 -27"><span class='ocrx_word' id='word_1_135' title='bbox 338 2895 409 2947; x_wconf 91' lang='lat' dir='ltr'>nus</span> <span class='ocrx_word' id='word_1_136' title='bbox 435 2894 547 2967; x_wconf 87' lang='lat' dir='ltr'>quam</span> <span class='ocrx_word' id='word_1_137' title='bbox 573 2874 705 2949; x_wconf 77' lang='lat' dir='ltr'>Adonis</span> <span class='ocrx_word' id='word_1_138' title='bbox 729 2876 875 2971; x_wconf 89' lang='lat' dir='ltr'>Veneri,</span> <span class='ocrx_word' id='word_1_139' title='bbox 901 2877 988 2970; x_wconf 85' lang='lat' dir='ltr'>quia</span> <span class='ocrx_word' id='word_1_140' title='bbox 1013 2898 1150 2973; x_wconf 85' lang='lat' dir='ltr'>magno</span> <span class='ocrx_word' id='word_1_141' title='bbox 1180 2878 1306 2952; x_wconf 91' lang='lat' dir='ltr'>labore</span> <span class='ocrx_word' id='word_1_142' title='bbox 1337 2898 1402 2973; x_wconf 91' lang='lat' dir='ltr'>per</span> <span class='ocrx_word' id='word_1_143' title='bbox 1432 2869 1520 2973; x_wconf 77' lang='lat' dir='ltr'>syl-¹</span> 
     </span>
     <span class='ocr_line' id='line_1_18' title="bbox 337 2993 1519 3089; baseline 0.004 -24"><span class='ocrx_word' id='word_1_144' title='bbox 337 3013 421 3066; x_wconf 89' lang='lat' dir='ltr'>vam</span> <span class='ocrx_word' id='word_1_145' title='bbox 449 2993 621 3069; x_wconf 88' lang='lat' dir='ltr'>tendebat</span> <span class='ocrx_word' id='word_1_146' title='bbox 640 2995 687 3069; x_wconf 94' lang='lat' dir='ltr'>ad</span> <span class='ocrx_word' id='word_1_147' title='bbox 703 2996 979 3089; x_wconf 86' lang='lat' dir='ltr'>acquisitionem</span> <span class='ocrx_word' id='word_1_148' title='bbox 998 2995 1155 3089; x_wconf 87' lang='lat' dir='ltr'>virtutis,</span> <span class='ocrx_word' id='word_1_149' title='bbox 1172 2996 1248 3071; x_wconf 92' lang='lat' dir='ltr'>visa</span> <span class='ocrx_word' id='word_1_150' title='bbox 1267 3002 1321 3072; x_wconf 88' lang='lat' dir='ltr'>est</span> <span class='ocrx_word' id='word_1_151' title='bbox 1341 2997 1408 3071; x_wconf 86' lang='lat' dir='ltr'>sibi</span> <span class='ocrx_word' id='word_1_152' title='bbox 1425 2995 1519 3072; x_wconf 87' lang='lat' dir='ltr'>lieri&#39;</span> 
     </span>
     <span class='ocr_line' id='line_1_19' title="bbox 335 3112 1519 3215; baseline 0.004 -31"><span class='ocrx_word' id='word_1_153' title='bbox 335 3112 499 3207; x_wconf 89' lang='lat' dir='ltr'>pulcrior</span> <span class='ocrx_word' id='word_1_154' title='bbox 515 3120 553 3187; x_wconf 89' lang='lat' dir='ltr'>et</span> <span class='ocrx_word' id='word_1_155' title='bbox 569 3114 760 3208; x_wconf 87' lang='lat' dir='ltr'>amantior,</span> <span class='ocrx_word' id='word_1_156' title='bbox 775 3135 888 3209; x_wconf 88' lang='lat' dir='ltr'>qnam</span> <span class='ocrx_word' id='word_1_157' title='bbox 906 3124 1001 3191; x_wconf 87' lang='lat' dir='ltr'>essct</span> <span class='ocrx_word' id='word_1_158' title='bbox 1017 3116 1147 3210; x_wconf 90' lang='lat' dir='ltr'>primo.</span> <span class='ocrx_word' id='word_1_159' title='bbox 1166 3116 1257 3191; x_wconf 82' lang='lat' dir='ltr'>llicit</span> <span class='ocrx_word' id='word_1_160' title='bbox 1275 3138 1365 3213; x_wconf 83' lang='lat' dir='ltr'>crgo</span> <span class='ocrx_word' id='word_1_161' title='bbox 1381 3124 1519 3215; x_wconf 69' lang='lat' dir='ltr'>poeng</span> 
     </span>
     <span class='ocr_line' id='line_1_20' title="bbox 339 3235 1506 3331; baseline 0.003 -26"><span class='ocrx_word' id='word_1_162' title='bbox 339 3236 419 3305; x_wconf 87' lang='lat' dir='ltr'>Non</span> <span class='ocrx_word' id='word_1_163' title='bbox 443 3235 549 3306; x_wconf 87' lang='lat' dir='ltr'>credo</span> <span class='ocrx_word' id='word_1_164' title='bbox 574 3235 634 3307; x_wconf 80' lang='lat' dir='ltr'>clte</span> <span class='ocrx_word' id='word_1_165' title='bbox 657 3240 753 3307; x_wconf 80' lang='lat' dir='ltr'>tanto</span> <span class='ocrx_word' id='word_1_166' title='bbox 770 3237 872 3327; x_wconf 79' lang='lat' dir='ltr'>teme,</span> <span class='ocrx_word' id='word_1_167' title='bbox 889 3236 990 3329; x_wconf 85' lang='lat' dir='ltr'>idest,</span> <span class='ocrx_word' id='word_1_168' title='bbox 1009 3242 1109 3310; x_wconf 90' lang='lat' dir='ltr'>tanta</span> <span class='ocrx_word' id='word_1_169' title='bbox 1128 3237 1285 3331; x_wconf 90' lang='lat' dir='ltr'>claritas,</span> <span class='ocrx_word' id='word_1_170' title='bbox 1311 3240 1506 3329; x_wconf 80' lang='lat' dir='ltr'>splendesce</span> 
     </span>
     <span class='ocr_line' id='line_1_21' title="bbox 335 3354 1505 3449; baseline 0.003 -23"><span class='ocrx_word' id='word_1_171' title='bbox 335 3361 424 3427; x_wconf 85' lang='lat' dir='ltr'>sotto</span> <span class='ocrx_word' id='word_1_172' title='bbox 449 3357 480 3429; x_wconf 87' lang='lat' dir='ltr'>tc</span> <span class='ocrx_word' id='word_1_173' title='bbox 504 3356 615 3445; x_wconf 79' lang='lat' dir='ltr'>cipite,</span> <span class='ocrx_word' id='word_1_174' title='bbox 640 3354 786 3447; x_wconf 83' lang='lat' dir='ltr'>scilicet,</span> <span class='ocrx_word' id='word_1_175' title='bbox 812 3354 849 3428; x_wconf 93' lang='lat' dir='ltr'>in</span> <span class='ocrx_word' id='word_1_176' title='bbox 874 3356 1001 3449; x_wconf 87' lang='lat' dir='ltr'>oculis,</span> <span class='ocrx_word' id='word_1_177' title='bbox 1034 3378 1060 3428; x_wconf 87' lang='lat' dir='ltr'>u</span> <span class='ocrx_word' id='word_1_178' title='bbox 1093 3362 1219 3431; x_wconf 88' lang='lat' dir='ltr'>Venere</span> <span class='ocrx_word' id='word_1_179' title='bbox 1247 3360 1393 3449; x_wconf 71' lang='lat' dir='ltr'>enfide,</span> <span class='ocrx_word' id='word_1_180' title='bbox 1418 3377 1505 3431; x_wconf 90' lang='lat' dir='ltr'>cum</span> 
     </span>
     <span class='ocr_line' id='line_1_22' title="bbox 335 3472 1506 3572; baseline 0.002 -24"><span class='ocrx_word' id='word_1_181' title='bbox 335 3472 475 3570; x_wconf 81' lang='lat' dir='ltr'>sagipta</span> <span class='ocrx_word' id='word_1_182' title='bbox 500 3492 627 3567; x_wconf 84' lang='lat' dir='ltr'>aurea,</span> <span class='ocrx_word' id='word_1_183' title='bbox 653 3476 717 3548; x_wconf 85' lang='lat' dir='ltr'>dat</span> <span class='ocrx_word' id='word_1_184' title='bbox 735 3476 848 3566; x_wconf 81' lang='lat' dir='ltr'>fiptio,</span> <span class='ocrx_word' id='word_1_185' title='bbox 873 3475 1019 3569; x_wconf 90' lang='lat' dir='ltr'>scilicet,</span> <span class='ocrx_word' id='word_1_186' title='bbox 1045 3476 1232 3571; x_wconf 83' lang='lat' dir='ltr'>Cupidine,</span> <span class='ocrx_word' id='word_1_187' title='bbox 1251 3483 1337 3572; x_wconf 78' lang='lat' dir='ltr'>[nor</span> <span class='ocrx_word' id='word_1_188' title='bbox 1362 3479 1400 3550; x_wconf 87' lang='lat' dir='ltr'>di</span> <span class='ocrx_word' id='word_1_189' title='bbox 1424 3482 1506 3551; x_wconf 72' lang='lat' dir='ltr'>tatto</span> 
     </span>
     <span class='ocr_line' id='line_1_23' title="bbox 334 3593 1507 3695; baseline 0.003 -28"><span class='ocrx_word' id='word_1_190' title='bbox 334 3616 398 3668; x_wconf 88' lang='lat' dir='ltr'>suo</span> <span class='ocrx_word' id='word_1_191' title='bbox 422 3599 591 3695; x_wconf 82' lang='lat' dir='ltr'>costnme‚·</span> <span class='ocrx_word' id='word_1_192' title='bbox 616 3593 703 3687; x_wconf 89' lang='lat' dir='ltr'>quia</span> <span class='ocrx_word' id='word_1_193' title='bbox 729 3594 826 3669; x_wconf 87' lang='lat' dir='ltr'>ultra</span> <span class='ocrx_word' id='word_1_194' title='bbox 851 3594 998 3669; x_wconf 93' lang='lat' dir='ltr'>solitum</span> <span class='ocrx_word' id='word_1_195' title='bbox 1026 3596 1206 3670; x_wconf 84' lang='lat' dir='ltr'>transfixit</span> <span class='ocrx_word' id='word_1_196' title='bbox 1225 3617 1291 3671; x_wconf 94' lang='lat' dir='ltr'>cor</span> <span class='ocrx_word' id='word_1_197' title='bbox 1308 3597 1388 3672; x_wconf 90' lang='lat' dir='ltr'>eius</span> <span class='ocrx_word' id='word_1_198' title='bbox 1406 3597 1507 3692; x_wconf 91' lang='lat' dir='ltr'>plus-</span> 
     </span>
     <span class='ocr_line' id='line_1_24' title="bbox 337 3698 1524 3811; baseline 0.003 -24"><span class='ocrx_word' id='word_1_199' title='bbox 337 3734 449 3807; x_wconf 88' lang='lat' dir='ltr'>quam</span> <span class='ocrx_word' id='word_1_200' title='bbox 474 3712 590 3787; x_wconf 87' lang='lat' dir='ltr'>soleat</span> <span class='ocrx_word' id='word_1_201' title='bbox 614 3713 705 3787; x_wconf 93' lang='lat' dir='ltr'>alios</span> <span class='ocrx_word' id='word_1_202' title='bbox 729 3714 938 3789; x_wconf 83' lang='lat' dir='ltr'>vulnerare.</span> <span class='ocrx_word' id='word_1_203' title='bbox 964 3716 1009 3789; x_wconf 89' lang='lat' dir='ltr'>Et</span> <span class='ocrx_word' id='word_1_204' title='bbox 1037 3716 1133 3790; x_wconf 90' lang='lat' dir='ltr'>bene</span> <span class='ocrx_word' id='word_1_205' title='bbox 1162 3716 1247 3791; x_wconf 91' lang='lat' dir='ltr'>dicit</span> <span class='ocrx_word' id='word_1_206' title='bbox 1277 3718 1363 3811; x_wconf 89' lang='lat' dir='ltr'>quia</span> <span class='ocrx_word' id='word_1_207' title='bbox 1389 3698 1524 3800; x_wconf 77' lang='lat' dir='ltr'>multol</span> 
     </span>
     <span class='ocr_line' id='line_1_25' title="bbox 338 3830 1506 3931; baseline 0.005 -24"><span class='ocrx_word' id='word_1_208' title='bbox 338 3833 552 3908; x_wconf 90' lang='lat' dir='ltr'>luminosior</span> <span class='ocrx_word' id='word_1_209' title='bbox 585 3839 641 3908; x_wconf 83' lang='lat' dir='ltr'>est</span> <span class='ocrx_word' id='word_1_210' title='bbox 674 3854 782 3907; x_wconf 90' lang='lat' dir='ltr'>amor</span> <span class='ocrx_word' id='word_1_211' title='bbox 816 3835 960 3909; x_wconf 81' lang='lat' dir='ltr'>virtutis</span> <span class='ocrx_word' id='word_1_212' title='bbox 991 3838 1154 3911; x_wconf 87' lang='lat' dir='ltr'>honestae</span> <span class='ocrx_word' id='word_1_213' title='bbox 1188 3858 1301 3931; x_wconf 89' lang='lat' dir='ltr'>quam</span> <span class='ocrx_word' id='word_1_214' title='bbox 1336 3830 1506 3913; x_wconf 85' lang='lat' dir='ltr'>venereae</span> 
     </span>
     <span class='ocr_line' id='line_1_26' title="bbox 337 3905 1525 4051; baseline 0.002 -22"><span class='ocrx_word' id='word_1_215' title='bbox 337 3954 544 4050; x_wconf 81' lang='lat' dir='ltr'>voluptatis,</span> <span class='ocrx_word' id='word_1_216' title='bbox 562 3961 907 4050; x_wconf 88' lang='lat' dir='ltr'>quantumcumque</span> <span class='ocrx_word' id='word_1_217' title='bbox 927 3956 1062 4031; x_wconf 78' lang='lat' dir='ltr'>femina</span> <span class='ocrx_word' id='word_1_218' title='bbox 1079 3958 1300 4051; x_wconf 90' lang='lat' dir='ltr'>pulcerrima</span> <span class='ocrx_word' id='word_1_219' title='bbox 1327 3905 1525 4043; x_wconf 47' lang='lat' dir='ltr'>videatur.)</span> 
     </span>
     <span class='ocr_line' id='line_1_27' title="bbox 338 4074 1507 4173; baseline 0.005 -26"><span class='ocrx_word' id='word_1_220' title='bbox 338 4075 383 4148; x_wconf 87' lang='lat' dir='ltr'>Et</span> <span class='ocrx_word' id='word_1_221' title='bbox 408 4074 528 4149; x_wconf 92' lang='lat' dir='ltr'>subdit</span> <span class='ocrx_word' id='word_1_222' title='bbox 551 4081 678 4148; x_wconf 90' lang='lat' dir='ltr'>actum</span> <span class='ocrx_word' id='word_1_223' title='bbox 698 4075 803 4149; x_wconf 83' lang='lat' dir='ltr'>dictae</span> <span class='ocrx_word' id='word_1_224' title='bbox 823 4074 992 4170; x_wconf 81' lang='lat' dir='ltr'>dominae,</span> <span class='ocrx_word' id='word_1_225' title='bbox 1010 4076 1152 4151; x_wconf 89' lang='lat' dir='ltr'>dicens:</span> <span class='ocrx_word' id='word_1_226' title='bbox 1173 4081 1253 4169; x_wconf 82' lang='lat' dir='ltr'>etta,</span> <span class='ocrx_word' id='word_1_227' title='bbox 1270 4079 1415 4173; x_wconf 89' lang='lat' dir='ltr'>scilicet,</span> <span class='ocrx_word' id='word_1_228' title='bbox 1431 4081 1507 4153; x_wconf 87' lang='lat' dir='ltr'>lda-</span> 
     </span>
     <span class='ocr_line' id='line_1_28' title="bbox 339 4188 1507 4292; baseline 0.004 -26"><span class='ocrx_word' id='word_1_229' title='bbox 339 4193 468 4287; x_wconf 89' lang='lat' dir='ltr'>thildis‚</span> <span class='ocrx_word' id='word_1_230' title='bbox 493 4196 608 4286; x_wconf 74' lang='lat' dir='ltr'>rideo,</span> <span class='ocrx_word' id='word_1_231' title='bbox 634 4193 722 4287; x_wconf 84' lang='lat' dir='ltr'>quia</span> <span class='ocrx_word' id='word_1_232' title='bbox 746 4194 949 4269; x_wconf 88' lang='lat' dir='ltr'>delectatur</span> <span class='ocrx_word' id='word_1_233' title='bbox 965 4188 1001 4288; x_wconf 83' lang='lat'>(¹)</span> <span class='ocrx_word' id='word_1_234' title='bbox 1036 4196 1073 4269; x_wconf 94' lang='lat' dir='ltr'>in</span> <span class='ocrx_word' id='word_1_235' title='bbox 1108 4217 1220 4292; x_wconf 91' lang='lat' dir='ltr'>opere</span> <span class='ocrx_word' id='word_1_236' title='bbox 1245 4198 1399 4292; x_wconf 87' lang='lat' dir='ltr'>virtutis,</span> <span class='ocrx_word' id='word_1_237' title='bbox 1427 4201 1507 4271; x_wconf 88' lang='lat' dir='ltr'>dol-</span> 
     </span>
     <span class='ocr_line' id='line_1_29' title="bbox 339 4314 1507 4412; baseline 0.005 -25"><span class='ocrx_word' id='word_1_238' title='bbox 339 4316 461 4387; x_wconf 83' lang='lat' dir='ltr'>t’ultra</span> <span class='ocrx_word' id='word_1_239' title='bbox 476 4315 558 4387; x_wconf 64' lang='lat' dir='ltr'>ricc</span> <span class='ocrx_word' id='word_1_240' title='bbox 573 4316 694 4404; x_wconf 80' lang='lat' dir='ltr'>dritta,</span> <span class='ocrx_word' id='word_1_241' title='bbox 707 4334 753 4388; x_wconf 86' lang='lat' dir='ltr'>cx</span> <span class='ocrx_word' id='word_1_242' title='bbox 771 4314 936 4409; x_wconf 90' lang='lat' dir='ltr'>opposito</span> <span class='ocrx_word' id='word_1_243' title='bbox 952 4315 1037 4410; x_wconf 88' lang='lat' dir='ltr'>mei,</span> <span class='ocrx_word' id='word_1_244' title='bbox 1052 4323 1096 4389; x_wconf 89' lang='lat' dir='ltr'>ut</span> <span class='ocrx_word' id='word_1_245' title='bbox 1110 4337 1253 4412; x_wconf 90' lang='lat' dir='ltr'>possem</span> <span class='ocrx_word' id='word_1_246' title='bbox 1269 4324 1368 4393; x_wconf 89' lang='lat' dir='ltr'>recte</span> <span class='ocrx_word' id='word_1_247' title='bbox 1383 4317 1507 4393; x_wconf 82' lang='lat' dir='ltr'>videre</span> 
     </span>
     <span class='ocr_line' id='line_1_30' title="bbox 339 4430 1506 4530; baseline 0.003 -24"><span class='ocrx_word' id='word_1_248' title='bbox 339 4431 500 4506; x_wconf 88' lang='lat' dir='ltr'>studium</span> <span class='ocrx_word' id='word_1_249' title='bbox 526 4432 617 4527; x_wconf 89' lang='lat' dir='ltr'>eius,</span> <span class='ocrx_word' id='word_1_250' title='bbox 640 4435 789 4507; x_wconf 87' lang='lat' dir='ltr'>truendo</span> <span class='ocrx_word' id='word_1_251' title='bbox 801 4430 863 4526; x_wconf 80' lang='lat' dir='ltr'>ptd</span> <span class='ocrx_word' id='word_1_252' title='bbox 880 4436 1002 4526; x_wconf 70' lang='lat' dir='ltr'>colore,</span> <span class='ocrx_word' id='word_1_253' title='bbox 1019 4434 1122 4530; x_wconf 88' lang='lat' dir='ltr'>idest,</span> <span class='ocrx_word' id='word_1_254' title='bbox 1141 4437 1249 4512; x_wconf 88' lang='lat' dir='ltr'>liores</span> <span class='ocrx_word' id='word_1_255' title='bbox 1274 4437 1506 4512; x_wconf 90' lang='lat' dir='ltr'>diversorum</span> 
     </span>
     <span class='ocr_line' id='line_1_31' title="bbox 339 4552 1507 4653; baseline 0.005 -28"><span class='ocrx_word' id='word_1_256' title='bbox 339 4552 518 4646; x_wconf 84' lang='lat' dir='ltr'>colorum,</span> <span class='ocrx_word' id='word_1_257' title='bbox 543 4574 609 4625; x_wconf 86' lang='lat' dir='ltr'>con</span> <span class='ocrx_word' id='word_1_258' title='bbox 633 4555 665 4626; x_wconf 87' lang='lat' dir='ltr'>te</span> <span class='ocrx_word' id='word_1_259' title='bbox 688 4574 748 4626; x_wconf 87' lang='lat' dir='ltr'>sue</span> <span class='ocrx_word' id='word_1_260' title='bbox 772 4558 882 4645; x_wconf 84' lang='lat' dir='ltr'>muni,</span> <span class='ocrx_word' id='word_1_261' title='bbox 907 4556 980 4645; x_wconf 84' lang='lat' dir='ltr'>cte,</span> <span class='ocrx_word' id='word_1_262' title='bbox 1005 4554 1107 4652; x_wconf 68' lang='lat' dir='ltr'>idest,</span> <span class='ocrx_word' id='word_1_263' title='bbox 1135 4578 1228 4652; x_wconf 87' lang='lat' dir='ltr'>quos</span> <span class='ocrx_word' id='word_1_264' title='bbox 1257 4558 1376 4653; x_wconf 86' lang='lat' dir='ltr'>dores,</span> <span class='ocrx_word' id='word_1_265' title='bbox 1403 4560 1507 4632; x_wconf 87' lang='lat' dir='ltr'>t&#39;ottu</span> 
     </span>
     <span class='ocr_line' id='line_1_32' title="bbox 339 4673 1507 4774; baseline 0.007 -29"><span class='ocrx_word' id='word_1_266' title='bbox 339 4678 449 4764; x_wconf 81' lang='lat' dir='ltr'>terra,</span> <span class='ocrx_word' id='word_1_267' title='bbox 475 4693 550 4766; x_wconf 88' lang='lat' dir='ltr'>qua</span> <span class='ocrx_word' id='word_1_268' title='bbox 576 4673 674 4746; x_wconf 90' lang='lat' dir='ltr'>nulla</span> <span class='ocrx_word' id='word_1_269' title='bbox 700 4679 755 4749; x_wconf 89' lang='lat' dir='ltr'>est</span> <span class='ocrx_word' id='word_1_270' title='bbox 780 4674 1271 4770; x_wconf 58' lang='lat' dir='ltr'>ulciscendumque,</span> <span class='ocrx_word' id='word_1_271' title='bbox 1296 4680 1398 4773; x_wconf 90' lang='lat' dir='ltr'>idest,</span> <span class='ocrx_word' id='word_1_272' title='bbox 1419 4699 1507 4774; x_wconf 88' lang='lat' dir='ltr'>pro·</span> 
     </span>
     <span class='ocr_line' id='line_1_33' title="bbox 339 4794 1505 4890; baseline 0.006 -24"><span class='ocrx_word' id='word_1_273' title='bbox 339 4794 606 4867; x_wconf 73' lang='lat' dir='ltr'>ducit—&#39;lte</span> <span class='ocrx_word' id='word_1_274' title='bbox 632 4794 697 4869; x_wconf 90' lang='lat' dir='ltr'>llic</span> <span class='ocrx_word' id='word_1_275' title='bbox 728 4802 832 4890; x_wconf 91' lang='lat' dir='ltr'>poeta</span> <span class='ocrx_word' id='word_1_276' title='bbox 862 4796 1018 4871; x_wconf 91' lang='lat' dir='ltr'>ostendit</span> <span class='ocrx_word' id='word_1_277' title='bbox 1047 4797 1266 4875; x_wconf 89' lang='lat' dir='ltr'>immensam</span> <span class='ocrx_word' id='word_1_278' title='bbox 1296 4799 1505 4875; x_wconf 89' lang='lat' dir='ltr'>aviditatem</span> 
     </span>
    </p>
   </div>
   <div class='ocr_carea' id='block_1_3' title="bbox 402 5051 681 5117">
    <p class='ocr_par' dir='ltr' id='par_1_3' title="bbox 402 5051 681 5117">
     <span class='ocr_line' id='line_1_34' title="bbox 402 5051 681 5117; baseline 0 -12"><span class='ocrx_word' id='word_1_279' title='bbox 402 5051 431 5117; x_wconf 80' lang='lat'>(¹)</span> <span class='ocrx_word' id='word_1_280' title='bbox 447 5053 479 5105; x_wconf 82' lang='grc' dir='ltr'>Ε.</span> <span class='ocrx_word' id='word_1_281' title='bbox 494 5053 681 5107; x_wconf 69' lang='grc' dir='ltr'>(ἱεΙοοηΙιιιιιῐ.</span> 
     </span>
    </p>
   </div>
   <div class='ocr_carea' id='block_1_4' title="bbox 0 0 2183 6692">
    <p class='ocr_par' dir='ltr' id='par_1_4' title="bbox 0 0 2183 6692">
     <span class='ocr_line' id='line_1_35' title="bbox 0 0 2183 6692; baseline 0 0"><span class='ocrx_word' id='word_1_282' title='bbox 0 0 2183 6692; x_wconf 95' lang='lat' dir='ltr'> </span> 
     </span>
    </p>
   </div>
  </div>
 </body>
</html>
