4342 6692
682 866 751 931 124
814 828 824 849 ⁶
1014 875 1221 933 contundunt
1245 876 1465 931 aunuuronn

678 1021 774 1096 bello
794 1020 962 1116 judaico:
990 1021 1195 1116 Pentapolis
1218 1020 1305 1096 olim
1332 1028 1408 1096 tam
1431 1022 1609 1096 fructibus
1629 1044 1742 1116 qnam
1761 1022 1850 1096 sub-

678 1142 809 1215 stantia
834 1142 1022 1216 civitatum
1047 1143 1245 1237 fortunata,
1263 1162 1362 1217 nuuc
1381 1147 1458 1217 tota
1481 1148 1612 1217 exusta
1638 1142 1850 1238 fulminibus

677 1262 809 1337 arsisse
834 1269 1075 1337 memoratur.
1092 1263 1221 1338 lldlruc
1245 1262 1283 1337 in
1308 1284 1354 1338 ea
1375 1262 1460 1338 licet
1476 1263 1602 1340 videre
1620 1264 1792 1357 reliquias
1808 1256 1845 1356 (¹)

679 1381 771 1479 ignis
797 1387 833 1455 et
858 1388 1043 1457 terrarum
1069 1382 1247 1479 imagines
1276 1388 1314 1458 et
1344 1389 1577 1458 renascentes
1602 1383 1639 1457 in
1665 1383 1849 1457 cineribus

679 1501 831 1595 tructus,
859 1502 922 1595 qui
947 1502 1070 1577 colore
1095 1503 1241 1597 quidem
1269 1508 1355 1577 sunt
1379 1502 1577 1577 virentium
1596 1503 1742 1598 similes,
1765 1524 1849 1578 car-

677 1622 842 1717 pentium
875 1643 965 1697 vero
996 1622 1165 1697 manibus
1202 1623 1240 1697 in
1275 1622 1420 1698 iumum
1454 1622 1702 1698 dissolvuntur
1727 1631 1764 1699 et
1795 1624 1849 1698 ci-

678 1763 796 1818 neres.
823 1742 920 1818 ldem
947 1742 1032 1817 dicit
1061 1743 1297 1840 Augustinus.
1327 1744 1371 1817 lit
1403 1744 1503 1837 quod
1532 1765 1606 1818 non
1634 1744 1757 1818 minus
1779 1744 1848 1817 mi·

678 1863 834 1937 randum
863 1862 1006 1937 videtur
1023 1862 1109 1937 dicit
1127 1864 1384 1960 Hieronymus,
1407 1865 1507 1957 quod
1525 1871 1631 1940 nocte
1648 1885 1722 1959 qua
1740 1870 1848 1938 natus

678 1990 732 2059 est
757 1982 919 2057 Christus
944 1982 1133 2058 sodomita
1158 1972 1307 2058 extincti
1332 1992 1430 2079 sunt,
1448 2006 1495 2059 ne
1509 1976 1548 2077 (²)
1570 1984 1734 2060 Christus
1759 2007 1845 2060 cnm

678 2104 775 2177 veuit
801 2104 837 2177 in
863 2103 984 2179 lucem
1011 2104 1191 2179 inveniret
1216 2111 1388 2179 naturam
1410 2107 1612 2179 humanam
1635 2111 1711 2180 tam
1728 2108 1848 2202 pollu-

677 2230 765 2299 tam.
792 2225 836 2298 Et
860 2222 963 2298 dicit:
993 2247 1013 2297 e
1045 2228 1066 2298 t’
1080 2228 1189 2317 ulau,
1222 2226 1368 2319 scilicet,
1394 2245 1485 2321 gens
1517 2225 1635 2319 omma
1665 2226 1847 2302 clamabat

677 2344 851 2441 detegens
877 2365 986 2419 suum
1013 2346 1203 2442 flagitium,
1221 2346 1366 2440 scilicet,
1385 2345 1619 2439 bestialitatis
1646 2347 1845 2423 extendens

678 2485 784 2538 suam
816 2463 1000 2538 libidinem
1035 2465 1081 2539 ad
1113 2471 1316 2559 utrumqne
1349 2486 1499 2559 sexnm3
1536 2468 1666 2561 Pusise,
1698 2458 1846 2559 urorl³l

677 2584 804 2658 Minois
830 2591 987 2680 urgente
1012 2586 1162 2659 llamma
1187 2584 1358 2680 luxuria,
1385 2579 1486 2659 cnud
1509 2588 1602 2660 nella
1627 2608 1747 2681 cocco,
1776 2588 1846 2662 sci-

680 2705 773 2799 licet,
790 2704 1031 2799 artificiatam,
1043 2700 1174 2797 percbe'
1189 2709 1215 2779 'l
1237 2708 1373 2797 lorello,
1391 2706 1536 2799 scilicet,
1554 2727 1691 2801 parvus
1716 2713 1846 2781 taurus

673 2824 832 2922 juvenis,
859 2824 1004 2917 scilicet,
1029 2824 1178 2919 vitulus,
1204 2846 1314 2898 corru
1338 2846 1362 2897 a
1386 2846 1453 2898 suu
1473 2827 1638 2918 tassaria,
1665 2825 1764 2919 qnod
1789 2826 1846 2899 ri·

676 2942 785 3018 detur
809 2964 942 3019 verum
968 2944 1089 3019 luisse.
1117 2943 1219 3017 Unde
1244 2944 1410 3019 Valerius
1437 2944 1561 3019 scribit
1590 2944 1689 3039 quod
1716 2951 1846 3019 taurus

676 3064 774 3159 apud
786 3065 985 3161 Syracusas
1002 3065 1214 3160 compulsus
1231 3065 1349 3139 estad
1366 3084 1533 3139 amorem
1551 3072 1589 3139 et
1606 3066 1843 3139 concubitum

676 3204 788 3259 aeneae
814 3205 935 3259 vaccae
963 3184 1083 3257 nimiae
1110 3182 1352 3258 similitudinis
1369 3183 1673 3259 incitamento-
1688 3189 1762 3259 Pol.
1781 3186 1845 3260 llic

675 3305 806 3379 ultimo
823 3311 929 3401 poeta
947 3306 1048 3401 ponit
1065 3324 1253 3380 recessum
1267 3304 1414 3379 illarum
1431 3304 1641 3379 animarum
1659 3326 1726 3401 per
1744 3327 1846 3381 com·

675 3407 904 3520 parationem
939 3424 1124 3520 propriam
1160 3430 1197 3498 et
1228 3424 1383 3518 claram,
1413 3424 1464 3499 ita
1495 3424 1593 3500 enim
1625 3425 1845 3501 recedebant

676 3551 777 3618 recta
801 3544 897 3619 linea
922 3564 1052 3619 versus
1077 3544 1240 3619 diversas
1265 3548 1387 3638 partes
1412 3544 1506 3618 sicut
1530 3550 1720 3619 venerant.
1745 3544 1847 3619 Unde

675 3664 780 3757 dicit:
813 3668 879 3738 Pot
911 3668 1017 3739 runa
1045 3672 1157 3756 deute,
1190 3685 1275 3759 quae
1304 3664 1522 3739 secundario
1550 3665 1774 3739 advenerant
1795 3654 1845 3758 (⁴),

675 3805 736 3857 seu
761 3806 820 3877 ou,
846 3784 947 3879 idest,
975 3784 1124 3879 recedit,
1149 3787 1172 3858 t’
1184 3788 1292 3876 ultra
1322 3784 1468 3877 scilicet,
1495 3784 1625 3878 prima,
1649 3806 1710 3857 sca
1736 3787 1844 3875 abac,

676 3912 718 3979 ut
743 3905 970 3981 reinveniant
987 3926 1053 3979 nos
1079 3911 1116 3979 et
1140 3905 1291 3979 audiant
1317 3924 1378 3979 me
1403 3905 1626 3999 loquentem,
1644 3926 1740 3977 come
1757 3925 1846 3995 urae

674 4027 736 4099 cite
760 4028 916 4099 uolasse·
937 4031 1040 4118 parte
1057 4027 1126 4099 ulte
1143 4032 1329 4116 mmtuoue
1345 4028 1432 4118 ilisa.
1452 4026 1527 4097 lloc
1545 4031 1599 4098 ert
1617 4024 1740 4098 dicere
1757 4043 1843 4097 ver-

675 4170 738 4221 sus
765 4146 1068 4241 septentrionem3
1087 4152 1230 4219 montes
1248 4146 1345 4219 enim
1364 4145 1480 4239 ripbei
1506 4152 1591 4220 sunt
1617 4144 1653 4217 in
1677 4144 1843 4240 partibus

674 4268 852 4364 aquilonis
879 4265 948 4341 sub
973 4274 1099 4341 nostro
1124 4267 1228 4362 pulu;
1251 4272 1354 4358 purte
1382 4261 1482 4338 inodr
1512 4268 1668 4356 torem,
1694 4264 1841 4359 scilicet,

674 4386 890 4481 meridiem3
919 4394 1046 4479 queste,
1079 4385 1227 4479 scilicet,
1260 4406 1344 4479 quae
1377 4386 1502 4459 volant
1534 4404 1666 4459 versus
1698 4404 1841 4478 arenas,

672 4511 778 4603 sallisa
797 4510 854 4581 del
872 4510 975 4601 uicto,
996 4506 1099 4601 idest,
1118 4506 1272 4580 vitantes
1298 4506 1414 4601 frigus
1439 4504 1704 4600 septentrionis,
1723 4507 1843 4597 quelle,

673 4628 818 4717 scilicet,
849 4648 933 4721 qnae
967 4627 1092 4700 volant
1123 4646 1253 4699 versus
1288 4631 1430 4700 montes
1464 4624 1620 4719 ripheos,
1653 4627 1758 4719 salise
1788 4628 1846 4698 dal

735 4854 762 4916 ι’)
780 4861 833 4915 tl'l.
850 4858 947 4921 aliquas
963 4858 1027 4921 ignis
1043 4864 1069 4908 ot
1081 4842 1217 4910 'terrarum
1234 4857 1366 4921 imagines

737 4930 764 4993 ζ’)
781 4932 811 4983 Ε.
827 4946 860 4983 ne
876 4934 1001 4985 Dominus
1016 4940 1105 4984 noster
1120 4934 1195 4984 lesus
1210 4933 1335 4983 Christus.

737 5010 763 5070 ζ’)
780 5008 810 5059 Ε.
828 5024 894 5061 uror
909 5010 977 5075 regis
992 5011 1095 5063 Minois.
1282 5010 1311 5074 d>
1327 5010 1356 5062 E.
1374 5010 1521 5063 advenerat.
