4342 6692
670 905 716 969 24
1025 915 1231 970 GOMENTUM
1255 914 1474 970 ruuunnonu

667 1064 712 1133 ιη’
727 1063 871 1134 onwan
895 1053 925 1133 si
949 1062 1008 1132 ebe
1032 1064 1175 1152 sepoioo
1198 1065 1236 1133 in
1260 1082 1314 1154 su,
1352 1081 1419 1155 per
1444 1061 1580 1135 scalam
1606 1061 1785 1156 quintam,
1812 1063 1838 1134 it

665 1183 778 1274 spiriti
810 1183 928 1272 veloci,
959 1181 1106 1276 seilicet,
1142 1174 1332 1278 Virgilium
1363 1186 1401 1255 et
1432 1179 1600 1274 Statium,
1635 1180 1698 1273 qui
1731 1189 1837 1254 erant

666 1303 743 1376 sine
768 1301 947 1398 gravitate
978 1303 1109 1396 earnis,
1134 1307 1171 1376 et
1203 1301 1412 1375 babuerunt
1437 1306 1570 1396 praesto
1600 1300 1767 1398 ingenia3
1798 1306 1837 1375 et

667 1424 770 1498 dicit:
801 1445 910 1496 senza
939 1426 1042 1495 otono
1073 1423 1217 1495 labore:
1249 1421 1427 1519 intelligas
1458 1441 1524 1517 per
1556 1428 1763 1517 respectum
1788 1420 1836 1495 ad

667 1545 757 1618 alios
782 1541 957 1636 circulos5
984 1552 1021 1619 et
1046 1542 1132 1636 quia
1159 1543 1351 1635 bucusque
1382 1541 1509 1614 babuit
1541 1549 1684 1615 tantum
1717 1560 1834 1614 unum

667 1665 813 1757 ducem,
839 1662 1031 1757 Virgilium
1045 1655 1095 1756 (¹),
1122 1681 1220 1736 nunc
1246 1681 1336 1736 vero
1363 1661 1520 1736 babebat
1539 1661 1665 1755 alium,
1686 1661 1833 1755 scilicet,

668 1783 836 1877 Statium,
858 1782 921 1876 qui
946 1781 1167 1874 loquebatur
1191 1787 1267 1855 tam
1285 1780 1440 1855 dulciter
1457 1801 1542 1855 curn
1561 1801 1710 1854 summo
1728 1785 1834 1875 poeta
1952 1843 1962 1860 .

667 1902 828 1998 Virgilio,
854 1902 952 1994 qnod
979 1902 1113 1975 Dentes
1138 1922 1211 1974 non
1236 1901 1415 1976 sentiebat
1439 1901 1604 1976 laborem
1631 1902 1711 1996 riae,
1730 1901 1835 1995 quasi

667 2029 831 2118 portatus
854 2043 877 2096 a
895 2021 1062 2096 vehiculo
1088 2021 1268 2096 sermonis
1293 2041 1438 2116 eorum,
1455 2022 1635 2096 utstatim
1655 2023 1844 2118 sequitur„

666 2181 716 2195 -
733 2143 891 2229 Quando.
917 2141 982 2214 llio
1007 2148 1114 2236 poeta
1145 2140 1244 2235 ponit
1274 2141 1433 2214 nobilem
1464 2143 1668 2217 orationem
1696 2141 1833 2239 Virgilii

666 2261 712 2336 ad
730 2260 898 2355 Statium,
917 2260 979 2354 qni
998 2261 1118 2356 primo
1133 2260 1179 2334 ad
1196 2261 1412 2356 captandam
1432 2262 1723 2336 benevolentiam
1740 2283 1836 2358 prae-

669 2383 778 2456 mittit
802 2381 997 2456 notabilem
1026 2381 1242 2456 sententiam
1267 2381 1315 2456 de
1339 2403 1469 2456 amore
1493 2384 1657 2476 bonesto,
1676 2402 1760 2475 quae
1780 2390 1836 2470 est

669 2503 767 2599 quod
792 2522 899 2576 amor
924 2501 1068 2575 virtutis
1094 2497 1203 2575 babet
1229 2500 1323 2575 banc
1348 2507 1532 2595 potentem
1558 2501 1833 2596 proprietatem,

670 2622 769 2718 quod
794 2621 890 2719 cogit
915 2640 1060 2715 semper
1085 2626 1250 2695 amatum
1276 2620 1471 2696 redamare
1499 2629 1698 2716 amantem,
1725 2621 1835 2695 dnm·

667 2742 777 2817 modo
801 2761 909 2815 amor
933 2747 1107 2836 appareat
1132 2747 1236 2815 extra
1258 2761 1324 2836 per
1343 2741 1491 2836 aliquod
1508 2742 1656 2816 evidens
1675 2742 1832 2839 signum.

668 2862 761 2938 llicit
785 2881 876 2956 ergo
901 2867 1025 2956 poeta:
1054 2861 1103 2934 ita
1119 2860 1219 2934 ibam
1235 2861 1421 2956 velociter,
1439 2865 1581 2953 quondo
1607 2866 1750 2954 Vtrqttto
1773 2883 1834 2935 co-

668 2974 807 3071 miocid,
825 2981 963 3075 supple,
989 2980 1112 3054 dicere
1138 2974 1267 3054 versus
1291 2982 1468 3056 Statium:
1487 2988 1766 3070 datorationem
1784 2984 1833 3054 do

668 3097 764 3174 veriti
788 3121 924 3192 sempre
941 3102 1025 3172 ultro¹
1039 3121 1169 3190 aorese,
1186 3099 1231 3174 ad
1260 3100 1480 3176 reddendam
1498 3102 1564 3176 sibi
1585 3103 1717 3196 vicem,
1735 3102 1833 3196 quod

667 3241 740 3294 non
765 3219 850 3312 lacit
874 3239 980 3293 amor
1005 3219 1090 3293 boni
1117 3219 1213 3293 utilis
1238 3221 1297 3295 rel
1322 3221 1561 3317 delectabilis;
1586 3229 1624 3297 et
1648 3221 1743 3297 sorte
1768 3222 1834 3296 ista

667 3340 797 3436 regula
823 3358 895 3411 non
920 3344 976 3413 est
1000 3358 1146 3433 semper
1171 3360 1259 3414 vera
1285 3340 1444 3414 inbono
1473 3341 1641 3435 bonesto;
1668 3348 1704 3416 et
1729 3341 1833 3415 dicit:

661 3479 736 3553 pur
761 3460 821 3530 obe
845 3463 881 3532 la
903 3461 1050 3552 flammo
1066 3478 1145 3550 suo,
1162 3459 1264 3552 idest,
1282 3459 1445 3552 effectus,
1462 3482 1609 3551 parasse
1629 3465 1746 3555 suere,
1766 3461 1836 3536 sci·

665 3580 760 3672 licet,
786 3598 852 3673 per
877 3599 1001 3674 opera.
1029 3579 1132 3654 Unde
1157 3579 1324 3653 ridemus
1347 3580 1445 3673 quod
1465 3599 1562 3675 saepe
1578 3581 1762 3678 diligimus
1779 3584 1835 3658 vi-

667 3721 752 3773 rum
779 3699 998 3792 virtuosum,
1024 3699 1194 3791 quamvis
1219 3720 1292 3774 non
1310 3699 1429 3772 visum
1448 3701 1507 3774 vel
1524 3701 1724 3797 cognitum,
1742 3702 1836 3777 sicut

668 3827 706 3896 et
737 3839 807 3916 ego
838 3818 948 3915 diligo
980 3820 1135 3893 Dantem
1168 3827 1368 3893 mortuum.
1398 3819 1444 3894 Et
1475 3821 1630 3917 applicat
1661 3821 1832 3920 Virgilius

668 3940 774 4014 istam
800 3940 1015 4014 sententiam
1044 3939 1091 4013 ad
1123 3939 1360 4034 propositum,
1386 3946 1424 4015 et
1452 3940 1537 4016 dicit
1566 3942 1664 4035 quod
1698 3944 1835 4019 amavit

668 4059 786 4155 ipsum
813 4059 968 4132 Statium
990 4059 1069 4153 J'am
1096 4080 1163 4153 per
1181 4061 1297 4133 multa
1315 4061 1461 4154 saecula,
1479 4061 1648 4154 quamvis
1672 4083 1746 4136 non
1771 4083 1835 4138 oo-

667 4179 811 4276 gnitnm
837 4178 903 4251 sibi
929 4178 996 4252 nisi
1023 4179 1199 4254 relatione
1223 4180 1386 4254 alterins.
1413 4179 1503 4254 llicit
1527 4201 1636 4278 ergo:
1656 4185 1746 4256 obde
1763 4187 1835 4257 mio

668 4300 946 4389 dnaeooptieoza,
974 4304 1116 4392 mutua,
1140 4302 1180 4392 fu
1200 4284 1356 4372 io'verso
1372 4306 1417 4391 te,
1435 4299 1527 4392 talis,
1552 4301 1834 4398 qualemlibet,

667 4417 930 4511 benevolentia,
956 4421 994 4492 dt
1014 4439 1171 4510 persono
1199 4439 1272 4492 non
1303 4421 1406 4509 obla,
1443 4439 1516 4492 non
1547 4418 1644 4514 visae,
1670 4441 1744 4495 non
1768 4443 1833 4498 oo-

667 4536 788 4632 gnitae,
809 4533 873 4630 piri
897 4542 1022 4612 almuse
1047 4541 1133 4629 mai,
1163 4537 1325 4631 aliquem
1357 4545 1564 4631 amantem3
1600 4539 1698 4615 unde
1728 4540 1833 4615 dicit:

665 4650 695 4730 si
719 4661 770 4732 elt'
783 4678 827 4731 or
852 4663 901 4732 rui
916 4679 1060 4752 porron
1077 4665 1172 4732 corte
1188 4665 1303 4752 questo
1317 4661 1423 4751 scole,
1447 4680 1532 4752 qum
1549 4665 1688 4735 restant
1703 4681 1834 4737 asnen-

665 4770 858 4872 dendae(²),
891 4779 940 4852 ita
962 4773 1069 4873 ¹quod
1102 4779 1228 4853 saliam
1258 4779 1392 4854 amodo
1422 4779 1500 4854 sine
1524 4779 1661 4856 labore.
1692 4782 1736 4855 lit
1765 4782 1834 4857 boc

714 5027 756 5093 ·(¹)
772 5029 803 5080 E.
819 5029 917 5082 seilicet
933 5031 1078 5094 Virgilium.
1333 5031 1363 5097 ρ)
1378 5035 1410 5086 Β,
1425 5035 1453 5085 tn
1469 5035 1638 5087 mmo,
