4342 6692
669 802 715 869 76
1027 814 1232 872 comarum
1257 817 1477 872 ruaouronu

667 962 723 1034 c'l
745 980 838 1033 rcooo
865 962 1001 1052 ctiodo,
1022 960 1126 1056 idest,
1145 961 1402 1057 retinaculum,
1418 964 1479 1035 cte
1493 964 1665 1037 ratennc't
1688 966 1837 1037 Notoio:

667 1080 734 1155 iste
751 1088 903 1155 vocatus
923 1086 978 1156 est
994 1081 1152 1155 lacobus
1171 1082 1219 1157 de
1235 1081 1413 1175 Alentiuo,
1430 1089 1468 1156 et
1493 1102 1560 1177 per
1584 1083 1837 1158 excellentiam

669 1209 818 1298 propter
832 1201 1091 1298 perfectionem
1108 1201 1197 1278 artis
1213 1202 1332 1277 dictus
1349 1208 1405 1277 est
1418 1202 1607 1277 Notarius:
1624 1225 1643 1277 e
1658 1206 1838 1298 cotom

668 1322 736 1427 iste
764 1327 915 1398 vocatus
941 1328 996 1396 est
1018 1321 1133 1397 irater
1155 1321 1350 1396 Guittouus
1374 1321 1421 1397 de
1446 1322 1576 1398 Aretio-
1595 1323 1840 1419 pulcerrimus

671 1440 840 1516 inventor
865 1441 901 1515 in
927 1440 1052 1538 lingua
1070 1449 1249 1536 materna,
1268 1461 1340 1515 nou
1366 1448 1442 1516 tam
1464 1442 1605 1517 ratione
1626 1442 1707 1538 stili,
1725 1462 1838 1538 quam

670 1562 841 1659 gravium
864 1562 1144 1657 sententiarum,
1161 1562 1297 1656 quibus
1314 1584 1403 1637 usus
1423 1563 1491 1636 luit
1516 1562 1553 1637 in
1578 1563 1685 1638 nudis
1705 1562 1838 1659 verbis,

670 1684 775 1760 cuius
792 1684 927 1757 librum
946 1703 1016 1780 ego
1029 1682 1112 1777 vidi,
1131 1705 1150 1757 c
1166 1705 1233 1774 me,
1249 1683 1397 1778 scilicet,
1418 1684 1697 1780 Bouagiuutam,
1715 1686 1753 1757 di
1769 1702 1840 1776 quo

671 1808 734 1879 dot
748 1808 845 1877 dolce
860 1806 920 1877 stit
937 1824 1054 1876 nuovo
1070 1806 1122 1877 ct'
1134 1808 1169 1877 io
1189 1807 1272 1894 odo,
1290 1804 1392 1899 idest,
1410 1803 1508 1879 circa
1526 1804 1652 1879 stilum
1673 1815 1838 1881 restrum

671 1912 829 2019 dulcem,
849 1923 954 2018 quasi
970 1924 1084 1999 dicat:
1112 1925 1235 1998 nullus
1260 1931 1427 1999 nostrum
1445 1923 1562 2020 potuit
1584 1924 1765 2022 attingere
1785 1926 1840 1999 al-

670 2052 749 2120 tum
764 2052 801 2119 et
813 2044 1065 2120 delectabilem
1079 2044 1230 2119 modum
1248 2045 1385 2120 Dentis.
1402 2044 1446 2117 Et
1462 2044 1583 2120 subdit
1599 2046 1838 2143 Bonagiunta,

669 2188 710 2242 se
734 2166 944 2241 declarans:
962 2168 997 2239 to
1013 2168 1138 2258 ceppio
1154 2166 1219 2238 ten
1238 2187 1335 2239 come
1359 2170 1390 2239 te
1414 2173 1530 2239 vosne
1549 2187 1677 2259 penam,
1694 2165 1731 2239 iu
1748 2166 1840 2240 scri·

628 2354 630 2359 .
672 2285 802 2379 bonde,
828 2306 888 2358 sen
914 2306 1033 2359 vanno
1056 2292 1184 2379 strette,
1214 2307 1288 2361 uon
1314 2291 1501 2382 vagantes,
1527 2288 1565 2360 di
1586 2294 1684 2359 retro
1708 2288 1748 2359 ol
1769 2287 1838 2359 dit-

671 2413 776 2499 totor,
805 2404 906 2499 idest,
932 2426 1114 2499 amorem,
1139 2407 1234 2481 sicut
1251 2406 1329 2501 jam
1348 2406 1479 2500 dixisti,
1497 2406 1594 2502 quod
1609 2399 1646 2498 (¹)
1664 2407 1760 2482 soles
1784 2406 1839 2481 la-

673 2546 759 2601 cere
784 2526 986 2600 secuudum
1012 2526 1111 2620 quod
1136 2547 1243 2601 amor
1259 2526 1370 2602 dictat
1387 2527 1470 2621 tibi,
1492 2526 1596 2620 qrrasi
1615 2526 1728 2601 dicat:
1746 2527 1840 2603 bene

673 2646 830 2723 ostendis
856 2646 953 2740 quod
979 2646 1027 2719 sis
1052 2646 1190 2721 calidus
1214 2666 1344 2721 amore
1364 2647 1511 2740 quaudo
1528 2645 1656 2721 scribis
1673 2667 1758 2721 cum
1777 2667 1839 2721 ar·

671 2767 768 2842 denti
795 2764 952 2861 ingenio,
969 2764 1064 2839 sicut
1087 2767 1180 2843 solet
1195 2766 1265 2840 dici
1282 2765 1494 2863 vulgariter,
1515 2765 1615 2861 quod
1636 2766 1733 2840 male
1751 2786 1839 2839 cau-

670 2894 722 2963 tat
746 2887 792 2962 de
817 2906 945 2961 amore
971 2886 1034 2980 qui
1059 2907 1134 2960 non
1159 2886 1277 2961 sentit.
1310 2887 1394 2962 ldeo
1419 2887 1514 2962 bene
1539 2892 1733 2961 cantarunt
1757 2885 1840 2959 Vir·

669 3007 788 3106 gilius,
807 3008 955 3083 Ovidius
980 3014 1017 3083 et
1041 3007 1103 3081 alii
1128 3014 1245 3102 poetae
1269 3007 1422 3103 antiqui,
1440 3014 1478 3081 et
1501 3006 1644 3101 Sappho
1662 3005 1838 3102 poetissa3

669 3135 707 3204 et
733 3133 773 3202 ut
799 3128 930 3203 melius
955 3127 1000 3201 sit
1026 3126 1251 3223 exemplum,
1269 3126 1489 3201 novissimus
1508 3132 1616 3222 poeta
1641 3126 1840 3203 Petrarclra

669 3269 743 3323 non
769 3254 844 3320 tam
870 3246 1020 3344 egregie
1045 3247 1244 3342 scripsisset
1262 3246 1300 3320 in
1317 3247 1386 3321 isto
1406 3246 1486 3321 stilo
1504 3246 1570 3320 nisi
1590 3267 1698 3321 amor
1716 3247 1840 3323 incen-

669 3367 780 3443 disset
805 3380 919 3460 eum3‘
938 3374 975 3443 et
1000 3367 1103 3442 dicit:
1130 3370 1189 3440 cte
1213 3369 1300 3441 delle
1324 3374 1442 3439 nostre
1461 3374 1555 3440 certo
1574 3388 1646 3439 non
1671 3364 1839 3461 noemae,

670 3495 712 3562 ut
738 3488 874 3563 scilicet
894 3494 1033 3562 nostrae
1058 3506 1189 3584 pennae
1220 3492 1450 3561 sectarentur
1482 3486 1709 3581 dictatorem,
1735 3488 1840 3582 quasi

671 3607 785 3683 dicat:
812 3606 914 3681 stilus
939 3610 1064 3682 noster
1090 3607 1235 3682 videtur
1260 3606 1420 3702 frigidus.
1447 3608 1491 3681 Et
1517 3607 1693 3702 lricnota,
1712 3610 1838 3704 lector,

671 3727 769 3823 quod
796 3726 899 3821 quasi
925 3747 1053 3801 omnes
1079 3727 1137 3801 hic
1163 3726 1339 3801 falluntur
1363 3747 1430 3822 per
1460 3747 1639 3821 errorem,
1666 3728 1838 3823 dicentes,

671 3846 769 3943 quod
794 3866 860 3941 per
885 3846 1101 3921 dictatorem
1128 3847 1237 3923 debet
1262 3846 1411 3942 intelligi
1428 3845 1567 3921 Tullius
1590 3868 1760 3921 summus
1784 3848 1839 3923 di·

669 3974 788 4044 ctator
813 3974 850 4041 et
875 3974 1021 4063 orator3
1048 3968 1111 4043 sed
1137 3968 1225 4042 nihil
1248 3966 1296 4042 ad
1321 3967 1559 4063 propositum,
1585 3968 1672 4062 quia
1701 3968 1748 4044 de
1777 3968 1838 4043 tali

668 4088 864 4163 dictamine
889 4107 962 4161 non
987 4088 1151 4183 loquitur
1176 4086 1235 4163 hic
1258 4086 1338 4180 iste,
1356 4107 1425 4162 uec
1451 4077 1569 4180 luit(¹)
1595 4086 1839 4163 nominandus

669 4206 726 4282 liic
753 4209 849 4282 inter
873 4207 960 4283 istos
987 4214 1183 4303 potatores,
1200 4206 1265 4281 sed
1282 4207 1414 4281 melius
1431 4206 1524 4280 lilius
1541 4206 1621 4282 eius
1636 4206 1776 4303 Cicero,
1793 4207 1839 4282 de

668 4349 744 4424 quo
769 4328 854 4403 dicit
884 4328 1022 4402 Plinius
1056 4328 1155 4422 quod
1181 4327 1296 4402 voluit
1324 4327 1474 4402 aulerre
1505 4327 1660 4423 gloriam
1680 4327 1838 4404 -bibendi

668 4451 791 4523 Marco
816 4448 972 4522 Antonio
999 4447 1353 4543 interlectoripatris
1370 4448 1439 4542 sui,
1457 4448 1623 4542 quiante
1647 4469 1735 4523 eum
1761 4450 1840 4524 avi·

669 4568 815 4644 dissime
840 4568 1077 4665 apprehendit
1103 4570 1263 4664 palmam
1289 4568 1446 4663 bibendi,
1467 4568 1563 4643 sacto
1586 4569 1774 4645 volumine
1793 4570 1839 4647 de

670 4708 736 4763 sua
762 4689 949 4763 ebrietate.
977 4689 1022 4762 Et
1047 4688 1177 4762 ultimo
1202 4688 1430 4784 Bouagiunta
1451 4689 1574 4785 arguit
1593 4688 1698 4782 quasi
1715 4710 1762 4763 ex
1783 4690 1840 4764 iu·

731 4878 759 4939 (¹)
774 4876 805 4925 E.
822 4876 920 4927 scilicet
935 4877 1004 4941 quod
1021 4877 1088 4928 soles
1104 4876 1190 4927 lacere
1205 4876 1273 4927 sicut
1287 4882 1314 4928 et
1330 4878 1481 4927 meandum.

733 4951 760 5016 (¹)
777 4954 808 5004 B.
824 4966 873 5004 nec
888 4953 939 5006 l'ult
954 4955 997 5007 lric
1012 4955 1082 5006 luter
1097 4956 1167 5006 istos.
1250 5020 1253 5027 Ι
