4342 6692
702 861 774 930 llll
1092 874 1296 933 comaron
1321 876 1488 931 rnannrsr

700 1018 806 1095 sedes
825 1019 924 1095 enim
951 1020 1095 1116 imperii
1115 1020 1182 1095 luit
1199 1021 1261 1096 diu
1280 1022 1408 1096 Rornae
1425 1021 1523 1094 ultra
1544 1027 1726 1096 tercentos
1745 1041 1873 1117 annos,

699 1138 797 1235 apud
829 1160 972 1236 grecos
1006 1140 1075 1214 luit
1109 1140 1257 1236 diutins,
1290 1140 1427 1215 scilicet
1461 1141 1557 1215 ultra
1588 1140 1872 1239 quadringentos

701 1280 838 1354 annos3
854 1260 954 1355 apud
968 1262 1084 1357 gallos
1102 1281 1247 1357 parum,
1266 1261 1402 1337 scilicet
1419 1262 1517 1337 ultra
1535 1266 1683 1337 centnm
1701 1254 1758 1355 (ῆς
1775 1261 1871 1358 apud

700 1380 915 1455 alamannos
947 1380 1119 1476 multum,
1149 1381 1236 1477 quia
1262 1382 1360 1455 ultra
1395 1388 1578 1457 tercentos
1608 1401 1725 1457 annos
1756 1402 1875 1476 usque

700 1499 808 1575 hodie
834 1508 975 1597 regnat,
1002 1505 1115 1576 oiciw
1141 1506 1179 1576 ai
1202 1506 1322 1597 monti,
1350 1501 1497 1597 scilicet,
1524 1501 1703 1599 Phrygio,
1721 1504 1775 1575 dr'
1792 1505 1876 1595 quoi

695 1624 819 1713 prinm
841 1614 948 1714 nodo,
975 1623 1122 1717 quando
1148 1630 1293 1719 portata
1315 1624 1384 1698 luit
1400 1623 1448 1698 ab
1464 1624 1563 1698 linea
1579 1644 1602 1697 a
1623 1624 1731 1699 Troia
1748 1624 1785 1697 in
1802 1626 1874 1699 lta·

700 1739 799 1835 liam,
825 1742 995 1836 quamvis
1020 1744 1141 1839 primo
1166 1743 1278 1819 luerit
1301 1744 1339 1818 in
1364 1744 1472 1819 Creta
1502 1743 1598 1839 apud
1624 1744 1763 1839 lovem,
1791 1744 1872 1820 ideo

700 1867 822 1955 posset
846 1863 956 1937 etiam
983 1864 1134 1961 intelligi
1163 1865 1210 1940 de
1243 1864 1429 1939 montibus
1458 1865 1586 1939 Crete.
1620 1865 1663 1939 Et
1695 1867 1762 1940 lroc
1790 1865 1871 1942 dico

699 1981 786 2055 luit:
809 1988 933 2075 pescia
956 1987 1015 2058 cle
1044 1989 1247 2060 Constantia
1271 1988 1549 2078 laoconense,
1570 1984 1672 2080 idest,
1691 1986 1873 2060 transtulit

699 2102 895 2198 imperium
921 2105 958 2178 in
983 2104 1174 2181 Graeciam.
1193 2106 1246 2181 De
1270 2104 1491 2181 Constantini
1510 2106 1705 2181 virtutibus
1730 2114 1768 2181 et
1792 2108 1874 2181 lan-

698 2221 805 2296 dibus
822 2222 964 2298 dicetur
984 2225 1078 2299 inlra
1095 2226 1132 2299 in
1145 2226 1216 2301 alio
1230 2226 1389 2321 capitulo
1408 2226 1517 2301 liuius
1540 2226 1640 2299 libri:
1654 2233 1690 2301 et
1703 2226 1789 2302 dicit
1806 2248 1873 2302 no-

699 2347 839 2417 tanter:
865 2353 990 2418 contro
1005 2349 1031 2419 't
1053 2368 1158 2419 corso
1175 2350 1231 2419 del
1245 2349 1318 2421 ciel.
1336 2344 1440 2421 Unde
1460 2353 1546 2421 nota
1564 2346 1663 2440 qnod
1683 2346 1750 2422 ista
1767 2347 1871 2423 litera

699 2470 816 2557 potest
845 2465 994 2564 intelligi
1028 2467 1236 2562 dupliciter;
1270 2488 1345 2541 uno
1378 2466 1488 2540 modo
1517 2466 1700 2561 historico,
1726 2468 1871 2563 scilicet,

699 2585 798 2681 quod
823 2588 945 2681 aquila
971 2595 1115 2683 portata
1146 2588 1193 2663 ab
1223 2589 1322 2663 Enea
1353 2588 1401 2663 ab
1433 2587 1516 2661 Asia
1546 2588 1583 2662 in
1608 2588 1748 2663 ltaliam
1775 2588 1873 2663 venit

699 2726 785 2779 cnm
811 2726 922 2781 cursu
950 2707 1045 2801 coeli,
1064 2708 1151 2801 quia
1169 2708 1305 2784 scilicet
1328 2708 1375 2783 ab
1396 2708 1538 2783 oriente
1562 2708 1599 2781 in
1625 2708 1871 2803 occidentem3

699 2827 846 2920 qnando
872 2848 962 2903 vero
988 2828 1055 2902 luit
1080 2834 1265 2923 reportata
1291 2848 1356 2923 per
1386 2828 1663 2904 Constantinum
1694 2829 1740 2903 de
1770 2829 1871 2905 ltalia

699 2946 735 3020 in
760 2946 939 3022 Graeciam
966 2948 1031 3022 ivit
1055 2954 1183 3023 contra
1206 2968 1357 3023 cursum
1376 2949 1472 3043 coelt,
1489 2948 1576 3043 quia
1594 2948 1727 3024 scilicet
1744 2948 1791 3023 ab
1808 2970 1869 3025 oc·

698 3067 842 3142 cidente
866 3068 903 3141 in
928 3068 1128 3143 orientem:
1149 3069 1222 3143 alio
1241 3069 1349 3144 modo
1368 3076 1486 3165 potest
1506 3069 1655 3165 intelligi
1676 3070 1872 3167 allegorice

698 3190 797 3283 quod
822 3190 946 3284 aquila
971 3190 1091 3284 primo
1117 3195 1260 3285 portata
1291 3190 1329 3263 in
1361 3190 1461 3265 ltalia
1498 3190 1595 3264 venit
1628 3210 1715 3264 cnm
1747 3189 1872 3265 lavore

698 3310 782 3385 coeli
807 3316 844 3385 et
869 3330 1017 3406 semper
1042 3311 1200 3385 exaltata
1221 3316 1296 3404 est3
1315 3309 1569 3406 quandovero
1596 3309 1662 3383 luit
1687 3315 1872 3406 reportata

698 3429 827 3504 habuit
847 3431 1074 3505 contrarium
1094 3451 1246 3506 cursum
1266 3430 1361 3523 coeli,
1388 3430 1474 3524 quia
1495 3450 1642 3526 semper
1659 3429 1870 3524 declinarit3

698 3557 736 3625 et
764 3548 876 3624 crello
910 3551 1009 3643 qnod
1040 3550 1108 3626 ista
1141 3551 1252 3625 luerit
1286 3550 1437 3626 intentio
1471 3551 1629 3625 autoris:
1659 3552 1722 3626 sed
1752 3551 1869 3646 prima

698 3669 876 3765 expositio
901 3670 1047 3746 videtur
1072 3672 1213 3765 melior,
1235 3671 1320 3765 quia
1335 3662 1372 3763 (²)
1395 3678 1482 3745 ante
1498 3670 1771 3746 Constantinum
1798 3670 1870 3744 im·

699 3790 843 3887 perium
870 3792 1028 3865 multum
1055 3792 1302 3867 declinaverat
1327 3796 1407 3885 post
1428 3791 1645 3886 Augustum.
1665 3791 1763 3865 Bene
1779 3810 1871 3885 ergo

698 3910 803 3985 dicit:
828 3913 954 3985 cl'etto
977 3916 1108 4005 sencio,
1137 3912 1240 4005 idest,
1262 3929 1373 4005 quem
1400 3930 1551 3985 cursum
1577 3909 1652 4005 ipsa
1671 3911 1795 4004 aquila
1812 3930 1871 3985 se-

699 4039 816 4126 quuta
842 4040 908 4127 est,
934 4037 1046 4108 dteao
1071 4035 1272 4125 atlantico,
1292 4029 1426 4106 scilicet
1452 4032 1601 4124 lineam,
1623 4032 1685 4125 qni
1703 4032 1804 4107 venit
1834 4032 1869 4106 in

699 4154 837 4227 ltaliam
858 4154 935 4228 lere
952 4175 1019 4250 per
1035 4154 1322 4249 quadringentos
1342 4172 1458 4227 annos
1475 4155 1561 4225 ante
1586 4151 1718 4225 urbem
1745 4136 1870 4226 condi·

698 4281 787 4367 tam,
814 4275 874 4346 cle
899 4278 1034 4348 Laetam
1051 4277 1147 4367 one,
1167 4272 1303 4347 scilicet
1320 4272 1357 4346 in
1383 4291 1554 4365 uxorem,
1573 4275 1612 4344 ut
1629 4270 1714 4345 alibi
1731 4270 1869 4346 dictum

698 4400 754 4469 est
769 4402 816 4469 et
841 4394 962 4468 statim
989 4395 1142 4468 dicetur.
1169 4394 1212 4466 Et
1238 4393 1296 4469 hic
1323 4400 1408 4468 nota
1425 4392 1520 4466 bene
1541 4390 1639 4487 qnod
1658 4392 1870 4467 monarchia

699 4514 842 4589 romani
868 4514 1011 4608 imperii
1036 4515 1130 4590 lacta
1157 4520 1212 4589 est
1237 4514 1307 4588 sub
1333 4514 1488 4607 Caesare,
1515 4511 1687 4607 ampliata
1704 4511 1774 4586 sub
1794 4512 1872 4587 llu-

696 4643 818 4732 gusto,
844 4637 913 4710 sub
938 4636 1095 4711 Traiano
1121 4641 1301 4730 reparata,
1321 4635 1390 4708 sub
1412 4634 1647 4709 Constantino
1659 4631 1870 4729 justificata,

699 4758 769 4830 snb
793 4756 995 4830 lastiniano
1020 4756 1199 4850 ordinata,
1225 4754 1295 4829 sub
1327 4754 1528 4830 Theodosio
1561 4760 1776 4849 sustentata,
1800 4753 1871 4829 snb

764 5015 791 5078 (¹)
806 5016 838 5066 E.
853 5022 958 5067 contum
973 5030 1068 5079 annom
1084 5016 1160 5081 apud.
1285 5015 1314 5079 (¹)
1330 5015 1360 5066 ll.
1375 5015 1498 5080 qnonlm
1514 5018 1574 5065 anto
1588 5012 1792 5065 Commtlnnnr.
