4342 6692
1426 903 1474 989 di

302 1318 469 1404 camos
498 1317 731 1404 vicnsnrus
761 1331 971 1417 nonanus,
994 1321 1052 1402 att
1078 1341 1197 1403 uacat
1224 1337 1263 1404 a
1291 1337 1414 1419 aaut
1445 1333 1477 1410 et

383 1449 466 1516 stac
485 1448 641 1516 Ferocius
661 1447 776 1516 mutos
797 1447 925 1516 com
944 1448 1121 1515 summat
1140 1443 1247 1514 Ducti
1267 1452 1475 1535 etproee‘pue

379 1557 1006 1645 amnemamnem,
1036 1557 1475 1647 ascenaentem

380 1669 554 1754 swano
572 1670 1243 1752 manutenementum
1262 1673 1328 1756 oe
1347 1674 1473 1742 emec·-

380 1783 1275 1868 ammomumeuomrm.

376 2049 489 2232 Ns
503 2161 532 2231 u
548 2159 607 2231 dtr
623 2158 784 2248 tendor,
801 2149 848 2230 nc*
861 2159 1008 2230 tendor
1025 2157 1074 2230 tui
1083 2150 1148 2248 put
1160 2158 1259 2230 aaa.
1274 2157 1473 2254 Postquam

303 2275 343 2350 in
365 2276 584 2370 precedenti
608 2275 767 2374 capitulo
791 2283 898 2372 poeta
915 2282 1041 2351 noster
1060 2275 1230 2350 tractavit
1246 2284 1283 2352 et
1300 2277 1475 2355 determi-

303 2395 405 2472 navit
428 2397 475 2472 de
499 2397 718 2494 purgatione
740 2397 838 2494 gniae
864 2415 948 2492 quae
972 2396 1125 2493 punitur
1146 2396 1184 2470 in
1201 2403 1307 2473 sento
1322 2398 1475 2498 circulo,

228 2521 232 2526 '
303 2533 403 2592 nunc
428 2523 696 2614 consequenter
720 2517 758 2592 in
783 2516 851 2592 isto
871 2517 1031 2613 capitulo
1048 2517 1175 2592 XXIIII
1195 2517 1271 2615 agit
1287 2525 1325 2594 et
1341 2523 1476 2596 tractat

304 2637 505 2714 decadem
532 2637 698 2732 materia,
725 2659 810 2733 quae
836 2643 891 2714 est
916 2639 1076 2712 muitum
1102 2637 1260 2735 copiosa,
1286 2638 1323 2714 in
1350 2641 1475 2717 multis

307 2753 387 2831 aliis
411 2756 596 2854 spiritibus
621 2757 823 2850 modernis3
842 2756 899 2833 rei
920 2763 1052 2834 tractat
1071 2758 1118 2833 de
1135 2757 1206 2833 alia
1227 2758 1349 2855 specie
1367 2761 1476 2857 gule=

304 2896 433 2952 sorum
452 2876 516 2972 qui
534 2877 686 2952 inerunt
698 2881 883 2954 arnawrec
896 2876 980 2952 vini.
989 2879 1032 2952 Et
1050 2897 1210 2974 presens
1226 2879 1427 2976 capitutum
1438 2875 1476 2975 (⁸)

306 3016 380 3071 non
405 3001 525 3092 potest
541 2996 649 3072 dividi
667 2995 704 3070 in
724 2995 958 3093 paucioribus
974 3017 1087 3091 quarn
1110 2997 1275 3091 quinque
1300 2999 1475 3094 partibus.

305 3116 346 3190 ln
371 3116 490 3212 prima
515 3137 675 3212 quarum
701 3115 898 3191 introducit
929 3115 1067 3191 dictum
1098 3116 1265 3212 spiritum
1291 3117 1477 3198 Foresiia

306 3257 383 3332 qno
407 3236 557 3332 inquirit
581 3237 628 3313 de
652 3238 812 3333 quadam
839 3257 967 3312 sorore
992 3237 1072 3312 cius
1098 3242 1135 3312 et
1160 3237 1379 3332 quibusdam
1405 3264 1477 3339 gn·

306 3359 405 3434 toris·
427 3359 467 3433 ln
493 3357 654 3434 secunda
679 3356 877 3432 introducit
900 3357 1014 3433 aliurn
1034 3356 1203 3454 spiritum
1220 3359 1478 3439 denominatis

306 3497 372 3574 per
397 3477 588 3554 Foresium
614 3477 677 3572 qui
703 3477 936 3553 commendat
961 3477 1081 3574 ipsum
1107 3483 1278 3555 autorem
1303 3501 1326 3554 a
1351 3482 1478 3580 singn-

306 3601 374 3676 iari
399 3598 620 3694 eloquentia,
637 3604 675 3674 et
695 3599 859 3675 nominat
884 3597 1063 3694 quosdam
1085 3599 1289 3697 precipuos
1310 3601 1479 3678 invente

307 3739 368 3796 res
385 3719 422 3794 in
438 3717 564 3816 lingua
581 3723 748 3795 materna
762 3709 814 3812 (¹),
831 3717 898 3794 int:
917 3723 992 3812 tta,
1005 3739 1103 3794 comc
1115 3725 1167 3815 su.
1186 3723 1227 3794 ln
1245 3720 1353 3796 tertia
1370 3729 1479 3818 pocta

308 3838 508 3914 revertitur
524 3837 571 3912 ud
583 3837 847 3915 conterendum
865 3857 952 3913 cum
969 3838 1131 3935 torceio,
1150 3840 1213 3935 qui
1232 3840 1394 3934 praedicit
1411 3841 1480 3916 sibi

307 3958 593 4054 alienationum,
619 3957 691 4032 ibi:
724 3963 758 4032 n
784 3979 880 4032 cocu
911 3962 1038 4033 tuom.
1069 3961 1109 4034 ln
1143 3965 1276 4053 quarta
1308 3960 1482 4036 describit

307 4079 418 4154 uliam
447 4077 632 4174 arborem,
667 4083 706 4154 ct
735 4077 842 4153 ducet
875 4079 1062 4173 quomodo
1095 4079 1314 4153 reiraenatur
1350 4081 1478 4155 vitium

308 4199 418 4296 gule,
443 4198 509 4274 ibi:
535 4203 569 4272 n
590 4201 743 4296 pundo.
769 4199 808 4273 ln
835 4197 963 4293 quinta
989 4205 1026 4274 et
1051 4198 1179 4274 ultima
1203 4199 1341 4276 inducit
1365 4223 1480 4300 ange-

308 4322 387 4396 lum
414 4318 476 4414 qui
503 4324 638 4415 purgat
661 4319 781 4414 ipsum
806 4340 830 4394 a
855 4318 943 4394 vitio
959 4320 1068 4416 guia,
1087 4319 1157 4394 ibi:
1184 4325 1261 4413 Pei,
1278 4325 1479 4415 reiteranti.

308 4439 361 4515 Ad
387 4438 548 4536 primunr
575 4439 656 4514 dico
675 4437 774 4534 quod
791 4445 896 4536 poeta
915 4439 1052 4516 inducit
1068 4440 1190 4516 adhuc
1206 4441 1397 4516 Foresium
1416 4444 1480 4540 qni

308 4558 476 4635 nominat
490 4549 527 4652 (⁸)
552 4558 618 4633 sibi
645 4559 823 4654 quosdam
858 4559 947 4635 alios
978 4559 1147 4656 spiritus;
1176 4561 1239 4636 sed
1271 4562 1390 4657 primo
1414 4585 1482 4660 pro

309 4679 584 4756 continuatione
611 4679 768 4754 ostendit
801 4680 935 4755 honam
968 4680 1239 4776 dispositionem
1276 4683 1479 4779 utriusque.

309 4800 436 4876 Solem
461 4798 559 4875 enirn
584 4799 815 4875 ambutantes
832 4800 941 4874 simul
959 4800 1144 4875 interdum
1169 4803 1351 4878 remerari
1369 4803 1407 4877 in
1423 4804 1482 4878 via

372 4985 400 5049 (¹)
417 4989 471 5046 rtr,
489 4984 634 5049 capitulum
648 4985 771 5037 dividitur
787 4985 814 5036 in
829 4986 944 5052 priusque
960 4987 1083 5052 pertibus.
1101 4989 1132 5040 ln
1148 4989 1232 5052 prim
1248 5003 1370 5054 qurum.

372 5062 401 5128 Γ)
416 5063 448 5114 Ε.
463 5063 605 5115 medetur·-
982 5061 1009 5128 (ἦ
1024 5065 1050 5116 S.
1066 5064 1209 5118 nominarit
1224 5065 1279 5118 ortt
