4342 6692
740 920 879 977 GANTUS
904 916 1099 975 secernite.
1429 906 1500 977 353

327 1062 375 1138 ad
399 1069 581 1156 centrum,
607 1068 645 1137 et
675 1062 766 1137 radii
795 1062 881 1138 solis
909 1061 1180 1159 profundantur
1194 1054 1230 1154 ς’)
1264 1082 1330 1158 per
1356 1068 1498 1138 tantum

327 1182 485 1279 spatium
511 1182 606 1258 intra
631 1202 766 1279 corpus
790 1184 907 1258 lunae:
931 1182 1016 1257 hinc
1040 1188 1097 1257 est
1121 1183 1220 1278 quod
1245 1182 1283 1256 in
1308 1182 1502 1279 superficie

327 1304 365 1379 in
389 1310 496 1401 parte
521 1324 618 1379 rara.
631 1325 705 1379 non
729 1304 868 1378 laciuut
884 1304 1120 1399 luciditatem,
1139 1303 1215 1379 imo
1231 1304 1352 1400 potius
1369 1318 1502 1400 quam·

327 1423 414 1499 dam
438 1424 635 1517 umbram3
660 1423 721 1497 alii
746 1430 873 1499 autem
898 1425 1054 1519 planetae
1070 1423 1157 1517 quia
1178 1424 1396 1499 remotiores
1416 1426 1501 1497 sunt

208 1568 211 1573 ·
327 1565 350 1619 a
376 1543 480 1618 nobis
504 1550 592 1619 sunt
616 1543 796 1639 puriores,
813 1550 852 1619 et
875 1543 958 1619 ideo
982 1564 1049 1640 per
1073 1548 1187 1619 totam
1206 1566 1311 1621 suam
1331 1545 1503 1620 substan·

329 1664 418 1739 tiam
444 1669 686 1759 penetrantur
709 1686 732 1739 a
757 1664 898 1741 lumine
922 1664 1007 1739 solis
1022 1684 1046 1739 a
1063 1664 1257 1760 superficie
1284 1664 1319 1739 in
1345 1664 1501 1760 superri-

329 1784 425 1859 ciem
459 1803 526 1879 per
558 1791 728 1859 centrum
762 1804 961 1879 corporum
995 1804 1172 1879 suorum3
1206 1784 1305 1860 unde
1337 1784 1374 1859 in
1409 1805 1503 1881 qua-

330 1924 493 1999 cumque
517 1912 623 2002 parte
648 1906 772 1982 radius
796 1905 882 1981 solis
903 1906 1047 2003 attingit
1068 1926 1133 1981 eos
1157 1908 1277 1982 statim
1304 1907 1504 2004 implentur

329 2025 480 2101 lumine.
507 2026 608 2102 Luna
635 2034 763 2103 autem
789 2032 844 2103 est
864 2025 987 2102 minus
1003 2046 1099 2121 pura
1124 2034 1162 2101 et
1186 2026 1295 2103 habet
1320 2028 1503 2103 modicam

331 2146 532 2241 raritatem,
553 2167 638 2243 que
663 2148 782 2223 solum
808 2146 1018 2223 extenditur
1036 2166 1155 2241 usque
1175 2155 1356 2223 centrum.
1370 2188 1420 2203 -
1437 2152 1500 2223 Or.

328 2266 434 2341 Nunc
458 2267 604 2345 Beatrix
622 2269 702 2342 vult
719 2268 929 2363 improbare
944 2266 1153 2343 instantiam
1174 2268 1251 2344 sive
1268 2268 1501 2364 solutionem,

329 2405 416 2480 quae
439 2392 560 2481 posset
584 2386 664 2462 lieri
681 2394 810 2462 contra
825 2393 1091 2484 argumentum
1108 2408 1236 2483 suum;
1254 2386 1341 2482 quia
1359 2393 1504 2482 poterat

332 2504 456 2581 dicere
479 2514 588 2581 autor
614 2513 652 2583 et
676 2526 777 2602 vere,
799 2508 898 2604 quod
925 2506 1048 2583 radius
1071 2508 1157 2582 solis
1182 2514 1324 2583 tantum
1352 2508 1504 2604 profun-

330 2624 442 2700 datur
465 2625 560 2701 intra
585 2626 705 2723 ipsum
734 2648 869 2723 corpus
902 2628 1010 2723 luuae,
1037 2628 1136 2722 quod
1152 2635 1316 2724 .propter
1351 2628 1502 2704 nimiam

333 2745 602 2842 elongationem
628 2752 666 2822 et
691 2747 932 2823 remotionem
962 2755 1115 2843 apparet
1146 2748 1344 2824 nebulosus
1369 2749 1405 2823 in
1439 2770 1504 2823 su-

333 2864 481 2961 perficie
504 2868 612 2941 lunoe.
639 2868 769 2964 Tangit
794 2888 884 2964 ergo
908 2866 1054 2943 Beatrix
1082 2868 1200 2964 primo
1234 2869 1341 2944 istam
1366 2868 1504 2945 instan-

333 2986 434 3080 tiam,
450 2986 596 3062 dicens:
614 2992 667 3062 Or
681 2991 778 3063 αἰναί
794 2994 843 3079 tu,
860 2988 1005 3082 scilicet,
1023 2996 1151 3064 contra
1169 2988 1349 3066 rationem
1368 3002 1504 3083 meam,

331 3107 392 3179 cite
406 3108 434 3179 ’l
458 3108 602 3199 rareio,
635 3107 781 3203 scilicet,
815 3107 901 3182 solis
934 3110 1105 3203 retlerus,
1137 3112 1169 3182 si
1200 3110 1373 3182 dimostra
1403 3116 1504 3201 tetro,-

308 3224 434 3329 idest,
458 3226 671 3321 obscurum,
694 3230 800 3322 quoi,
826 3227 971 3321 scilicet,
999 3228 1037 3303 in
1062 3249 1160 3323 raro,
1183 3224 1245 3321 pid
1270 3230 1330 3301 cte
1352 3230 1390 3302 in
1414 3232 1504 3303 altre

325 3349 439 3438 porti,
462 3345 599 3421 scilicet
629 3346 760 3440 densis,
787 3368 854 3441 per
882 3368 977 3421 esser
1004 3351 1161 3442 rtsratto,
1193 3347 1295 3443 idest,
1331 3348 1502 3443 rellexus,

331 3457 355 3539 d
375 3460 439 3559 ptd
462 3487 487 3539 a
510 3473 622 3560 retro,
646 3466 749 3561 idest,
768 3467 885 3564 magis
910 3488 932 3542 a
956 3468 1076 3565 longe,
1095 3467 1181 3563 quia
1193 3469 1302 3563 juxta
1319 3474 1500 3543 centrum.

331 3586 375 3661 lit
399 3585 520 3660 subdit
544 3607 586 3661 ee
609 3586 900 3682 improbaturam
927 3587 1035 3662 istam
1064 3588 1272 3693 instantiam
1300 3608 1366 3685 per
1392 3608 1505 3684 expe·

332 3707 503 3783 rientiam
528 3727 669 3802 veram,
694 3708 836 3784 diceus:
862 3710 1154 3803 esperazano
1177 3712 1273 3783 suolc
1292 3730 1386 3782 esser
1408 3712 1505 3803 sonte

332 3831 370 3903 oi
391 3831 462 3902 rivi
485 3830 524 3901 di
547 3834 663 3903 vostre
686 3827 771 3919 orti,
797 3827 882 3923 quia
908 3822 1053 3921 scilicet,
1081 3827 1306 3923 experientia
1331 3828 1417 3904 iacit
1442 3847 1505 3902 ar-

287 3959 290 3964 ‘
333 3956 422 4043 tem,
446 3949 541 4024 sicut
574 3949 653 4023 lons
679 3948 815 4042 rivum,
834 3940 908 4041 nod
937 3949 1152 4042 deliberarit,
1181 3948 1282 4043 idest,
1312 3947 1505 4022 absolvere

332 4076 382 4163 te,
406 4071 445 4143 di
463 4074 583 4162 questa
606 4071 796 4159 insonate,
812 4064 958 4163 scillcet,
976 4087 1075 4142 nunc
1099 4068 1206 4163 iacta,
1223 4090 1259 4142 se
1274 4070 1446 4161 mammet
1467 4070 1505 4141 la

331 4193 473 4284 pnrooi,
486 4188 589 4283 idest,
602 4189 633 4264 si
659 4189 747 4265 velis
773 4189 827 4263 uti
851 4208 896 4263 ea
913 4208 981 4284 pro
997 4188 1244 4264 declaratione
1270 4194 1409 4263 tua-
1426 4192 1503 4261 Tre.

333 4310 408 4385 llio
423 4310 570 4385 Beatrir
595 4310 681 4385 lacit
704 4308 1053 4386 demonstrationem
1068 4300 1106 4403 (²)
1130 4330 1248 4403 suam,
1267 4314 1304 4383 et
1321 4311 1399 4383 vult
1419 4310 1505 4384 bre-

312 4506 317 4513 .
334 4420 608 4524 riter(³ldicere
620 4428 719 4525 quod
736 4428 903 4504 distantia
921 4429 1002 4523 loci,
1012 4418 1183 4523 quamvis
1198 4428 1306 4504 iaciat
1323 4429 1505 4504 diversam

333 4548 584 4647 apparentiam
610 4550 647 4623 in
672 4548 887 4644 quantitate,
912 4548 1006 4649 sicut
1029 4548 1208 4625 maiorem
1231 4549 1290 4624 vel
1312 4548 1503 4642 minorem,
1526 4600 1529 4606 ,

335 4692 409 4746 non
432 4676 557 4746 tamen
579 4669 616 4742 in
633 4668 819 4764 qualitate,
837 4668 983 4764 scilicet,
1001 4666 1101 4763 quod
1121 4688 1188 4765 per
1208 4668 1412 4743 distantiam
1434 4667 1504 4742 loci

333 4791 397 4866 lor
423 4810 499 4866 non
521 4796 642 4886 potest
664 4808 845 4886 apparere
868 4788 1012 4864 umbra.
1031 4790 1074 4863 llt
1097 4790 1148 4865 sic
1166 4789 1245 4864 vult
1264 4788 1387 4864 dicere
1404 4786 1503 4884 quod

397 5051 424 5115 (ί)
440 5051 471 5102 B.
487 5049 688 5115 perfunduntur.
766 5050 793 5113 t')
809 5054 832 5110 t,
849 5049 1059 5101 declarationem.
1133 5048 1161 5113 (¹)
1177 5048 1208 5101 lt.
1224 5062 1240 5099 e
1256 5052 1279 5109 t,
1296 5044 1489 5099 sententialiter.

469 5156 509 5200 rr.
1345 5154 1373 5199 ῃ
