4342 6692
632 928 771 984 moros
794 929 1012 988 rorassrstos
1034 929 1229 988 sacorvoos.
1440 915 1511 986 aaa

338 1078 424 1170 pido
441 1097 460 1147 e
481 1081 630 1165 oopome
654 1093 679 1144 a
703 1095 758 1147 ase
777 1077 918 1169 rivolse,
936 1074 1039 1168 quasi
1058 1074 1172 1149 dicat:
1195 1073 1282 1168 quia
1307 1072 1513 1148 Bonifatius

342 1188 691 1291 voluitl¹lrespioora
703 1195 749 1271 ad
763 1201 911 1292 geatam
932 1195 1102 1288 italicam,
1115 1194 1266 1270 dimissa
1274 1195 1415 1291 gallica,
1426 1193 1513 1287 quia

344 1317 490 1396 nolebat
507 1315 665 1412 amplios
681 1316 756 1412 pati
773 1315 990 1401 servitutem
1007 1314 1304 1412 Philippi-Pol.
1323 1316 1388 1397 llic
1405 1321 1513 1415 poeta

344 1436 575 1514 subannactit
602 1436 702 1523 aliud
735 1436 925 1530 damnum,
958 1436 1058 1532 quod
1083 1437 1193 1530 paulo
1219 1442 1301 1532 post
1325 1434 1409 1512 lacit
1438 1435 1515 1529 ipso

345 1557 539 1652 Philippus,
553 1557 638 1651 quia
652 1577 739 1632 oum
755 1577 887 1653 magna
901 1556 1031 1632 lraudo
1048 1557 1308 1651 transportavit
1321 1555 1513 1634 ecclesiam

346 1679 442 1765 ultra
467 1687 612 1755 montes
636 1677 674 1753 in
698 1677 864 1772 Galliam,
882 1677 946 1754 ubi
965 1684 1092 1774 postea
1109 1677 1276 1755 transivit
1291 1678 1340 1756 do
1358 1678 1456 1755 malo
1478 1676 1515 1750 in

345 1799 461 1894 peius,
481 1799 576 1876 sicot
592 1801 698 1894 plano
713 1797 839 1893 scripsi
855 1798 1015 1892 capitulo
1032 1799 1114 1872 xlx
1132 1797 1276 1874 lniorni.
1295 1797 1387 1873 llicit
1404 1816 1513 1894 argo:

346 1922 412 1992 Poi
434 1921 473 1992 di
495 1922 640 2012 dispetto
659 1922 778 2012 marso,
804 1917 863 1993 ille
887 1917 991 2015 gigas
1017 1918 1148 1993 timens
1177 1937 1225 1992 ne
1250 1917 1401 1992 ecclesia
1430 1937 1517 2012 por-

346 2037 488 2113 veniret
512 2038 669 2135 amplius
692 2038 738 2113 ad
765 2058 897 2113 manus
922 2036 1072 2112 alterius
1091 2036 1274 2130 Bonifatii,
1295 2036 1360 2131 qui
1380 2036 1518 2115 laceret

346 2157 542 2237 vindictam
560 2159 607 2234 vlo
623 2177 680 2252 oo,
693 2181 712 2232 e
724 2161 759 2232 α’
770 2161 831 2231 ira
841 2161 966 2248 arado,
979 2157 1081 2250 idest,
1095 2157 1253 2232 crudelis
1268 2157 1334 2250 ira,
1349 2157 1435 2252 quia
1450 2176 1517 2230 vo·

346 2277 444 2356 labat
464 2279 587 2360 latare
608 2277 803 2354 vindictam
829 2278 876 2354 do
895 2277 1120 2373 Templariis,
1136 2280 1294 2352 dismoloe
1318 2280 1346 2351 it
1368 2285 1517 2369 nvosso,

344 2398 447 2494 itast,
472 2419 626 2474 currum
658 2400 761 2474 illum
793 2405 1068 2477 monstruosum
1101 2399 1148 2473 ab
1178 2398 1314 2473 arbore
1348 2397 1519 2472 coierat

344 2520 524 2616 alligatus
549 2542 570 2594 a
593 2523 719 2594 trassel
738 2541 805 2612 per
832 2518 870 2594 la
897 2523 1008 2611 selva,
1034 2539 1109 2593 non
1138 2539 1205 2614 par
1237 2519 1344 2593 istam
1376 2519 1516 2614 sylvam

345 2640 547 2718 delitiosam
572 2640 676 2715 istius
701 2640 845 2734 montis,
871 2639 936 2715 sed
960 2659 1027 2735 por
1052 2640 1193 2736 sylvam
1215 2639 1382 2714 vitiosam
1402 2658 1515 2733 quam

345 2759 532 2855 doscripsit
556 2759 594 2834 in
619 2760 794 2856 principio
818 2760 970 2853 lnioroi3
997 2766 1094 2833 tanto
1118 2761 1178 2833 alre
1201 2762 1258 2833 sol
1281 2763 1318 2834 dl
1343 2763 1400 2851 tei,
1421 2757 1517 2834 scili*
1585 2836 1589 2844 ,

345 2886 415 2975 oet,
441 2881 554 2978 sylva,
579 2885 629 2956 mt
653 2887 726 2977 sete
749 2885 869 2974 scorto,
893 2881 999 2976 quasi
1023 2881 1131 2977 dicat,
1157 2882 1244 2977 quia
1269 2882 1365 2957 inter
1391 2902 1452 2956 mo
1477 2888 1515 2957 at

347 3007 554 3076 monstrum
578 3001 788 3097 interposita
813 3009 869 3078 ost
893 3003 1017 3098 sylva,
1033 3023 1120 3077 nam
1139 3008 1215 3077 tam
1233 3023 1257 3078 a
1277 3003 1386 3100 longe
1405 3000 1518 3076 traxit

347 3140 501 3203 currum
526 3122 625 3216 quod
649 3121 806 3216 amplius
830 3121 956 3196 videre
972 3143 1047 3196 non
1069 3129 1248 3217 poteram,
1267 3125 1341 3197 olto
1354 3129 1516 3216 puttam,

347 3241 494 3336 scilicet,
516 3241 742 3317 Borrilacium
759 3248 798 3317 et
813 3248 977 3335 eaetoros,
994 3249 1027 3316 et
1050 3245 1125 3316 olto
1147 3263 1266 3316 nuova
1283 3244 1394 3334 baloo,
1413 3243 1515 3336 iviost,

349 3361 501 3438 bostiam
526 3381 675 3455 trovam,
700 3361 836 3436 scilicet
860 3381 1014 3436 currum
1040 3363 1104 3458 qui
1131 3363 1249 3437 lactus
1275 3368 1356 3438 erat
1381 3362 1517 3436 animal

350 3489 638 3577 monstruosum,
652 3482 742 3576 poia
768 3482 879 3556 traxit
899 3501 987 3556 aum
1005 3503 1117 3578 supra
1138 3483 1358 3557 Rhodanum
1378 3481 1416 3556 in
1435 3481 1520 3556 Gal-

348 3603 446 3697 tam,
464 3603 549 3677 data
569 3603 636 3677 sibi
659 3602 731 3679 alia
757 3602 962 3697 meretrice,
983 3603 1120 3678 scilieet
1144 3610 1292 3700 pastore
1318 3604 1518 3679 Clemente.

409 3859 438 3925 (¹)
454 3841 485 3912 Ii.
501 3862 586 3914 noluit
601 3863 738 3926 raspioora
