4342 6692
651 782 725 851 ott
1043 795 1248 851 oorrmrrurn
1272 794 1439 849 nonnoni

651 947 709 1015 αι
733 939 956 1015 remotiora
981 940 1102 1037 primo
1128 940 1253 1015 mobili
1277 945 1317 1015 et
1340 937 1493 1013 vicinior
1517 944 1640 1031 terrm,
1659 956 1744 1031 qnoe
1768 942 1827 1013 est

651 1058 848 1135 immobilis
878 1067 917 1137 et
947 1062 1084 1159 gravis,
1109 1062 1168 1137 vei
1198 1061 1286 1157 qnia
1311 1060 1398 1135 iacit
1427 1059 1677 1135 tardos-li
1699 1063 1823 1143 nosti

651 1171 767 1272 flic(¹)
795 1180 972 1257 Picoarda
1006 1182 1200 1277 respondet
1232 1178 1424 1275 questioni
1456 1178 1587 1273 tacite,
1613 1179 1700 1273 quia
1724 1177 1824 1255 enim

652 1299 787 1373 Dentes
818 1306 962 1394 poterat
990 1308 1136 1397 petere:
1167 1300 1355 1396 quomodo
1387 1319 1510 1375 nonne
1541 1298 1734 1373 tristamini
1758 1320 1826 1374 vos

653 1440 734 1495 esse
758 1420 796 1493 io
820 1422 972 1496 bassiori
997 1422 1078 1497 ioco
1108 1421 1286 1517 parvioris
1319 1422 1501 1516 ptanetaei
1525 1420 1732 1515 Respondet
1764 1420 1825 1493 Pi-

653 1540 803 1633 chorda,
828 1541 928 1635 quod
953 1542 1073 1637 potins
1099 1543 1280 1617 laetantur.
1307 1541 1398 1615 Dicit
1429 1561 1539 1637 ergo:
1565 1542 1607 1613 Li
1630 1542 1743 1613 nostri
1765 1544 1825 1634 os·

650 1662 739 1753 setti,
758 1661 861 1753 idest,
878 1660 1100 1755 affectiones,
1113 1665 1174 1735 cite
1188 1684 1278 1735 sono
1297 1664 1507 1755 inflammati
1520 1664 1598 1735 roto
1613 1663 1672 1735 rtet
1683 1663 1826 1754 procero

654 1783 745 1854 detto
761 1785 892 1874 Spirito
914 1790 1030 1871 santo,
1049 1787 1198 1878 formati
1226 1786 1284 1857 det
1305 1804 1370 1857 suo
1393 1785 1518 1857 ordine
1541 1784 1697 1871 tatiano,
1721 1781 1824 1873 idest,

654 1899 837 1975 instantor.
862 1903 907 1977 Et
930 1902 1051 1977 subdit
1076 1903 1253 1978 Picharda
1276 1902 1466 1977 declarans
1490 1900 1579 1977 iilud
1604 1901 1702 1996 quod
1721 1901 1827 1975 dino-

655 2028 713 2095 rat
737 2042 862 2118 supra,
887 2023 1023 2097 scitioet
1048 2022 1148 2117 quod
1177 2028 1285 2097 erant
1314 2022 1373 2097 tric
1401 2022 1575 2117 retegatae
1603 2042 1649 2097 ex
1679 2020 1824 2095 deiecto

653 2141 741 2235 voti,
757 2142 867 2237 ‘quod
891 2143 1030 2217 dictum
1056 2143 1249 2218 ridebatur
1273 2143 1487 2236 obscurum,
1505 2142 1591 2235 quia
1615 2162 1689 2217 non
1713 2162 1827 2237 appa-

655 2262 761 2336 rebat
784 2263 815 2335 si
840 2270 969 2358 sponte
993 2264 1235 2361 neglexerant
1258 2269 1401 2357 votum,
1418 2263 1477 2339 vei
1494 2269 1622 2337 utrum
1641 2262 1677 2336 in
1694 2268 1825 2355 totum,

656 2383 715 2456 rei
742 2403 810 2477 pro
834 2391 949 2485 parte,
976 2383 1059 2459 ideo
1090 2383 1192 2459 dicit:
1219 2403 1322 2478 ergo,
1347 2405 1367 2454 e
1391 2390 1510 2475 praesto
1539 2390 1645 2472 sorte,
1678 2382 1825 2473 scilieet,

657 2501 737 2595 loci,
763 2504 824 2575 cire
842 2524 918 2595 por
940 2499 1001 2594 piri
1023 2504 1183 2598 footooto,
1214 2502 1301 2597 quia
1331 2503 1431 2577 nnita
1462 2508 1517 2577 est
1551 2502 1711 2595 interior,
1738 2493 1827 2595 pero

655 2619 725 2697 o'ri
745 2625 846 2713 doto,
870 2624 918 2698 ab
943 2623 1071 2699 ordine
1095 2623 1400 2719 divinaeJ'nstitiae,
1415 2618 1543 2715 percio*
1564 2625 1591 2695 ir'
1613 2625 1727 2697 nostri
1743 2624 1826 2709 voti,

656 2741 792 2818 seilicet
805 2735 844 2835 (²)
876 2744 1120 2836 continentia,
1151 2764 1235 2837 quae
1272 2743 1480 2819 feceramus
1517 2743 1553 2817 in
1592 2742 1742 2835 mundo,
1763 2746 1826 2835 fiir

655 2866 793 2954 neptem
815 2886 836 2937 e
861 2862 941 2957 otti,
970 2864 1075 2953 idest,
1101 2884 1219 2938 vacua
1249 2870 1287 2939 et
1319 2882 1391 2937 non
1420 2861 1628 2957 adimpleta,
1657 2866 1695 2935 in
1722 2863 1827 2933 moror

655 2991 770 3077 conto,
797 2983 901 3079 idest,
926 2984 964 3056 in
989 2982 1112 3077 aliqua
1139 2990 1243 3077 parte
1267 2981 1335 3076 sui,
1361 2982 1456 3057 sient
1487 2983 1593 3076 piene
1616 2982 1827 3057 declaratur

656 3103 693 3177 in
718 3103 878 3198 capituto
902 3102 1081 3197 sequenti.
1109 3103 1153 3177 Et
1178 3124 1251 3177 non
1282 3103 1604 3199 intellige,1ector,
1630 3102 1730 3197 quod
1759 3101 1826 3175 ista

655 3223 865 3317 simpliciter
890 3222 1066 3319 intelligat
1091 3242 1132 3297 se
1157 3243 1237 3299 esse
1254 3222 1407 3317 positam
1429 3222 1466 3297 in
1485 3242 1640 3319 corpore
1661 3222 1760 3295 tunae
1779 3242 1826 3297 ex

656 3341 799 3417 deiecto
826 3343 910 3436 voti,
936 3343 1032 3417 sicut
1056 3342 1206 3436 qnidam
1233 3342 1324 3417 saiso
1349 3348 1558 3437 exponunt5
1585 3363 1670 3416 nam
1697 3360 1827 3417 omnes

656 3466 790 3535 sancte
816 3462 976 3558 virgines
1000 3467 1088 3535 suot
1111 3462 1148 3535 io
1173 3464 1273 3555 tuna,
1290 3463 1384 3537 sieut
1402 3468 1502 3557 potes
1523 3462 1649 3539 ridere
1666 3462 1702 3537 in
1718 3462 1827 3537 beata

656 3580 773 3671 Clara,
800 3602 885 3677 quae
910 3588 965 3657 est
990 3582 1027 3655 in
1052 3583 1182 3658 eadem
1209 3603 1327 3677 spera,
1353 3588 1390 3659 et
1415 3590 1540 3659 tamen
1566 3603 1640 3657 non
1665 3582 1827 3679 neglexit

656 3707 797 3796 votnm,
823 3701 898 3776 imo
922 3703 1283 3797 perseverantissime
1311 3704 1484 3779 serravit
1511 3704 1611 3779 Siout
1644 3703 1741 3780 enim
1768 3704 1827 3779 ‘soi

656 3822 719 3917 qui
744 3828 799 3897 est
824 3829 928 3918 pater
953 3823 1084 3898 catoris
1104 3823 1189 3899 iacit
1210 3824 1308 3899 viros
1324 3823 1517 3919 sapientes,
1535 3824 1584 3899 ita
1600 3824 1688 3899 iuna
1706 3830 1827 3899 mater

656 3943 823 4017 humoris
854 3943 940 4018 iacit
971 3943 1146 4018 mulieres
1180 3944 1371 4019 honestas
1392 3943 1463 4019 Sed
1495 3944 1574 4019 vult
1607 3943 1731 4021 dicere
1758 3944 1827 4018 ista

654 4062 761 4159 virgo
786 4063 885 4156 qnod
918 4070 974 4139 ert
1003 4063 1119 4157 posita
1149 4063 1186 4137 in
1215 4062 1340 4139 infima
1370 4068 1475 4159 parte
1505 4063 1614 4159 tune,
1640 4064 1727 4157 qnia
1753 4085 1827 4139 non

656 4183 815 4258 solverat
840 4184 984 4281 integro
1007 4184 1172 4259 debitum
1199 4183 1285 4278 voti,
1311 4183 1404 4259 sicot
1423 4184 1502 4279 jam
1534 4184 1672 4261 dietum
1698 4190 1830 4260 est.-

660 4307 750 4378 Omt
761 4308 807 4378 io.
833 4305 899 4380 Hic
923 4310 1034 4379 autor
1058 4311 1210 4380 excusat
1234 4324 1276 4379 se
1299 4304 1347 4379 ab
1373 4324 1419 4379 eo
1445 4306 1543 4399 quod
1570 4326 1642 4380 oon
1667 4306 1739 4381 rito
1766 4327 1830 4383 re·

655 4424 827 4521 oognovit
840 4446 923 4500 eam
939 4432 1087 4521 propter
1101 4426 1354 4527 excellentiam¹
1369 4425 1676 4520 inminis‚dicens:
1696 4432 1830 4505 Ond’io

694 4850 699 4863 .
718 4772 745 4834 (¹)
761 4774 791 4823 Ε.
808 4774 857 4824 flio
873 4782 948 4839 poeta
965 4778 1037 4840 ponit
1048 4775 1241 4839 responsionem
1252 4775 1324 4827 iliius
1334 4778 1467 4828 Piohardm
1477 4779 1578 4829 cuidam
1591 4781 1674 4829 tactio
1684 4781 1829 4845 quastloni,

656 4862 716 4913 qma
732 4862 811 4900 eorm.

719 4924 746 4984 (¹)
762 4925 793 4976 E.
809 4926 907 4977 scilicet
923 4932 983 4979 rota
998 4928 1171 4980 metientia.
