4342 6692
673 903 745 971 286
1033 913 1238 969 conenruu
1262 911 1485 969 runouronrr

670 1063 730 1134 obe
751 1065 807 1156 sui
828 1082 952 1155 presso
978 1063 1027 1134 do
1052 1080 1145 1153 esso,
1167 1051 1237 1132 cori
1261 1061 1349 1133 com'
1363 1061 1485 1133 auimo
1509 1061 1628 1150 uendi,
1655 1076 1728 1132 non
1754 1051 1845 1151 ville,

672 1201 746 1256 uon
771 1179 923 1274 servilis,
948 1183 1009 1254 cite
1031 1201 1106 1254 non
1128 1185 1171 1276 so
1193 1198 1309 1272 scuto,
1327 1179 1413 1275 quie
1431 1179 1542 1254 babet
1565 1199 1632 1274 pro
1657 1177 1776 1275 gratia
1793 1178 1849 1252 lu·

672 1321 758 1376 cere
778 1301 877 1396 quod
896 1300 1126 1396 praecipitum
1154 1299 1253 1374 uode
1277 1298 1383 1374 dicit:
1402 1319 1462 1372 mo
1475 1302 1517 1394 so
1534 1319 1600 1371 ouo
1621 1301 1739 1389 uoylio
1756 1301 1847 1372 dello

674 1425 792 1513 contio
825 1421 945 1513 αἰναί,
978 1421 1063 1515 quia
1095 1421 1290 1496 confirmat
1322 1419 1487 1494 enlmum
1524 1437 1635 1493 suum
1668 1417 1848 1492 voluntati

675 1541 927 1637 praecipimus,
953 1549 1041 1615 torto
1064 1539 1125 1614 cire
1149 1545 1199 1632 uli
1223 1536 1245 1614 ἐ
1266 1541 1453 1631 discilium,
1479 1537 1582 1634 idest,
1608 1539 1729 1613 statIm
1761 1559 1846 1614 cum

676 1667 732 1736 est
756 1661 824 1736 sibi
848 1668 988 1757 aperta,
1017 1683 1086 1755 per
1110 1683 1231 1754 scyno,
1257 1660 1359 1755 idest,
1381 1660 1521 1754 absque
1547 1680 1591 1734 eo
1617 1660 1717 1755 quod
1741 1659 1849 1736 iaciat

676 1782 846 1878 verbum,
881 1783 976 1857 sicut
1008 1783 1181 1878 praecepit
1210 1781 1381 1879 Virgilius
1411 1788 1537 1855 nostro
1569 1787 1687 1875 poetae
1716 1781 1848 1856 Inferni

676 1901 835 1996 capitulo
852 1901 990 1975 XXIIII.
1009 1904 1054 1977 Et
1072 1903 1175 1978 dicit:
1193 1925 1212 1976 e
1233 1905 1324 1975 duee
1348 1921 1371 1972 a
1397 1903 1530 1994 Seuero,
1558 1900 1635 1996 ipsa
1660 1897 1847 1996 bathildis,

676 2025 975 2116 dormescameute,
1008 2045 1115 2099 more
1139 2021 1377 2098 dominantis:
1413 2025 1491 2095 olen
1524 2042 1591 2094 coo
1620 2025 1681 2112 lui,
1713 2023 1849 2098 scilicet

677 2161 764 2215 cum
790 2144 920 2236 Dante,
948 2165 1060 2238 quem
1081 2143 1161 2239 jam
1188 2140 1331 2217 sociasti
1349 2162 1415 2237 per
1433 2142 1584 2238 longum
1605 2141 1684 2216 iter.
1703 2141 1747 2215 lit
1764 2150 1848 2219 nota

677 2263 777 2357 quod
811 2264 989 2338 blatbildis
1023 2264 1110 2338 lavit
1145 2269 1182 2338 et
1216 2261 1354 2358 potavit
1387 2269 1592 2356 utrumque
1627 2263 1663 2334 In
1698 2261 1849 2338 domine

678 2384 807 2458 Eunoe
825 2384 924 2477 quod
940 2390 1040 2479 patet
1056 2403 1123 2478 per
1140 2383 1343 2479 sequentia,
1361 2387 1470 2456 otest
1490 2381 1622 2457 modus
1639 2381 1850 2459 abreviandi

679 2503 853 2599 poeticus.
868 2545 918 2558 -
931 2508 1024 2578 S’io.
1042 2504 1107 2578 llic
1125 2503 1254 2578 ultimo
1274 2510 1381 2599 poeta
1402 2501 1624 2578 concludens
1649 2505 1849 2599 capitulum

679 2629 717 2698 et
742 2624 916 2700 claudens
941 2625 1053 2698 istum
1079 2623 1284 2698 secundum
1315 2625 1449 2698 librum
1482 2631 1633 2699 excusat
1658 2646 1699 2700 se
1723 2625 1753 2700 si
1777 2647 1850 2701 non

679 2744 850 2819 describit
875 2746 1104 2820 dulcedinem
1136 2746 1246 2819 buius
1277 2752 1397 2840 potus,
1424 2746 1509 2839 qula
1542 2745 1633 2820 ordo
1665 2747 1745 2820 libri
1779 2769 1851 2822 non

679 2869 826 2962 potitur.
841 2867 944 2942 Unde
962 2867 1227 2962 apostrophans
1244 2866 1348 2940 dicIt:
1372 2869 1531 2958 Otettor,
1549 2870 1585 2939 io
1597 2889 1667 2960 pur
1686 2871 1851 2960 canoro,
1892 2851 1893 2856 Ν

679 2986 783 3082 idest,
804 2987 946 3082 poetice
964 2986 1224 3080 describerem,
1243 2987 1277 3060 to
1294 2989 1391 3061 dolce
1407 2987 1500 3074 bere,
1518 2987 1581 3081 qui
1602 2987 1759 3062 inebriat
1774 2989 1853 3064 ani-

681 3127 793 3201 mam,
819 3109 880 3180 ote
903 3111 977 3180 moi
1000 3127 1074 3180 uon
1107 3102 1152 3178 m'
1166 3110 1271 3180 aerio
1300 3109 1413 3200 sunio,
1447 3106 1533 3200 quia
1566 3113 1704 3200 quanto
1736 3107 1854 3204 magis

680 3233 840 3320 potatur,
867 3231 969 3300 tento
1002 3226 1120 3320 magle
1148 3226 1314 3301 accendit
1339 3232 1544 3321 potatorem
1576 3227 1622 3300 ad
1654 3227 1852 3302 bibendum

680 3347 889 3440 salubriter,
911 3346 1006 3420 sieut
1022 3346 1120 3441 potio
1138 3343 1210 3420 vini
1230 3349 1311 3442 plus
1328 3347 1453 3425 incitat
1469 3347 1515 3422 ad
1536 3347 1733 3423 bibendum
1752 3369 1854 3424 mor·

681 3467 797 3540 tilere.
819 3467 890 3542 Per
915 3468 985 3540 boc
1010 3467 1128 3540 innuit
1154 3465 1254 3561 quod
1278 3473 1334 3542 est
1358 3473 1505 3541 ‘summe
1528 3467 1740 3543 delectabile
1764 3489 1853 3563 ope·-

683 3587 758 3660 rari
783 3588 948 3661 virtuose
973 3587 1112 3661 bomini
1129 3588 1277 3662 habenti
1297 3587 1462 3662 habitum
1484 3587 1640 3683 inlude,
1658 3589 1764 3663 culus
1780 3587 1855 3662 dio-

683 3706 869 3801 positionis
881 3727 980 3780 nuuc
994 3713 1076 3780 erat
1092 3707 1169 3802 ipse
1186 3713 1304 3803 poete,
1317 3711 1346 3780 ε)
1352 3710 1388 3779 io
1404 3711 1519 3781 coemi
1531 3703 1593 3800 ptri
1610 3711 1716 3799 iunco
1732 3711 1856 3802 mazio

682 3829 721 3900 di
743 3830 908 3917 aerium,
929 3825 1033 3921 idest,
1050 3826 1222 3901 dilatandi
1239 3828 1446 3922 materiam,
1465 3831 1661 3922 melifron
1681 3831 1852 3920 delturte,

682 3947 784 4041 idest,
810 3947 901 4020 ordo
928 3956 1216 4043 praeconceptus,
1234 3969 1304 4020 nun
1323 3951 1372 4021 mi
1388 3951 1498 4022 lusda
1509 3945 1573 4042 piri
1592 3953 1658 4042 ire,
1678 3948 1779 4050 idest,
1798 3950 1857 4022 ul-

682 4068 798 4142 terius
823 4067 983 4161 extendI,
1009 4068 1095 4161 qula
1122 4069 1180 4142 bio
1205 4068 1297 4143 liber
1322 4067 1518 4144 excederet
1542 4067 1651 4164 ellos3
1673 4069 1772 4144 unde
1800 4067 1855 4143 di-

683 4188 750 4261 cit:
775 4183 903 4280 percite*
921 4191 1023 4292 piune
1045 4209 1112 4260 soa
1137 4195 1216 4262 tutte
1241 4192 1272 4262 le
1291 4195 1400 4280 corto,
1418 4189 1563 4284 scilicet,
1582 4187 1774 4285 scriptura,
1792 4208 1855 4263 or·

683 4310 764 4400 dile,
789 4329 857 4403 per
881 4307 1028 4381 XXXIII
1053 4305 1225 4403 capitula,
1242 4329 1266 4382 u
1284 4313 1735 4404 communicarem,
1753 4311 1855 4406 idest,

682 4428 730 4504 ed
754 4427 960 4502 secundum
986 4425 1136 4522 librum,
1161 4429 1308 4524 scilicet,
1327 4430 1600 4527 Purgatorium‚
1623 4432 1659 4505 in
1677 4452 1753 4526 quo
1770 4431 1856 4505 satin

683 4549 778 4624 bene
802 4549 948 4623 cantari
973 4549 1181 4624 cantionem
1209 4569 1401 4644 nunquam
1426 4551 1476 4626 ab
1502 4552 1574 4626 alio
1604 4551 1856 4647 decantatam

684 4668 765 4743 ideo
796 4669 964 4742 ammom
999 4690 1167 4765 praeparo
1199 4669 1245 4744 ud
1281 4690 1418 4745 novum
1450 4671 1666 4746 altissImum
1694 4681 1856 4768 centum,

685 4789 798 4863 Statio
823 4791 994 4865 evolante
1018 4791 1056 4864 in
1081 4792 1218 4865 coelum
1243 4811 1473 4888 empyreum.
1495 4792 1598 4868 Unde
1615 4793 1718 4868 dicit:
1744 4797 1787 4867 Io'
1804 4798 1857 4867 ri-

686 4913 805 4983 umet
828 4913 927 4984 dotto
949 4915 1150 4986 amerina
1175 4915 1285 5003 oudo,
1304 4935 1388 5008 quae
1406 4913 1491 4989 lacit
1516 4915 1683 4990 homines
1708 4915 1857 4990 sanctis-

686 5031 814 5123 simos3
841 5036 878 5103 et
903 5030 988 5106 lacit
1012 5033 1325 5127 comparationem
1348 5035 1528 5130 pulcram,
1552 5034 1696 5110 dicens:
1722 5037 1854 5130 risotto,
