4342 6692
557 953 561 963 .
669 891 738 961 136
930 866 935 875 ’
1026 902 1231 958 couuuruu
1254 902 1473 957 ruunrronu

666 1049 832 1124 videmus
856 1046 1034 1140 accidere,
1059 1046 1159 1141 quod
1186 1046 1290 1121 multi
1322 1047 1438 1121 multu
1468 1046 1557 1122 laisa
1588 1052 1625 1121 et
1657 1068 1752 1123 vana
1782 1046 1838 1121 di-

666 1176 772 1246 cunt:
799 1174 837 1243 et
861 1167 1073 1263 interrogati
1099 1188 1122 1241 a
1147 1166 1283 1262 peritis,
1309 1168 1339 1240 si
1366 1173 1550 1242 noverunt
1566 1168 1676 1242 talem
1703 1175 1836 1261 artem,

667 1291 727 1365 vel
751 1290 781 1363 si
811 1288 944 1363 habent
975 1288 1137 1382 aliquam
1169 1288 1361 1382 rationem,
1387 1308 1453 1383 per
1482 1308 1595 1383 quam
1627 1296 1704 1363 tam
1735 1296 1837 1364 certe

668 1410 855 1485 affirment
877 1409 1014 1483 dictum
1041 1430 1163 1503 suum,
1181 1408 1348 1484 nesciunt
1371 1408 1471 1483 uliud
1497 1411 1730 1505 respondere,
1752 1412 1835 1484 nisi:

668 1551 797 1607 omnes
823 1530 873 1604 sic
898 1529 1042 1623 dicunt3
1069 1536 1106 1603 et
1130 1529 1181 1604 sic
1200 1528 1381 1624 judicium
1399 1528 1640 1604 multitudinis
1660 1531 1837 1626 imperite

670 1651 806 1725 iaciunt
830 1656 976 1724 scutum
1001 1670 1124 1723 suum.
1151 1650 1195 1722 llt
1219 1649 1370 1724 excluso
1391 1669 1465 1724 uno
1483 1650 1674 1726 inventore
1694 1651 1835 1747 gallico,

669 1770 732 1865 qui
758 1791 824 1865 per
849 1770 999 1863 lamam,
1025 1788 1110 1862 quae
1134 1777 1189 1845 est
1220 1789 1318 1865 saepc
1344 1791 1403 1845 res
1429 1770 1631 1865 falsissime,
1662 1770 1835 1866 praeiere-

668 1891 777 1964 batur
801 1889 973 1983 druald0‚
1004 1910 1102 1963 nunc
1135 1889 1295 1963 excludit
1325 1910 1443 1964 unum
1476 1890 1652 1984 italicum,
1681 1891 1744 1983 qui
1773 1890 1834 1964 diu

667 2010 793 2084 habuit
811 2010 947 2083 sumum
965 2029 1011 2083 er
1028 2008 1198 2103 opinione
1215 2009 1326 2105 vulgi.
1341 2011 1385 2083 llt
1401 2010 1480 2084 vult
1494 2009 1618 2084 dicere
1634 2010 1672 2083 in
1689 2010 1835 2103 ellectu,

668 2129 767 2224 quod
800 2130 893 2203 sicut
926 2129 1047 2224 opinio
1079 2130 1357 2224 provincialium
1388 2130 1455 2205 luit
1485 2130 1593 2204 iallux
1626 2131 1663 2204 iu
1697 2132 1758 2206 illo
1792 2130 1837 2206 de

667 2240 821 2343 Lemosl‚
847 2250 897 2322 itu
927 2248 1047 2343 opinio
1074 2255 1264 2323 tuscorum
1291 2249 1327 2322 in
1356 2246 1501 2342 scaled)
1526 2250 1696 2345 Guitone,
1721 2250 1837 2326 donec

669 2369 804 2445 veritus
828 2389 895 2463 per
919 2368 1111 2463 peritiores
1136 2368 1204 2442 fuit
1228 2367 1487 2444 demonstratu.
1509 2371 1611 2446 Unde
1635 2370 1740 2446 dicit:
1766 2366 1837 2445 cml

666 2493 724 2583 ser
750 2492 846 2562 molti
870 2492 998 2563 unlicdi
1014 2491 1051 2561 di
1070 2492 1237 2563 dudone.
1259 2490 1331 2564 lste
1350 2497 1502 2565 vocatus
1527 2490 1595 2565 suit
1621 2492 1733 2567 irater
1749 2491 1838 2567 Gui-

671 2616 779 2684 tonus
797 2610 842 2685 de
860 2610 998 2684 dretio:
1019 2610 1134 2683 bonas
1159 2610 1356 2685 sententias
1374 2608 1568 2705 adiuvenit,
1591 2611 1655 2685 sed
1680 2611 1836 2687 debilem

673 2731 808 2825 stilum,
827 2731 920 2805 siout
936 2736 1054 2825 potest
1073 2728 1222 2827 intelligi
1247 2752 1294 2804 ex
1318 2729 1423 2825 libro,
1442 2750 1553 2824 quem
1575 2730 1670 2825 fecit,
1689 2740 1731 2805 ul
1748 2730 1836 2826 vidi3

673 2850 771 2925 uude
795 2850 899 2925 dicit:
930 2872 1001 2943 pur
1025 2853 1073 2925 lul
1102 2854 1223 2925 dando
1250 2854 1430 2944 ilpreyiu,
1460 2851 1551 2927 idest
1580 2852 1728 2947 lamam,
1759 2873 1839 2928 ma-

670 2972 726 3068 gis
744 2993 856 3065 quam
883 2991 984 3065 vero,
1010 2974 1047 3045 dl
1071 2974 1176 3062 mido
1199 2976 1236 3045 in
1260 2975 1379 3064 utillo,
1405 2992 1471 3067 per
1497 2973 1656 3047 mullum
1681 2980 1838 3069 tempus,

668 3094 721 3183 fin
736 3093 796 3165 cde
817 3094 844 3164 tl
868 3111 964 3183 nero,
982 3092 1081 3185 quod
1107 3096 1162 3166 est
1186 3112 1247 3165 res
1272 3092 1477 3186 fortissima,
1504 3096 1527 3165 l
1540 3096 1586 3165 da
1604 3095 1710 3185 mtto,
1736 3093 1839 3167 illum

672 3210 883 3304 drueldum,
915 3232 981 3284 oon
1001 3206 1063 3303 piri
1084 3232 1249 3303 persone,
1283 3212 1370 3305 quia
1404 3212 1509 3286 multi
1540 3213 1720 3306 sapientes
1745 3220 1841 3287 tum-

670 3333 755 3407 dem
789 3332 956 3407 vicerunt
988 3351 1155 3405 errorem
1191 3352 1277 3405 oum
1310 3339 1392 3406 arte
1423 3338 1460 3405 et
1493 3332 1707 3407 ratione-
1724 3336 1775 3407 Or
1803 3355 1841 3406 re

671 3458 707 3525 tu
728 3454 797 3524 dal.
823 3452 928 3525 Nunc
953 3458 1059 3546 poeta
1085 3450 1241 3525 ostendit
1265 3451 1470 3545 servitium,
1492 3453 1591 3546 quod
1618 3452 1749 3526 ultimo
1776 3473 1841 3547 pe·

673 3574 751 3647 tivit
775 3571 891 3646 Guido
908 3572 956 3646 ab
976 3591 1032 3646 eo.
1051 3572 1094 3644 Et
1115 3571 1274 3646 breviter
1292 3571 1389 3666 dicit,
1410 3573 1509 3666 quod
1528 3572 1646 3647 Guido
1661 3574 1740 3667 jam
1759 3582 1841 3647 erat

672 3698 865 3768 contentus
881 3691 927 3765 de
952 3691 1061 3783 ieme,
1080 3711 1193 3785 quam
1212 3690 1363 3766 dederat
1388 3691 1455 3765 sibi
1481 3700 1606 3789 poeto:
1627 3692 1781 3787 rogavit,
1800 3700 1841 3765 ut

672 3812 777 3887 daret
802 3810 867 3884 sibi
892 3811 1044 3885 brevem
1063 3810 1278 3904 orationem,
1297 3811 1384 3903 quia
1400 3810 1522 3885 brevis
1538 3812 1657 3886 oratio
1673 3818 1841 3907 penetrat
1898 3877 1903 3883 .

672 3933 830 4024 coelum;
858 3931 954 4005 unde
979 3930 1063 4004 dicit
1089 3937 1257 4025 repetens
1282 3930 1437 4026 gratiam
1464 3931 1545 4005 eius
1568 3925 1760 4025 Guido(²):
1789 3937 1841 4007 Or

673 4076 710 4127 se
726 4060 761 4127 lu
777 4054 837 4126 dui
852 4045 882 4125 sl
899 4054 1015 4144 amplo
1029 4053 1227 4144 wodenio,
1240 4050 1343 4146 idest,
1362 4056 1437 4125 tum
1456 4054 1695 4128 excellentem
1712 4060 1750 4127 et
1767 4054 1841 4127 siu-

673 4175 841 4270 gularem
863 4170 1033 4267 gratiam,
1050 4174 1110 4244 me
1129 4173 1220 4244 licito
1245 4174 1271 4244 ti
1288 4173 1345 4243 sia
1369 4173 1392 4244 ἵ
1401 4174 1533 4264 undar,
1551 4192 1638 4247 cum
1655 4193 1769 4248 carne
1785 4173 1841 4250 vi.-

675 4302 795 4386 vente,
820 4296 859 4366 ol
881 4295 1044 4385 noiomo,
1063 4291 1165 4386 idest,
1183 4290 1230 4365 nd
1249 4292 1425 4387 templum
1444 4292 1601 4366 coelestis
1625 4293 1841 4386 Jerusalem,

673 4418 731 4489 nel
754 4416 838 4506 qual
864 4416 975 4485 cristo
1001 4405 1166 4485 deodate
1186 4414 1244 4485 del
1262 4413 1419 4501 cotteym,
1437 4411 1583 4505 scilicet,
1610 4412 1842 4507 triumphun-

675 4536 719 4609 tis
742 4532 923 4627 ecclesiae3
947 4535 1039 4627 sauli
1065 4553 1132 4625 per
1163 4553 1230 4623 nu,
1262 4532 1297 4604 in
1325 4531 1384 4606 illo
1409 4533 1571 4606 claustro
1597 4539 1680 4606 tum·
1697 4532 1841 4626 devoto,

673 4676 722 4729 un
745 4656 804 4727 dir
828 4656 865 4727 di
886 4658 1125 4745 pulcritudine,
1150 4652 1253 4745 idest
1278 4652 1494 4742 orationem
1515 4651 1748 4748 dominicum,
1768 4674 1842 4748 quu

675 4775 775 4849 nulla
806 4779 861 4848 est
891 4772 1021 4847 melior
1052 4778 1090 4846 et
1122 4770 1327 4867 perfectior,
1353 4778 1395 4845 ul
1425 4771 1520 4847 bene
1549 4772 1755 4867 expositum
1788 4781 1844 4848 est

738 5034 766 5098 (¹)
782 5034 812 5085 li.
829 5034 856 5085 lu
871 5033 953 5086 intre
969 5034 1099 5086 Gulltouo.
1286 5031 1315 5092 (¹)
1330 5032 1361 5084 E.
1377 5035 1431 5097 inno
1445 5033 1536 5085 Guido.
