4342 6692
324 1369 490 1439 GANTUS
513 1369 726 1453 QUARTUS,
737 1372 774 1438 in
783 1391 844 1455 quo
853 1372 987 1439 solvitur
998 1376 1127 1457 querulo
1139 1373 1178 1439 de
1187 1378 1266 1453 voto,
1279 1374 1333 1439 nbi
1347 1374 1491 1459 tunpitur

504 1484 587 1567 qnod
607 1483 753 1549 volumus
774 1483 892 1567 duplex
913 1490 968 1563 eat,
992 1486 1135 1551 monimo
1158 1490 1189 1551 et
1210 1487 1321 1551 mixto.

400 1792 543 1959 Imm
570 1888 641 1961 dno
664 1887 730 1960 nbi
753 1890 896 1960 dictami
919 1908 938 1960 c
962 1891 1119 1962 mouenti.
1142 1889 1340 1983 Postquam
1368 1888 1405 1961 in
1430 1908 1494 1961 su·

324 2006 460 2103 periori
485 2006 645 2102 capitulo
670 2006 837 2103 proxime
862 2007 1079 2102 praecedenti
1105 2008 1239 2084 Dantes
1265 2007 1433 2083 tractavit
1458 2012 1496 2081 et

324 2126 581 2203 determinavit
604 2126 651 2203 de
675 2126 869 2201 animabus
894 2126 1105 2202 beatificatis
1131 2127 1167 2202 in
1192 2148 1348 2223 corpore
1373 2126 1494 2220 lunae3

324 2267 423 2321 nuuc
447 2252 715 2340 consequenter
740 2246 777 2319 in
802 2245 871 2320 isto
895 2252 1029 2341 quarto
1053 2247 1213 2344 capitulo
1229 2246 1375 2322 discutit
1391 2266 1495 2340 quae-

324 2366 410 2442 dam
436 2366 546 2440 dubia
571 2366 725 2441 orientia
751 2386 798 2442 ex
824 2366 1044 2461 quibusdam
1074 2368 1177 2443 dictis
1207 2368 1245 2442 in
1276 2368 1371 2443 dicto
1396 2367 1496 2462 capi-

187 2561 189 2564 ,
262 2496 266 2501 ’
324 2487 414 2561 tulo.
440 2486 484 2559 Et
509 2490 625 2559 totum
652 2506 813 2581 praesens
837 2485 1037 2583 capitulum
1064 2495 1183 2583 potest
1207 2488 1369 2563 breviter
1386 2486 1495 2561 dividi

324 2607 363 2681 in
388 2612 550 2701 quatuor
575 2613 697 2701 partes
721 2606 933 2703 generalem
950 2607 986 2680 in
1005 2616 1163 2702 quarum
1184 2608 1301 2704 prima
1324 2608 1496 2683 describit

326 2747 432 2800 suam
457 2725 728 2822 dispositionem
754 2727 851 2801 circa
876 2728 951 2802 dno
980 2728 1102 2822 dubia,
1128 2734 1165 2803 et
1189 2728 1358 2825 proponit
1383 2728 1441 2801 illa
1457 2722 1493 2820 (¹)

325 2847 447 2923 dubia.
475 2848 515 2920 ln
541 2847 700 2921 secunda
727 2846 831 2921 solvit
856 2849 1016 2923 alterum
1042 2848 1252 2944 dubiorum,
1273 2850 1339 2923 ibi:
1358 2852 1421 2923 Dc!
1434 2852 1496 2922 Se-

324 2972 430 3062 rolin.
460 2968 501 3041 ln
533 2967 637 3041 tertia
676 2966 782 3042 solvit
817 2969 1021 3042 secuudum
1048 2969 1215 3065 dubium,
1246 2970 1311 3044 ibi:
1338 2972 1493 3043 L’oltro.

324 3090 365 3163 ln
391 3094 523 3183 quarta
548 3086 695 3161 discutit
718 3087 827 3162 aliam
849 3088 1088 3182 quaestionem
1110 3090 1327 3165 incidentem
1343 3082 1380 3181 (⁸)
1397 3088 1496 3163 circa

324 3208 431 3302 dicta,
449 3215 486 3282 et
506 3207 622 3304 tangit
646 3228 780 3282 novam
807 3208 1061 3303 questionem,
1089 3208 1155 3282 ibt:
1174 3212 1237 3283 Ma
1261 3230 1315 3283 or.
1343 3210 1395 3283 ld
1420 3209 1496 3305 pri-·

326 3349 430 3403 mum
458 3327 608 3402 veniens
632 3326 727 3422 dico,
753 3327 850 3421 quod
876 3332 985 3401 autor
1009 3328 1180 3402 describit
1211 3350 1316 3404 suam
1347 3329 1497 3424 disposi-

325 3449 462 3524 tionem
488 3447 727 3543 interceptam
760 3448 896 3543 pariter
924 3469 947 3522 a
977 3448 1121 3522 duobus
1154 3448 1282 3523 dubiis.
1309 3448 1363 3522 Ad
1392 3448 1498 3523 cuius

325 3565 599 3664 intelligentiam
626 3575 771 3662 oportet
796 3568 915 3663 primo
940 3568 1173 3645 considerare
1199 3569 1298 3664 quod
1316 3576 1426 3644 autor
1443 3568 1499 3641 in-

325 3686 440 3765 tendit
465 3685 660 3762 ostendero
686 3688 873 3781 quomodo
896 3688 973 3783 ipse
997 3688 1145 3763 timidus
1165 3698 1314 3785 propter
1332 3690 1498 3787 fulgura·

325 3811 464 3887 tionem
497 3810 671 3887 Beatricis
702 3810 895 3885 desistebat
927 3831 1132 3906 proponere
1161 3811 1379 3905 questiones
1410 3812 1498 3885 sub-

327 3931 490 4027 scriptas,
519 3930 686 4006 nesciens
719 3931 858 4025 eligere
888 3951 912 4005 a
942 3951 1015 4025 qua
1045 3929 1220 4026 inciperet
1227 3956 1237 4025 ;
1265 3931 1345 4006 ideo
1371 3932 1497 4005 volens

326 4051 521 4126 ostendere
544 4051 687 4145 aeqnale
712 4048 933 4124 desiderium
965 4070 1074 4123 suum
1107 4050 1292 4145 praemittit
1318 4049 1494 4146 triplicem

327 4170 638 4265 comparationem
657 4160 879 4264 pulcram(³)‚
894 4189 1053 4264 quarum
1072 4170 1191 4265 prima
1206 4176 1261 4245 est
1274 4170 1319 4244 de
1332 4168 1496 4265 appetitu

326 4288 493 4363 bominis.
520 4290 612 4364 Dicit
642 4310 752 4385 ergo:
782 4289 902 4363 Libero
929 4310 1047 4380 nomo,
1077 4288 1215 4384 positus
1244 4288 1289 4363 ad
1317 4308 1497 4384 mensam,

321 4414 407 4504 pn'u
418 4415 451 4484 ci
462 4402 600 4484 morrta
611 4412 649 4483 di
656 4412 767 4504 sante,
779 4408 808 4483 si
821 4417 917 4485 esset
931 4410 1133 4502 famelicus,
1149 4412 1208 4483 cle
1220 4412 1252 4482 si
1266 4430 1404 4485 recusso
1421 4412 1498 4483 tun

325 4532 818 4626 alumnumalumnum
840 4529 1039 4626 applicaret
1057 4551 1172 4604 unum
1196 4530 1318 4605 cibum
1340 4530 1395 4605 ori
1416 4552 1497 4626 suo,

325 4654 422 4725 intra
445 4654 515 4725 duo
539 4653 617 4745 cibi,
645 4651 827 4747 appositos
852 4651 918 4725 sibi
948 4651 1110 4726 eiusdem
1139 4650 1319 4747 bonitatis,
1344 4655 1498 4745 distanti,

328 4770 430 4865 idest,
455 4772 648 4865 aeqrraliter
673 4776 846 4865 remotos,
876 4793 896 4843 e
925 4773 1084 4864 monenti,
1118 4770 1264 4866 scilicet,
1294 4770 1495 4867 appetitum

389 5023 417 5088 (¹)
432 5028 456 5085 t,
473 5023 518 5075 lllu
534 5024 587 5076 dno
602 5026 688 5078 dubis.
814 5022 842 5088 ρ)
857 5026 883 5078 S.
899 5026 1050 5078 incidenter.
1177 5025 1202 5089 (¹)
1220 5026 1250 5079 E.
1266 5027 1460 5091 pulcerrimum.
