4342 6692
328 1278 494 1348 cautus
523 1278 757 1358 SECUNDUS,
784 1282 821 1346 in
848 1300 908 1366 quo
938 1279 1117 1346 continetur
1143 1297 1291 1344 osoeunas
1319 1277 1355 1344 iu
1377 1298 1503 1379 sporum

405 1391 497 1470 loun,
520 1392 576 1457 ubi
589 1393 725 1476 ponatur
746 1391 891 1476 gundum
912 1390 1042 1474 questio
1073 1389 1112 1456 de
1135 1390 1322 1456 obscuritate
1349 1411 1418 1474 qtrae
1445 1412 1502 1476 op,-

400 1508 498 1586 pnret
519 1503 555 1567 iu
576 1502 664 1568 luno.

411 1775 493 1944 0
512 1888 575 1940 vor
597 1869 658 1940 obe
671 1871 753 1942 sinte
774 1869 813 1940 in
829 1870 1009 1960 monoteta
1024 1868 1146 1940 borco.
1166 1869 1364 1962 Postquam
1384 1865 1420 1940 in
1430 1886 1501 1966 vsu-

320 1987 464 2082 periori
489 1987 610 2083 primo
634 1987 793 2083 capitulo
818 1987 1033 2086 prohemiali
1055 1995 1161 2082 poeta
1180 1987 1314 2062 [lantes
1333 1984 1501 2061 tractavit

330 2114 368 2183 et
384 2107 640 2182 determinavit
656 2108 702 2185 de
719 2107 799 2182 eius
816 2107 980 2205 generali
996 2128 1151 2208 ascensu
1169 2108 1215 2181 ad
1233 2108 1381 2200 coelum,
1403 2123 1503 2180 nunc

329 2227 598 2323 subsequenter
623 2228 659 2301 in
684 2228 753 2302 isto
778 2228 941 2304 secundo
966 2228 1125 2322 capitulo
1142 2227 1217 2324 agit
1243 2235 1280 2302 et
1305 2232 1436 2300 tractat
1457 2224 1504 2300 de

330 2348 411 2422 eius
435 2347 580 2443 speciali
606 2367 761 2423 ascensu
787 2349 834 2424 ad
859 2349 1017 2444 primam
1042 2367 1189 2444 speram
1216 2348 1323 2422 lunae.
1343 2347 1386 2421 Et
1406 2365 1502 2442 prae-

330 2487 414 2544 scus
439 2467 639 2562 capitulum
666 2474 784 2563 potest
800 2468 909 2543 dividi
925 2469 964 2542 in
981 2477 1144 2564 quatuor
1161 2476 1283 2565 partes
1300 2468 1500 2564 generales.

330 2587 371 2662 ln
396 2587 513 2682 prima
539 2607 699 2680 quarum
725 2594 835 2662 antor
860 2587 944 2662 iacit
973 2590 1144 2684 pulcrum
1178 2594 1216 2664 et
1247 2589 1360 2664 breve
1394 2608 1505 2662 exor-

330 2707 445 2801 dium,
470 2707 508 2780 in
534 2727 610 2803 quo
633 2707 696 2782 dat
723 2729 834 2783 suum
867 2709 1057 2784 consilinm
1093 2708 1322 2784 auditoribus
1351 2727 1504 2783 servan-

332 2826 421 2903 dum
447 2826 484 2900 in
508 2847 576 2903 sua
602 2827 778 2902 doctrina.
804 2828 846 2902 ln
869 2829 1029 2904 secunda
1055 2829 1212 2904 ostendit
1237 2827 1422 2922 quomodo
1448 2826 1505 2900 in-

333 2947 485 3021 traverit
498 2941 535 3039 (⁴)
561 2967 707 3043 speram
738 2948 846 3044 lunae,
872 2955 910 3023 et
933 2948 1104 3024 describit
1135 2969 1269 3045 eorpus
1294 2949 1402 3042 lunae,
1428 2948 1503 3022 ibi:

332 3071 384 3140 Lo
414 3075 612 3143 conuento.
647 3068 687 3140 ln
723 3068 828 3143 tertia
863 3068 979 3164 tangit
1016 3068 1170 3142 dubium
1201 3068 1298 3143 circa
1331 3068 1502 3144 umbram

332 3195 580 3282 quaeapparet
596 3187 634 3261 in
651 3187 750 3284 luna,
764 3193 802 3261 et
819 3188 1010 3284 impugnat
1025 3208 1264 3264 communem
1284 3188 1506 3284 opinionem,

332 3325 416 3400 quae
433 3307 590 3382 babetur
614 3307 661 3382 de
686 3309 767 3401 hoc,
793 3307 865 3381 ibi:
891 3313 954 3382 llo
970 3311 1096 3382 alitem
1116 3308 1156 3380 ln
1174 3313 1306 3401 quarta
1324 3314 1359 3382 et
1378 3307 1508 3381 ultima

331 3424 478 3501 adducit
507 3446 614 3501 suam
639 3426 861 3521 opinionem,
886 3448 999 3520 quam
1030 3426 1146 3502 credit
1177 3447 1316 3521 veram,
1348 3426 1417 3500 ibi:
1457 3429 1508 3505 Or

331 3564 427 3617 come
446 3547 484 3618 oi
498 3549 598 3639 colpt
625 3545 679 3620 Ad
704 3547 866 3641 primum
891 3547 1053 3640 veniens,
1074 3546 1167 3641 dico,
1194 3546 1292 3639 quod
1311 3553 1421 3622 autor
1444 3545 1508 3622 dat

332 3686 442 3738 suum
463 3665 655 3741 consilinm
680 3666 929 3761 auditoribus3
955 3672 992 3742 et
1018 3667 1138 3762 primo
1161 3667 1361 3761 alloquitur
1385 3666 1508 3742 minus

332 3785 498 3880 scientes,
516 3806 677 3881 quorum
704 3793 759 3862 est
784 3787 894 3861 turba
921 3807 1074 3884 magna3
1093 3795 1130 3862 et
1148 3788 1227 3863 vult
1243 3786 1507 3879 sententialiter

332 3905 477 3980 dicere:
502 3926 526 3979 o
552 3926 775 4002 vesparum
802 3906 1053 4006 intelligentes
1079 3907 1142 3999 qui
1169 3906 1303 4002 legistis
1320 3906 1505 3981 internum

333 4031 370 4100 et
395 4027 651 4122 purgatorium
674 4048 817 4122 meum,
836 4027 1062 4102 revertimini
1083 4026 1130 4101 ad
1148 4027 1341 4102 materiam
1361 4048 1505 4123 eorum,

322 4147 469 4222 elnon
494 4146 741 4222 intromittatis
766 4168 832 4222 vos
848 4148 886 4222 in
903 4147 1013 4221 istum
1037 4147 1259 4242 paradisum.
1278 4147 1371 4223 uicit
1392 4169 1503 4245 ergo:

338 4268 462 4358 Oooi,
491 4266 638 4361 scilicet,
664 4267 820 4353 lectores
846 4267 1031 4356 modicum
1057 4267 1312 4364 intelligentes,
1339 4270 1403 4361 obe„
1423 4272 1506 4344 mete

332 4387 372 4458 io
398 4389 580 4477 pecolecn
609 4387 733 4480 buco,
766 4388 868 4482 idest,
902 4387 939 4461 in
974 4406 1087 4481 parva
1120 4387 1321 4482 capacitate
1351 4388 1507 4485 ingenii3

333 4504 433 4580 unde
456 4506 495 4580 in
519 4507 695 4602 principio
721 4506 926 4603 purgatorii
950 4512 1058 4602 poeta
1082 4505 1296 4581 assimilavit
1317 4507 1504 4604 ingenium

333 4645 443 4699 suurn
469 4625 664 4701 navicula:
691 4634 729 4702 et
753 4646 843 4702 vere
869 4627 950 4721 plus
981 4633 1038 4701 est
1067 4647 1161 4722 opus
1187 4638 1322 4722 magno
1348 4627 1506 4724 ingenio,

324 4765 446 4838 uuam
474 4767 608 4842 magna
629 4746 777 4821 scientia
801 4745 849 4821 ad
874 4745 1150 4843 intcbigentiam
1174 4745 1284 4820 huius
1301 4746 1395 4841 libri,
1413 4747 1507 4840 sicut

396 5007 424 5070 (Ἴ
440 5011 464 5068 t,
480 5006 594 5057 intrarit.
687 5063 691 5066 ⁴
