4342 6692
647 900 786 979 murus
811 925 1028 980 retenemus
1051 924 1247 980 securum.
1459 915 1528 982 261

359 1069 440 1144 eine
463 1069 623 1144 domino.
641 1071 820 1166 Cognovit
844 1078 882 1144 et
907 1090 1064 1145 uxorem
1087 1070 1224 1145 demini
1242 1071 1298 1144 sui
1315 1073 1532 1148 mereatoris

359 1189 536 1284 ditissimi,
561 1211 675 1286 quem
701 1197 966 1286 postmortem
992 1189 1087 1264 illius
1116 1190 1222 1265 duxit
1246 1211 1422 1288 uxorem3
1449 1200 1531 1268 tun-

358 1311 446 1386 dem
472 1312 508 1384 iu
525 1318 635 1386 aetute
651 1311 892 1408 quadraginta
908 1332 1093 1386 annerum
1112 1311 1294 1387 extinctus
1312 1321 1367 1388 est
1387 1333 1532 1388 venene

361 1430 491 1505 fraude
514 1451 681 1506 suornm.
706 1431 761 1506 td
785 1432 929 1506 literam
959 1452 1062 1528 erge,
1089 1438 1195 1527 poete
1221 1431 1392 1508 describit
1417 1433 1529 1506 istum
1672 1491 1674 1496 .

360 1551 433 1626 sub
456 1550 575 1648 ligure
599 1552 779 1646 draconis,
805 1553 946 1628 diceus:
964 1557 1031 1626 Pet
1046 1572 1161 1646 parve
1181 1574 1205 1625 a
1229 1573 1282 1628 me
1299 1556 1359 1627 ete
1378 1557 1415 1627 la
1434 1561 1533 1627 terre

359 1674 551 1764 damme,
573 1681 615 1745 ut
640 1679 787 1767 pareret
809 1672 920 1748 istum
941 1673 1140 1750 draeonem
1167 1673 1399 1769 diabolicum,
1418 1695 1530 1769 quem

361 1813 451 1868 rere
467 1794 545 1868 risa
562 1799 617 1868 ent
633 1793 802 1868 emittere
826 1793 875 1867 eb
898 1792 1064 1888 inlern03
1083 1794 1150 1869 luit
1172 1794 1270 1869 euim
1296 1796 1408 1870 treme
1434 1799 1532 1869 totus

361 1912 518 1988 earnalis
537 1917 575 1987 et
593 1918 775 2006 terrenae,
788 1913 943 1986 &ambo
957 1916 1111 2007 terente,
1136 1912 1229 1988 idest
1246 1913 1341 1989 inter
1361 1914 1454 1989 duan
1472 1933 1533 1988 re

362 2039 429 2127 tae,
446 2031 582 2108 scilieet
605 2039 712 2108 retus
737 2039 775 2108 et
798 2053 938 2108 novum
960 2039 1243 2127 teetameutum3
1265 2042 1302 2110 et
1323 2034 1531 2129 benedicit,

361 2175 449 2229 nem
473 2155 738 2230 Mechemettus
762 2175 810 2229 er
837 2159 997 2248 utreque
1021 2159 1242 2230 testamento
1267 2155 1453 2231 constituit
1478 2156 1532 2230 le-

359 2295 447 2370 gem
472 2276 681 2369 semeeuis3
701 2275 888 2350 asserebat
913 2275 1012 2350 enim
1038 2293 1079 2350 se
1102 2275 1255 2348 missum
1276 2275 1322 2350 ed
1343 2275 1533 2350 declaren-

360 2394 446 2468 dem
471 2394 591 2489 legem
620 2394 730 2490 Moysi
751 2394 896 2490 judeis,
912 2400 950 2469 et
966 2395 1086 2491 legem
1107 2393 1239 2468 Christi
1257 2394 1478 2489 christianis3
1496 2401 1533 2469 et

361 2525 403 2592 ut
420 2518 517 2595 male
532 2516 775 2612 intelligentes
794 2517 1000 2612 corrigeret
1016 2523 1054 2591 et
1069 2515 1234 2611 doceret,
1251 2523 1289 2592 et
1306 2521 1456 2591 necaret
1476 2515 1533 2589 in-

359 2637 548 2732 credulum
575 2637 673 2712 unde
696 2637 800 2712 dicit:
822 2659 841 2710 e
864 2639 937 2711 eidi
960 2641 1098 2722 neuim
1113 2657 1162 2710 un
1179 2639 1295 2728 drago
1305 2662 1321 2730 ,·
1341 2636 1452 2710 draco
1477 2631 1533 2709 di·

361 2760 458 2835 citur
482 2777 632 2853 serpeus
658 2757 795 2853 templi,
820 2764 856 2832 et
888 2757 956 2832 iste
990 2757 1137 2831 intravit
1162 2758 1341 2851 templum
1367 2754 1531 2829 llemlni:

363 2877 432 2953 lnit
455 2877 514 2952 lric
543 2878 656 2954 draco
690 2879 881 2952 immense
911 2875 1180 2973 magnitudinis,
1215 2877 1333 2950 maier
1364 2881 1534 2970 serpente

363 2997 437 3094 qui·
452 3017 650 3072 romanum
676 2997 824 3072 vexerit
848 2997 1054 3072 exercitum
1079 2997 1149 3071 sub
1171 2998 1293 3071 llerce
1322 2996 1465 3093 Regulo
1495 2995 1532 3069 in

361 3117 492 3193 Allien.
519 3117 602 3191 Fuit
626 3116 685 3192 liin
711 3117 822 3192 draco
847 3119 967 3192 alatur
991 3117 1056 3211 qui
1081 3117 1218 3191 velarit
1249 3117 1297 3191 ab
1329 3118 1473 3192 nrieute
1496 3117 1534 3191 in

362 3237 607 3331 occidentem
635 3237 733 3312 uude
753 3237 857 3312 diet:
876 3239 937 3310 ete
957 3240 1259 3329 pertecnrrnsu
1280 3239 1532 3330 laenitatem,
1600 3283 1603 3290 -

361 3358 518 3434 mudum
549 3364 781 3451 venenatam,
807 3377 883 3452 qua
908 3357 1029 3433 iulecit
1060 3377 1232 3454 maguam
1267 3364 1411 3452 partem
1444 3357 1535 3432 fide·

361 3477 466 3552 lium
479 3477 524 3551 dt
536 3478 624 3572 quia
641 3477 772 3553 fixerat
788 3477 946 3552 caudam
958 3498 1109 3552 sursum
1122 3484 1251 3552 eontra
1264 3477 1396 3570 Deum,
1414 3477 1535 3552 subdit

362 3599 550 3693 quemodo
571 3599 727 3674 retraxit
750 3619 835 3673 eum
858 3598 906 3673 ad
922 3617 966 3674 ee
987 3619 1075 3673 cum
1102 3597 1225 3694 prede
1250 3617 1317 3694 per
1341 3617 1536 3693 compera-

363 3719 502 3794 tieuem
526 3738 662 3814 resne,
685 3718 829 3794 dinem:
855 3741 876 3792 e
899 3726 1013 3793 nesse
1036 3722 1100 3794 del
1120 3722 1248 3814 sendo,
1265 3718 1364 3793 illiue
1387 3737 1534 3813 currus,

362 3843 403 3913 le
424 3841 517 3914 ende
540 3842 712 3932 mulera,
735 3839 839 3935 idest,
862 3840 959 3916 mele
980 3840 1146 3938 ignitam,
1163 3841 1224 3914 ille
1242 3840 1365 3933 draeo,
1386 3840 1534 3912 arumde

364 3981 393 4032 n
414 3981 465 4051 re,
488 3959 592 4053 idest,
618 3959 870 4054 retorquerdn
892 3960 938 4034 ed
964 3979 1016 4053 se,
1041 3979 1137 4032 enm
1163 3979 1268 4052 vespa
1292 3963 1352 4032 cde
1375 3963 1536 4050 ritragge

364 4083 486 4171 tngo,
510 4079 614 4173 idest,
639 4079 814 4154 aculeum
838 4099 964 4154 suum.
988 4079 1032 4152 Et
1057 4085 1113 4154 ent
1138 4078 1363 4172 comparatio
1388 4077 1536 4173 pronde

364 4199 413 4274 de
435 4219 546 4295 reign
572 4220 657 4294 qun
681 4207 738 4275 est
761 4199 998 4294 immineant,
1015 4205 1054 4275 et
1073 4204 1193 4273 ventat
1208 4198 1355 4272 dulcem
1372 4198 1535 4272 tructam

364 4319 457 4415 eins,
482 4320 577 4395 sieut
601 4321 868 4396 Machnmettun
890 4319 1032 4396 Christi.
1058 4320 1103 4393 Et
1127 4318 1231 4394 dicit:
1257 4339 1277 4391 e
1299 4321 1416 4410 gem
1444 4337 1537 4410 euge

365 4440 583 4535 nngmidest,
592 4441 742 4517 redemit
758 4441 819 4516 ille
830 4441 953 4516 druco.
968 4441 1013 4515 Et
1025 4439 1085 4515 hie
1100 4445 1187 4514 note
1201 4439 1300 4534 qued
1312 4439 1537 4514 Meehnmet·

364 4567 426 4635 tu
450 4569 608 4657 rugatus
628 4569 685 4638 eet
708 4571 836 4657 meten
863 4582 930 4658 per
958 4561 1088 4636 ortem
1115 4566 1316 4652 terrerum,
1342 4559 1429 4654 quie
1460 4558 1537 4633 suin

365 4681 472 4756 mis
500 4682 643 4757 ertilnm
676 4684 822 4777 areles,
854 4703 976 4780 syren,
1007 4681 1147 4776 medon
1177 4701 1314 4777 persas,
1349 4679 1535 4777 aeglvliffir

219 4885 230 4903 x
363 4799 538 4896 ethiopes
562 4807 601 4876 et
627 4802 814 4897 usquead
836 4801 1133 4897 Hispaniemsun
1157 4821 1288 4876 errore
1312 4799 1468 4876 seduxit.
1493 4801 1537 4874 Et

364 4919 526 4995 breviter
551 4920 588 4994 in
613 4921 766 4996 ecelesia
790 4921 855 4996 llei
881 4928 1005 4996 tentus
1022 4939 1130 4996 error
1148 4921 1265 4996 lectus
1282 4925 1351 5016 est,
1371 4919 1469 5015 quod
1487 4920 1535 4995 ab

364 5039 514 5116 infantie
539 5041 702 5117 ecclesie
727 5063 847 5137 usque
870 5041 919 5116 ed
942 5041 1026 5116 eine
1046 5041 1203 5135 setium,
1228 5041 1331 5136 idest,
1351 5059 1472 5135 nsum
1489 5039 1537 5115 ed
