4342 6692
703 881 776 954 2⁷8
1065 889 1274 950 conamus
1294 888 1518 950 nuncaronu

702 1037 828 1116 turin
851 1040 1006 1132 petram,
1038 1034 1143 1130 quasi
1177 1034 1284 1130 dicut,
1318 1033 1388 1110 nisi
1417 1053 1521 1110 mens
1550 1038 1614 1110 tua
1639 1034 1755 1112 labilis
1780 1043 1877 1112 esset

702 1156 891 1234 miricam
909 1176 956 1231 eo
981 1155 1092 1230 modo
1110 1175 1185 1250 quo
1205 1174 1303 1250 aqua
1323 1155 1426 1234 Ebae.
1452 1153 1508 1230 dd
1527 1153 1627 1248 quod
1651 1155 1755 1230 clare
1766 1147 1804 1249 (¹)
1822 1156 1877 1232 im

704 1275 940 1373 redigendum
958 1276 1043 1351 volo
1060 1281 1097 1350 te
1113 1275 1219 1370 scire,
1237 1273 1338 1369 quod
1354 1274 1448 1351 sicut
1464 1272 1588 1350 scribit
1604 1273 1742 1350 Plinius
1755 1276 1794 1358 in
1810 1297 1876 1354 na·

703 1397 815 1474 turali
838 1395 988 1474 bistoria
1012 1395 1107 1470 libro
1132 1396 1298 1492 septimo,
1317 1401 1354 1472 et
1370 1394 1510 1471 Seneca
1533 1393 1627 1470 libro
1649 1397 1871 1472 naturalium

703 1517 960 1614 questionum,
985 1523 1128 1592 nature
1148 1522 1186 1592 at
1204 1515 1447 1613 proprietates
1463 1535 1648 1610 aquarum
1665 1522 1752 1590 sunt
1770 1518 1873 1594 valde

702 1638 815 1714 variae
840 1645 878 1714 et
902 1637 1087 1713 mirabiles
1112 1635 1149 1710 in
1178 1635 1332 1712 diuersis
1359 1634 1523 1731 partibus
1555 1635 1704 1730 mundi;
1734 1639 1800 1714 sed
1827 1661 1874 1716 ne

702 1758 834 1835 vadam
860 1779 927 1853 per
950 1758 1127 1855 ambages
1152 1759 1301 1856 longea
1321 1757 1506 1854 proposito
1523 1755 1679 1832 initalia
1696 1757 1734 1832 in
1751 1759 1873 1835 nuum

701 1878 791 1956 locis
815 1885 902 1954 sunt
931 1897 1041 1972 aquae
1068 1898 1156 1971 quae
1186 1882 1384 1954 vertuntur
1415 1875 1454 1951 in
1485 1875 1621 1972 lapides
1649 1876 1744 1954 sicut
1777 1900 1881 1974 aqua-

700 1999 862 2074 duminis
886 1996 1005 2092 Sarni,
1031 2018 1116 2092 quae
1140 2017 1165 2072 a
1189 1995 1369 2093 principio.
1390 1996 1449 2072 sui
1472 2004 1576 2072 ortus
1602 1996 1761 2073 efficitur
1786 1999 1874 2095 iapis

701 2120 920 2199 durissimus
943 2119 982 2194 in
1006 2118 1126 2194 brevi:
1155 2117 1253 2193 unde
1278 2117 1406 2194 incole
1430 2117 1500 2198 ioci
1528 2117 1577 2194 de
1606 2118 1783 2196 industria
1808 2142 1873 2217 po-

701 2249 795 2316 nunt
819 2240 869 2314 ibi
893 2240 964 2316 sub
987 2259 1086 2335 aqna
1113 2238 1256 2314 tabulas
1281 2259 1369 2314 cum
1394 2238 1506 2314 variis
1530 2238 1656 2314 iormis
1681 2245 1719 2315 et
1735 2240 1874 2338 figuris,

701 2383 813 2458 super
838 2361 972 2457 quibus
998 2360 1092 2434 fiunt
1116 2357 1253 2456 lapidas
1277 2381 1364 2436 oum
1394 2359 1531 2438 eisdem
1564 2361 1872 2457 impressionibus.

700 2483 763 2560 Est
787 2487 914 2556 autem
939 2480 998 2557 bic
1023 2479 1158 2557 fluvius
1183 2480 1219 2554 in
1244 2477 1386 2576 Apulia,
1412 2486 1450 2556 et
1478 2500 1552 2554 non
1578 2486 1633 2556 est
1654 2479 1777 2556 Arnus
1801 2483 1873 2556 Tu.

701 2604 799 2698 scioe,
824 2602 919 2678 sicut
943 2601 1094 2696 quidam
1119 2600 1209 2676 salsa
1234 2600 1469 2696 scripserunt,
1490 2599 1584 2676 sicut
1601 2600 1792 2696 floresium
1810 2604 1873 2679 sed

701 2729 757 2800 est
777 2722 871 2796 alius
889 2720 1024 2796 iluvius
1039 2719 1078 2795 in
1094 2719 1224 2796 Tuscia
1241 2720 1280 2794 in
1294 2741 1387 2817 agro
1404 2719 1596 2796 florentino
1618 2721 1767 2798 nomine
1780 2723 1871 2817 Eisa,

700 2844 808 2920 cuius
831 2863 931 2937 aqua
954 2861 978 2916 a
997 2839 1173 2937 principio
1198 2842 1426 2917 convertitur
1451 2841 1487 2916 in
1506 2847 1661 2937 petram,
1682 2848 1720 2920 ei
1739 2843 1874 2938 lapides

702 2965 850 3061 pulcros
876 2961 961 3038 iacit
983 2961 1243 3038 accommodos
1258 2961 1429 3038 domibus
1440 2963 1549 3060 juxta
1565 2963 1755 3038 castellum
1775 2963 1873 3059 quod

700 3085 834 3162 dicitur
850 3083 962 3178 Colle,
975 3082 1069 3158 sicut
1084 3073 1121 3175 (¹)
1141 3081 1178 3156 in
1195 3103 1294 3177 aqua
1310 3082 1426 3158 Sarni.
1445 3083 1616 3160 Albertus
1635 3089 1762 3160 nutem
1780 3086 1873 3161 libro

700 3204 930 3280 Mineralium
955 3201 1041 3278 dicit
1066 3200 1269 3278 mirabilius
1294 3201 1342 3278 de
1365 3223 1464 3297 aqua
1485 3201 1592 3278 sontis
1616 3203 1765 3298 Beotim,
1790 3227 1873 3300 que

700 3325 827 3402 omnia
850 3322 1013 3398 immissa
1037 3321 1147 3398 vertit
1163 3312 1200 3416 (³)
1226 3322 1265 3396 in
1292 3323 1468 3418 lapidem3
1493 3323 1594 3418 quod
1618 3333 1795 3422 expertus
1818 3334 1873 3402 est

701 3443 910 3521 Fridericus
926 3444 1128 3539 imperator
1146 3443 1292 3518 mittens
1308 3443 1558 3520 chirothecam
1575 3465 1682 3520 sunm
1697 3434 1746 3540 (⁸),
1767 3446 1873 3521 ouius

701 3563 880 3639 medietas
906 3584 1030 3639 mersa
1061 3563 1099 3638 in
1131 3563 1230 3638 illam
1255 3584 1394 3658 aquam
1419 3585 1527 3640 versa
1551 3571 1606 3640 est
1637 3565 1675 3639 in
1704 3565 1871 3662 lapidem,

703 3684 845 3781 reliqua
870 3689 975 3779 parte
1006 3681 1127 3758 media
1161 3689 1377 3758 remanente
1410 3683 1446 3758 in
1478 3683 1598 3780 prima
1622 3685 1778 3760 materia
1802 3693 1870 3762 cta

700 3806 799 3902 Ergo
822 3804 918 3880 bene
934 3809 1042 3900 poeta
1058 3802 1163 3878 dicit:
1186 3803 1254 3878 nisi
1275 3809 1339 3880 tua
1355 3805 1497 3880 vanitas
1514 3805 1641 3882 suisset
1657 3807 1739 3882 talis
1755 3807 1872 3902 qualis

700 3946 799 4021 aqua
823 3924 924 4000 Eiaae.
947 3922 1038 3999 Dicit
1058 3943 1168 4021 ergo:
1189 3927 1247 3998 e't
1262 3928 1384 4018 pincer
1404 3927 1496 4017 toro,
1517 3925 1608 4002 idest
1626 3927 1693 4001 nisi
1714 3927 1872 4004 deiecta-

701 4046 752 4122 tio
780 4066 958 4122 curarum
987 4065 1168 4121 vanarum
1205 4043 1340 4140 {uisset
1370 4067 1420 4120 uo
1453 4051 1612 4140 Ρίνωηο,
1642 4047 1745 4144 idest,
1775 4049 1869 4126 alter

700 4167 893 4262 Pyramus,
924 4167 998 4238 olla
1032 4168 1143 4258 pecc,
1177 4165 1279 4260 idest,
1322 4165 1369 4240 ad
1411 4167 1584 4242 arborem
1619 4169 1727 4263 mori,
1765 4169 1874 4245 cuius

701 4305 811 4382 poma
835 4286 919 4360 alba
943 4285 1124 4361 conuertit
1149 4285 1186 4360 in
1212 4285 1330 4362 rubea
1358 4286 1506 4380 quando
1535 4307 1576 4362 se
1604 4288 1735 4365 occidit
1759 4310 1873 4365 nanu

701 4403 849 4502 propria
881 4425 1012 4481 amore
1036 4406 1184 4502 Tyanos,
1219 4406 1314 4481 sicut
1346 4407 1452 4503 plene
1476 4409 1652 4504 scriptum
1679 4414 1735 4484 cst
1759 4431 1870 4506 supra

702 4526 861 4622 capitulo
878 4525 1018 4600 xxvii.
1045 4527 1090 4599 Et
1115 4533 1170 4601 est
1195 4525 1332 4622 optima
1352 4526 1570 4624 similitud03
1586 4549 1672 4604 nam
1694 4529 1875 4625 Pyramus

702 4645 911 4722 obcaecatus
937 4644 1050 4721 nimio
1075 4667 1206 4721 amore
1229 4647 1356 4744 Tysbis
1385 4648 1564 4724 interiecit
1588 4670 1648 4744 se;
1674 4657 1711 4725 et
1740 4651 1874 4726 Dentes

703 4772 895 4843 amoratua
925 4765 1171 4861 pulcritudine
1204 4789 1397 4843 musarum
1431 4769 1477 4844 ad
1513 4777 1659 4866 tempus
1692 4772 1875 4848 occiderat

764 4952 793 5013 i')
808 4951 839 5001 Ε·
854 4963 923 5002 ⁸²⁰0·
1267 4950 1297 5016 (¹)
1312 4954 1343 5005 E.
1360 4955 1427 5004 sicui
1442 4959 1469 5005 ct
1485 4969 1558 5019 aqua.

764 5026 1014 5090 (¹)11⁷‚oonrertit.
1224 5071 1228 5078 .
1269 5029 1295 5091 (⁸)
1312 5029 1343 5080 E.
1359 5043 1433 5082 maru
1450 5031 1476 5082 iu
1491 5045 1532 5094 oo,
1549 5033 1632 5083 ruina
