4342 6692
685 914 824 971 clarus
849 916 1040 971 aroasianus
1065 917 1210 971 snxrns.
1461 904 1530 972 133

356 1060 504 1135 dicens:
530 1082 550 1132 e
582 1057 868 1154 caminensem
900 1064 1008 1153 mano
1037 1064 1138 1154 ficto,
1175 1062 1278 1156 idest,
1312 1060 1387 1154 diu,
1421 1084 1533 1149 sanzo

357 1184 458 1256 adire
477 1203 495 1253 e
512 1184 602 1273 dire,
621 1180 722 1276 idest,
741 1182 819 1257 sine
836 1183 964 1274 verbo,
982 1184 1183 1256 manando
1200 1186 1261 1274 lui,
1280 1183 1378 1277 quod
1392 1175 1430 1275 (¹)
1449 1184 1531 1258 iue-

360 1301 406 1376 rit
431 1302 588 1377 loedatus
614 1308 688 1376 tam
716 1304 812 1399 turpi
833 1303 920 1378 vitio
940 1310 978 1378 et
998 1311 1124 1399 postea
1145 1304 1318 1397 salvatus,
1344 1311 1382 1379 et
1406 1311 1531 1378 tamen

361 1422 460 1497 nolui
476 1428 629 1518 tangere
647 1422 784 1518 ipsnm3
803 1423 901 1498 unde
917 1423 1021 1499 dicit:
1039 1420 1085 1499 nd
1099 1420 1162 1517 nid
1181 1426 1218 1497 in
1235 1414 1272 1497 ld
1288 1426 1335 1497 m'
1347 1427 1533 1516 amassai

357 1564 423 1635 per
439 1545 474 1615 lo
488 1546 605 1635 suono,
623 1542 756 1617 timens
771 1534 807 1635 (²)
837 1542 966 1617 inuriri
993 1543 1152 1619 inlamia.
1176 1543 1301 1618 Simile
1326 1542 1410 1617 lecit
1436 1544 1532 1617 Bru-

360 1668 461 1738 netto
486 1662 624 1758 Latino,
649 1662 735 1757 quia
760 1664 903 1758 mpiens
929 1664 1038 1738 debet
1062 1664 1265 1738 abliorrere
1289 1665 1364 1738 tale
1389 1662 1530 1758 vitium,

360 1783 470 1857 etiam
498 1783 534 1857 in
559 1789 664 1878 patre
688 1788 726 1857 et
749 1790 985 1879 preceptore.

434 1899 561 1976 Potcltd
588 1906 625 1977 di
656 1905 864 1995 monardar.
900 1904 971 1977 lsta
1000 1910 1056 1977 est
1081 1903 1188 1977 tertia
1214 1911 1251 1977 et
1283 1903 1408 1976 ultima
1436 1923 1530 1996 pars,

361 2025 497 2119 inqua
523 2030 629 2119 pocta
661 2023 896 2098 commendat
925 2023 1118 2118 praelatum
1147 2023 1352 2098 Gnidonem
1378 2044 1401 2097 a
1427 2022 1532 2096 nobi-

361 2146 460 2220 litate
485 2142 639 2237 dicendi,
656 2148 694 2217 et
717 2143 836 2239 gratia
857 2142 967 2217 huius
992 2142 1194 2218 incidenter
1211 2144 1376 2219 nominat
1392 2142 1533 2235 aliquot

361 2263 528 2361 egregios
546 2262 756 2338 inventores
773 2268 849 2337 tam
866 2262 1016 2358 gallicos
1032 2284 1145 2357 quarn
1163 2262 1312 2337 italicos.
1331 2262 1424 2336 Dicit
1441 2280 1532 2357 ergo

361 2386 577 2461 continuans
608 2392 752 2479 parmm
785 2382 898 2478 parti:
927 2377 1053 2456 Poiclte'
1088 2386 1127 2457 di
1154 2385 1353 2474 nouardar
1374 2383 1532 2475 postium
1683 2464 1688 2473 ¹

359 2510 425 2600 fiat,
449 2504 551 2598 idest,
577 2511 690 2599 satur,
709 2502 796 2598 qnia
822 2503 908 2577 satis
930 2502 1049 2598 primo
1067 2503 1211 2577 locutus
1230 2503 1373 2577 ineram
1392 2520 1531 2594 secum,

362 2624 494 2701 deinde
525 2624 612 2699 satis
643 2644 879 2719 respexeram
914 2643 1000 2697 cum
1033 2621 1286 2715 admiratione,
1312 2629 1396 2697 totto
1420 2624 1465 2693 m’
1478 2621 1534 2713 os·

361 2747 448 2839 ferai
468 2752 600 2836 promo
625 2747 663 2816 al
685 2764 750 2816 suo
782 2744 950 2834 saviolo,
982 2742 1019 2815 in
1043 2742 1164 2816 dando
1195 2742 1261 2816 sibi
1285 2741 1435 2833 lamam,
1467 2759 1534 2812 eon

312 2950 315 2955 ,
363 2870 586 2959 loffmmnr,
614 2865 717 2957 idest,
739 2864 964 2958 juramento,
991 2864 1050 2935 cle
1078 2867 1120 2956 so
1149 2866 1272 2935 moder
1302 2865 1422 2952 moui,
1448 2860 1533 2954 quia

364 2987 400 3059 in
426 2991 656 3060 sacramento
681 2985 793 3057 homo
818 2983 964 3059 invocat
987 2982 1104 3056 Deum
1131 2982 1168 3055 in
1193 3004 1303 3055 snum
1327 2988 1468 3056 testem.
1490 2980 1535 3053 El

364 3106 485 3181 subdit
510 3105 783 3200 responsionem
809 3102 994 3197 Gnidonis,
1013 3102 1077 3196 qui
1103 3102 1188 3177 dicit
1212 3102 1250 3175 in
1275 3102 1408 3177 ellectu
1434 3098 1533 3193 qnod

365 3246 437 3302 non
462 3232 606 3320 oportet
632 3226 750 3320 ipsum
777 3222 933 3318 amplius
964 3222 1135 3297 laborare
1165 3222 1201 3294 in
1235 3222 1315 3315 hoc,
1341 3221 1429 3315 quia
1453 3220 1533 3315 jam

363 3345 460 3421 dedit
492 3344 558 3417 sibi
586 3350 801 3439 perpetuam
834 3343 982 3416 lamam.
1015 3340 1108 3416 Dicit
1136 3361 1248 3437 ergo:
1274 3348 1308 3414 et
1334 3344 1391 3415 elli
1415 3363 1439 3413 a
1463 3362 1530 3434 mc,

363 3465 643 3559 scilicet,'Guido
670 3463 872 3558 respondit:
899 3470 934 3535 to
959 3465 1045 3535 lasci
1062 3465 1102 3533 in
1118 3482 1172 3533 mc
1187 3464 1240 3534 tat
1255 3465 1409 3553 aestimo,
1427 3462 1530 3558 idest,

364 3585 508 3682 signum
535 3585 683 3679 amoris,
709 3606 728 3657 e
753 3589 848 3657 tanto
873 3584 1007 3673 citiore,
1027 3582 1130 3675 idest,
1151 3582 1353 3678 gloriosum
1380 3583 1444 3661 nbi
1468 3583 1533 3659 dc-

364 3703 445 3780 disti
471 3704 558 3777 milri
584 3704 739 3801 gloriam
774 3704 920 3799 linguae,
946 3704 1029 3777 licet
1060 3702 1266 3797 praetuleris
1297 3701 1440 3796 aliquos
1469 3724 1534 3798 po-

365 3826 547 3919 steriores,
581 3827 641 3899 cde
675 3830 763 3918 Lata,
796 3824 898 3918 idest,
928 3823 1075 3916 oblivio,
1101 3826 1164 3895 nol
1189 3816 1261 3916 pud
1292 3831 1402 3915 torre,
1435 3811 1560 3921 idest

367 3945 514 4020 aulerre
539 3928 701 4039 omnino,
726 3942 771 4019 nd
790 3949 853 4038 sar
873 3946 979 4036 mato,
996 3943 1099 4033 idest,
1117 3944 1330 4035 obscurum,
1348 3945 1434 4037 qrria
1457 3967 1537 4021 me·

368 4066 485 4140 moria
502 4086 647 4161 semper
672 4066 742 4139 erit
767 4065 813 4139 de
839 4084 899 4139 mc
920 4064 1035 4137 donec
1055 4062 1147 4137 liber
1167 4067 1254 4137 tuus
1275 4064 1344 4137 erit
1360 4065 1397 4137 in
1418 4065 1533 4141 lamas

367 4193 405 4263 et
428 4186 531 4260 dicit:
555 4208 620 4277 per
645 4188 725 4278 quel
747 4188 833 4259 clr’i’
850 4187 941 4277 odo‚·
966 4182 1160 4258 audiverat
1176 4183 1274 4258 enim
1292 4184 1410 4258 Guido
1426 4176 1462 4277 (³)
1490 4186 1538 4261 ab

367 4307 490 4401 adque
516 4305 640 4400 spiritu
669 4305 827 4398 qualiter
851 4305 986 4378 Dantes
1010 4303 1150 4377 lecerat
1179 4303 1534 4379 commendationem

365 4427 414 4502 de
430 4446 494 4520 θος
513 4426 594 4499 ideo
612 4426 699 4520 petit
715 4424 833 4499 Guido
850 4446 872 4499 a
891 4430 997 4519 poeta
1014 4423 1060 4498 de
1077 4444 1189 4498 cansa
1206 4423 1407 4498 allectionis
1423 4446 1536 4517 quam

368 4547 513 4622 videtur
538 4544 675 4619 habere
701 4544 746 4619 ad
773 4564 872 4638 enm,
899 4544 1042 4617 dicens:
1062 4564 1124 4616 ma
1147 4565 1185 4615 se
1209 4547 1241 4618 le
1264 4550 1320 4617 tae
1341 4547 1470 4636 parole
1493 4567 1538 4618 or

368 4688 430 4739 ner
451 4668 614 4756 eiurare,
632 4664 735 4757 quasi
753 4664 867 4737 dicat:
885 4662 913 4735 si
935 4682 1067 4737 verum
1089 4663 1260 4757 estquod
1281 4664 1329 4738 sis
1346 4664 1395 4738 ita
1414 4684 1538 4759 prom-

431 4893 458 4953 (¹)
475 4891 505 4941 E.
521 4890 566 4955 qni
582 4890 631 4941 luit
647 4890 757 4941 lmdatns
774 4890 819 4941 tali
835 4892 907 4943 vitio.

432 4965 459 5031 (Ἴ
475 4968 505 5018 Ε.
523 4968 614 5017 timens
629 4967 725 5017 irretiri
740 4966 956 5030 intumis-117,
974 4970 1066 5021 timens
1081 4970 1150 5021 innrl
1167 4954 1279 5021 lnlnmia.

432 5044 459 5109 (¹)
475 5042 506 5094 ll.
522 5043 569 5092 istc
584 5041 675 5093 (luido.
770 5074 773 5081 «
