4342 6692
691 932 764 999 228
1050 944 1257 1002 counnrun
1282 945 1501 1001 rununronn
1624 991 1629 1001 .

691 1090 801 1185 tione,
815 1089 914 1183 quod
931 1089 1016 1165 licet
1032 1089 1192 1166 scientiae
1209 1093 1407 1167 saculares
1424 1090 1618 1166 videantur
1635 1113 1782 1168 summe
1797 1092 1864 1168 de-

690 1210 887 1303 lectabiles,
913 1216 1038 1284 tamen
1064 1210 1217 1285 effectus
1242 1232 1373 1287 earum
1405 1231 1503 1307 saepe
1534 1218 1589 1285 est
1620 1234 1750 1307 vanus,
1777 1213 1863 1306 quia

690 1352 765 1405 non
790 1330 836 1403 ad
853 1347 972 1404 'usum
998 1350 1098 1405 verae
1123 1330 1278 1425 virtutis,
1305 1331 1369 1407 sed
1393 1330 1441 1406 ad
1468 1331 1668 1427 superbam
1693 1332 1862 1428 gloriam,

690 1450 767 1525 imo
783 1450 882 1545 quod
895 1450 1002 1524 vilius
1015 1450 1160 1525 videtur
1177 1452 1223 1525 ad
1241 1450 1416 1526 miseram
1430 1450 1861 1547 cupiditatem-Dopo.

690 1571 756 1645 liic
770 1563 807 1662 (¹)
834 1570 935 1665 ponit
959 1591 1065 1644 suam
1092 1571 1366 1665 responsionem
1384 1570 1431 1646 ad
1448 1571 1631 1667 duplicem
1649 1571 1860 1665 petitionem

690 1690 874 1784 Beatricis,
891 1690 929 1763 in
945 1712 1020 1784 qua
1037 1690 1233 1765 confitetur
1258 1712 1369 1766 suum
1390 1711 1570 1786 errorem,
1597 1699 1634 1766 et
1659 1692 1774 1789 tangit
1799 1712 1862 1767 er-

689 1812 784 1886 roris
809 1831 951 1904 causas,
969 1816 1007 1884 et
1024 1810 1212 1905 praemittit
1238 1810 1489 1886 difficultatem
1507 1832 1584 1885 suae
1605 1812 1860 1907 responsionis,

688 1932 831 2007 dicens:
857 1936 887 2003 Α
908 1952 1005 2023 peno
1030 1930 1105 2002 eoos
1134 1931 1171 2003 lo
1201 1952 1283 2003 voce
1312 1934 1373 2003 cte
1396 1934 1544 2024 timore,
1570 1931 1656 2025 quia
1682 1932 1794 2007 timor
1822 1939 1860 2007 et

688 2052 808 2147 pudor
825 2051 1031 2124 invaluerat
1047 2050 1124 2145 ipsa
1140 2050 1294 2125 leniente
1307 2050 1483 2146 punctim,
1497 2054 1590 2143 dopo
1603 2053 1639 2125 lu
1652 2060 1760 2125 douo
1773 2054 1861 2126 d’oa
1971 2060 1976 2071 '

688 2176 827 2265 sospiro
844 2192 986 2263 amoro,
1002 2172 1089 2265 quia
1115 2170 1288 2267 tangebat
1313 2190 1375 2245 me
1399 2170 1445 2245 ad
1473 2170 1610 2265 vivum,
1637 2194 1657 2244 c
1681 2175 1712 2245 le
1737 2172 1862 2245 loddra

688 2314 713 2366 u
734 2295 844 2387 [utcu
861 2295 897 2365 lu
913 2294 1090 2385 sormoro.
1110 2291 1152 2364 ut
1168 2290 1219 2365 sic
1237 2291 1320 2367 vide
1337 2290 1436 2385 quod
1454 2298 1562 2385 poeta
1579 2292 1749 2367 satisfecit
1766 2292 1862 2367 Bea-

688 2412 782 2506 trici,
803 2432 887 2506 quae
911 2411 1055 2485 dixerat
1074 2432 1187 2506 supra
1205 2411 1304 2506 quod
1327 2412 1506 2486 consessio
1532 2418 1613 2487 erat
1638 2410 1705 2485 sibi
1731 2432 1862 2487 neces-

689 2532 797 2607 saria.
828 2532 873 2604 Et
904 2552 1003 2624 ecce,
1033 2534 1236 2625 maopmdo
1265 2533 1352 2605 dissi
1363 2556 1375 2603 .·
1406 2534 1613 2624 leprcsenti
1641 2553 1733 2623 cose,
1765 2531 1860 2607 sicut

688 2652 859 2745 honoreS,
885 2650 1087 2746 dignitates,
1114 2650 1229 2747 gloria
1255 2656 1294 2725 et
1321 2657 1421 2726 artes
1450 2652 1618 2727 liberales
1643 2656 1681 2727 et
1705 2652 1857 2749 poetica,

688 2792 773 2867 quae
797 2770 979 2845 habentur
1004 2770 1050 2844 ad
1075 2790 1226 2845 sensum
1258 2776 1295 2845 et
1323 2792 1388 2866 per
1416 2772 1576 2847 rationes
1605 2778 1643 2847 et
1674 2793 1747 2847 non
1772 2792 1859 2867 pro-

688 2892 839 2965 mittunt
863 2891 988 2964 lutura
1013 2898 1051 2965 et
1081 2890 1285 2982 invisibilia,
1310 2890 1404 2966 sicut
1436 2892 1595 2984 Beatrir,
1629 2896 1744 2967 volsar
1776 2893 1856 2965 miei

681 3015 795 3106 passi,
814 3011 916 3103 idest,
934 3016 1151 3085 averterunt
1176 3030 1324 3107 gressus
1351 3032 1453 3087 meos
1469 3032 1492 3087 a
1511 3012 1571 3086 ria
1588 3032 1676 3087 vera
1687 3003 1724 3104 l')
1744 3019 1855 3105 recta,

685 3136 742 3208 col
761 3135 857 3227 salso
887 3134 942 3204 lor
970 3134 1113 3224 pascor,-
1147 3130 1234 3224 quia
1266 3130 1464 3206 adulantur
1496 3132 1644 3207 homini.
1680 3132 1858 3206 adulator

686 3252 783 3327 enim
810 3257 866 3326 est
889 3270 1068 3346 apparens
1093 3250 1255 3343 amicus,
1273 3250 1336 3325 sed
1354 3251 1499 3327 Beatrix
1522 3252 1641 3347 potius
1663 3251 1777 3349 rigida
1798 3251 1856 3323 in·

685 3378 811 3467 crepat
842 3376 880 3446 et
910 3370 1083 3463 minatur,
1110 3368 1204 3443 sicut
1236 3390 1348 3445 verus
1380 3372 1534 3466 amicus,
1564 3377 1601 3447 et
1632 3371 1736 3449 dicit:
1768 3378 1857 3443 wrm

684 3496 782 3567 clre'l
805 3498 924 3564 vostro
954 3494 1028 3563 viso
1057 3493 1089 3563 si
1117 3511 1276 3581 noscose,
1302 3490 1448 3586 scilicet,
1474 3492 1691 3568 adveniente
1720 3493 1856 3588 puber-

685 3618 772 3705 tate,
798 3610 945 3704 quando
970 3610 1134 3684 deseruit
1158 3630 1254 3705 eam,
1276 3618 1318 3684 ut
1339 3611 1477 3687 dictum
1504 3619 1559 3687 est
1585 3613 1743 3709 capitulo
1762 3630 1856 3707 prae-

685 3732 846 3825 cedenti,
873 3730 909 3802 in
942 3730 1001 3804 illa
1034 3730 1133 3804 enim
1166 3729 1290 3825 incipit
1321 3732 1432 3805 homo
1462 3731 1551 3807 dare
1585 3753 1625 3807 se
1655 3732 1795 3807 artibus
1821 3739 1858 3806 et

685 3852 852 3927 scientiis.
866 3856 973 3924 -nt
994 3854 1072 3925 etta.
1100 3850 1164 3925 Hic
1189 3856 1296 3947 poeta
1322 3852 1479 3927 ostendit
1504 3854 1603 3947 quod
1624 3854 1770 3929 Beatrix
1786 3874 1858 3927 an·

684 3971 786 4047 diens
811 3971 1060 4046 contusionem
1089 3971 1168 4045 eius
1194 3971 1283 4045 dirit
1313 3970 1378 4045 sibi
1410 3992 1527 4066 quare
1553 3973 1783 4068 requisiverit
1808 3975 1856 4050 ab

684 4113 730 4168 eo
755 4091 1031 4185 consessionem,
1057 4099 1095 4166 et
1120 4091 1281 4188 assignat
1305 4091 1539 4167 confessionis
1565 4112 1727 4167 causam.
1753 4093 1856 4169 Unde

683 4213 789 4287 dicit:
817 4217 861 4286 lit
885 4215 966 4302 ello,
987 4212 1134 4305 scilicet,
1152 4212 1299 4285 Beatrix
1318 4212 1518 4308 respondit:
1537 4216 1574 4287 lu
1590 4216 1691 4305 colpu
1709 4220 1768 4286 uto
1784 4234 1857 4287 roeo

681 4337 768 4427 fora
792 4355 868 4405 men
893 4340 991 4424 noto,
1009 4332 1111 4425 idest,
1131 4352 1202 4405 non
1221 4338 1317 4407 esset
1343 4332 1459 4428 magis
1484 4339 1612 4427 patens
1637 4338 1674 4407 et
1700 4332 1856 4407 manile-

684 4462 751 4550 sta,
771 4476 809 4528 se
825 4456 960 4544 lacessi,
982 4474 1056 4526 osc
1072 4456 1214 4543 oepossi
1228 4446 1282 4526 oid
1298 4455 1358 4527 clo
1374 4456 1533 4547 confessi,
1563 4460 1600 4528 et
1617 4472 1705 4529 ecce
1721 4472 1855 4546 quare:

683 4578 733 4648 du
758 4579 808 4649 tol
828 4578 964 4667 piudioe
988 4576 1093 4665 sossi,
1118 4572 1205 4666 quia
1231 4572 1346 4646 scitur
1377 4573 1424 4647 ab
1455 4579 1594 4648 aeterno
1626 4572 1765 4665 Iudice,
1791 4573 1856 4665 qui

686 4716 758 4769 non
784 4696 893 4768 habet
918 4694 1011 4768 sicut
1028 4692 1214 4767 coniessor
1232 4698 1401 4768 terrenus
1419 4694 1576 4769 scrutari
1596 4691 1856 4769 conscientiam

685 4815 897 4910 peccatoris,
924 4815 1016 4889 sicut
1051 4814 1214 4889 medicus
1246 4813 1393 4910 vulnus,
1418 4822 1456 4888 et
1482 4816 1598 4910 iudex
1624 4834 1785 4889 causam.
1812 4814 1856 4887 lit

747 5076 774 5137 ξ’)
791 5076 821 5127 E.
838 5077 888 5126 Hic
904 5083 979 5141 poeta
995 5080 1075 5141 ponit.
1325 5076 1354 5143 (Ἴ
1370 5080 1401 5131 E.
1417 5084 1502 5131 restra
1518 5084 1598 5131 rocta
