4342 6692
692 891 763 959 208
1052 903 1256 959 counnruu
1281 900 1502 958 ruxoxmxu

690 1048 727 1122 iu
753 1048 834 1123 eius
858 1050 1049 1123 honorem.
1075 1048 1180 1123 Unde
1207 1048 1311 1122 dicit:
1349 1050 1437 1121 iulii
1468 1048 1632 1119 dromon:
1662 1048 1862 1120 Benedictus

690 1171 750 1261 ns
773 1172 870 1243 mnis
892 1168 1098 1243 innomine
1119 1168 1262 1243 Domini
1280 1172 1348 1242 etc.
1368 1168 1412 1239 Et
1428 1165 1530 1239 dicit:
1548 1188 1568 1239 c
1584 1168 1742 1259 mado
1763 1169 1860 1260 fiori,

691 1288 741 1361 illi
767 1288 902 1385 angeli,
926 1293 1062 1383 repete,
1087 1286 1266 1381 dicebant,
1302 1288 1429 1361 odatc
1457 1288 1531 1360 tilio
1556 1287 1860 1379 perornamus.

690 1408 743 1483 Ad
770 1408 875 1483 cuius
900 1408 1014 1483 literae
1032 1407 1306 1505 intelligentiam
1324 1406 1436 1482 debes
1452 1407 1546 1481 scire
1563 1407 1662 1501 quod
1680 1408 1773 1483 sicut
1793 1408 1862 1482 lin-

691 1529 744 1625 git
768 1528 939 1625 Virgilius
964 1528 1009 1603 Vl
1034 1528 1201 1622 licoides,
1227 1528 1345 1603 lineas
1360 1528 1494 1603 ductus
1518 1528 1564 1603 ad
1590 1529 1773 1603 internum
1795 1549 1862 1624 per

691 1647 863 1745 Sybillam
896 1647 1045 1743 reperiit
1084 1647 1122 1721 in
1158 1648 1239 1722 loco
1269 1667 1418 1723 amoeuo
1458 1646 1624 1722 virorum
1664 1648 1860 1723 illustrium

691 1767 882 1842 Anchisem
909 1774 1052 1863 patrem
1078 1788 1203 1861 suum,
1225 1768 1288 1862 qui
1306 1767 1401 1843 inter
1425 1768 1496 1843 alia
1523 1768 1679 1843 ostendit
1697 1768 1763 1843 sibi
1781 1769 1862 1843 ani-

691 1908 770 1961 mas
795 1888 961 1962 virorum
987 1887 1185 1963 illustrium
1217 1907 1470 1983 romanorum,
1497 1888 1559 1983 qui
1585 1888 1767 1963 debebant
1796 1888 1862 1963 de-

690 2013 865 2088 scendere
889 2011 928 2085 in
951 2030 1092 2108 genere
1116 2010 1319 2105 suo,.inter
1348 2032 1441 2106 quos
1467 2009 1623 2085 ostendit
1636 2002 1674 2102 (¹)
1699 2009 1861 2084 animam

689 2133 885 2228 gloriosam
911 2132 1069 2207 Marcelli
1096 2131 1236 2227 nepotis
1261 2131 1416 2229 Augusti
1445 2152 1491 2207 ex
1517 2152 1656 2226 sorore,
1684 2131 1745 2226 qui
1771 2131 1861 2205 ado—

690 2253 912 2327 lescentulus
927 2252 1030 2326 mirae
1042 2251 1172 2326 indolis
1186 2252 1356 2327 omnibus
1368 2257 1497 2348 gratus
1510 2258 1548 2326 et
1560 2252 1712 2327 dilectus
1726 2251 1860 2325 acerba

691 2378 811 2446 morte
837 2378 962 2466 raptus
987 2370 1104 2445 estin
1130 2371 1206 2466 ipso
1232 2372 1323 2446 llore
1348 2372 1474 2445 aetatis.
1498 2372 1601 2446 Modo
1627 2372 1672 2445 ad
1698 2370 1861 2466 proposi-

691 2496 771 2565 tum
785 2490 956 2565 Anchises
974 2490 1056 2565 iecit
1074 2511 1248 2587 magnam
1266 2491 1619 2567 commendationem
1640 2511 1751 2587 supra
1765 2491 1861 2565 Mar-

690 2611 838 2704 cellum,
864 2617 902 2685 et
926 2612 1053 2696 volens
1077 2611 1200 2686 iacere
1217 2612 1364 2705 iestum,
1381 2610 1489 2685 dixit:
1513 2617 1562 2685 nu
1582 2614 1765 2685 Marcellus
1789 2612 1860 2685 cris

690 2733 849 2805 monitus
877 2732 958 2805 dote
986 2734 1060 2805 titio
1086 2734 1225 2827 picum
1257 2732 1361 2826 quasi
1391 2730 1548 2807 diceret:
1578 2731 1662 2807 date
1694 2731 1781 2806 mihi
1814 2731 1861 2806 de

692 2852 842 2926 floribus
867 2852 904 2925 in
930 2872 1063 2948 magna
1089 2851 1193 2947 eopia
1227 2860 1268 2926 ut
1298 2872 1511 2949 respergam
1532 2853 1709 2947 juvenem
1736 2852 1858 2925 istum.

691 2974 731 3045 ln
756 2973 826 3047 hoc
849 2979 976 3047 autem
1003 2972 1173 3069 Virgilius
1190 2973 1376 3068 applaudit
1392 2972 1568 3069 Augusto,
1586 2973 1684 3067 quod
1699 2964 1736 3064 (²)
1754 2972 1860 3046 nimis

689 3092 867 3169 dilexerat
892 3113 1051 3188 puerum
1077 3092 1210 3186 istum3
1237 3093 1335 3168 unde
1360 3112 1434 3169 nou
1458 3092 1576 3189 potuit
1601 3093 1789 3169 continere
1805 3093 1861 3166 la·

688 3234 836 3310 crymas
859 3234 946 3287 cum
971 3211 1143 3308 Virgilius
1159 3213 1197 3285 in
1216 3212 1427 3288 recitatione
1445 3212 1669 3309 pervenisset
1684 3213 1731 3287 ad
1748 3213 1857 3286 istum

688 3354 856 3429 passum;
870 3340 989 3407 mater
1006 3332 1118 3407 etiam
1137 3332 1241 3427 pueri
1258 3354 1450 3428 nunquam
1466 3333 1580 3407 voluit
1594 3333 1758 3430 recipere
1770 3354 1860 3409 con·

688 3454 903 3529 solutionem
929 3472 1050 3546 usque
1074 3452 1121 3527 ad
1140 3459 1318 3527 mortem:
1337 3453 1386 3528 ita
1405 3474 1503 3528 nunc
1520 3454 1557 3527 in
1574 3454 1757 3549 proposito
1773 3453 1859 3527 dicit

687 3580 796 3668 poeta
821 3572 920 3667 quod
946 3591 1047 3645 nunc
1070 3572 1190 3668 angeli
1217 3593 1302 3647 curn
1329 3580 1440 3649 cantu
1461 3578 1498 3649 et
1510 3573 1627 3670 jubilo
1653 3573 1859 3648 clamabant

687 3700 853 3790 petentes
878 3693 987 3767 llores
1011 3692 1146 3786 quibus
1172 3700 1396 3769 exornarent
1419 3715 1586 3770 currum.
1609 3695 1653 3766 Et
1680 3694 1736 3769 hic
1761 3699 1857 3788 nota,

687 3815 815 3907 lector,
842 3813 941 3908 quod
966 3811 1115 3906 quidam
1147 3813 1328 3907 sapientes
1357 3814 1463 3889 aliter
1495 3820 1683 3909 exponunt
1713 3814 1856 3889 literam

687 3936 815 4010 istam:
847 3934 972 4008 dicunt
1001 3933 1099 4008 enim
1133 3935 1232 4028 quod
1265 3934 1332 4009 ista
1362 3934 1572 4009 solemnitas
1602 3956 1736 4031 magna
1766 3935 1859 4009 iacta

688 4061 744 4130 est
769 4054 827 4130 hic
856 4076 924 4150 pro
956 4054 1197 4130 conversione
1228 4055 1388 4150 autoris3
1416 4055 1513 4130 unde
1538 4062 1726 4150 exponunt
1759 4056 1857 4151 illud,

689 4176 880 4251 benedictus
904 4177 964 4266 put
988 4176 1096 4267 unco,
1126 4180 1204 4249 otu
1223 4175 1378 4270 Dantes3
1396 4175 1459 4249 sed
1485 4176 1572 4249 milri
1594 4176 1739 4251 videtur
1759 4176 1859 4271 quod

689 4296 794 4371 litera
819 4295 952 4369 habeat
964 4284 999 4387 (³)
1018 4294 1186 4369 altiorem
1205 4294 1429 4371 intellectum
1447 4295 1648 4370 secundum
1668 4296 1767 4390 quod
1779 4296 1857 4391 jam

689 4416 862 4510 exposui3
888 4436 974 4489 nam
1001 4421 1109 4509 poeta
1135 4417 1260 4490 volens
1285 4416 1407 4491 iacere
1439 4416 1713 4491 venerationem
1740 4422 1778 4492 et
1802 4418 1859 4491 in-

688 4536 964 4633 vestigationem
990 4536 1164 4611 Beatricis
1190 4537 1321 4611 totiens
1351 4536 1417 4611 sibi
1443 4537 1632 4632 promisse
1657 4542 1694 4612 et
1718 4536 1857 4611 tamdiu

689 4662 901 4752 expectate,
915 4656 1000 4731 iacit
1012 4656 1317 4751 preparationem
1336 4658 1382 4731 ad
1400 4658 1470 4732 hoc
1487 4656 1662 4733 inducens
1681 4680 1855 4755 magnum

689 4796 815 4851 senem
842 4777 907 4870 qui
931 4776 1059 4851 invitat
1083 4776 1286 4872 ecclesiam,
1313 4776 1455 4852 dicens:
1489 4780 1572 4851 Veni
1592 4798 1725 4871 sponsa
1740 4780 1783 4851 dc
1798 4780 1858 4851 Li·

752 4961 779 5021 (¹)
796 4966 849 5023 lli,
866 4963 977 5013 ostendit
991 4963 1040 5012 sibi
1056 4963 1178 5013 animum.
1318 4960 1346 5024 (¹)
1362 4962 1393 5013 E.
1410 4962 1454 5026 qui
1471 4964 1555 5014 nimis.

753 5036 781 5099 (³)
796 5038 827 5088 B.
843 5038 935 5089 hobed
951 5038 1088 5090 clariorem
1105 5039 1274 5091 stultiorem.
