4342 6692
679 922 750 990 llo
1001 867 1007 878 Ι
1069 929 1275 985 oomruu
1299 930 1467 984 alnsnrsr

674 1085 715 1177 fir
739 1083 778 1155 di
801 1083 853 1154 tol
876 1082 968 1172 volo,
997 1077 1085 1171 quia
1109 1077 1233 1170 aquila
1259 1077 1344 1152 iecit
1363 1084 1452 1152 tunc
1471 1099 1648 1175 magnum
1666 1081 1850 1174 volatum;

678 1222 766 1276 nam
793 1199 855 1274 ubi
884 1199 1007 1275 Caesar
1030 1201 1242 1293 portaverat
1271 1196 1392 1292 primo
1420 1197 1583 1294 aquilam
1613 1197 1650 1273 iu
1680 1198 1850 1275 occiden-

678 1328 766 1416 tem,
793 1340 890 1394 nunc
917 1318 1064 1394 retorsit
1087 1316 1203 1414 ipsam
1228 1317 1266 1390 in
1290 1317 1485 1412 orientem,
1503 1323 1545 1391 ut
1565 1319 1617 1392 ait
1632 1317 1775 1413 Florus,
1791 1321 1851 1392 cle

676 1444 738 1514 mr
760 1443 947 1532 separare
972 1441 1092 1531 tupua
1116 1434 1163 1512 nd
1179 1459 1314 1530 murto,
1340 1438 1445 1532 quasi
1470 1438 1585 1514 dicat:
1612 1437 1739 1535 lingua
1770 1438 1853 1514 tari-

676 1568 830 1658 garetur
860 1560 898 1636 in
933 1558 1129 1652 narrando,
1163 1567 1201 1633 et
1234 1578 1354 1654 penna
1386 1557 1424 1630 in
1457 1557 1717 1651 describend03
1753 1558 1851 1633 nude

675 1684 769 1758 alter
794 1681 988 1757 Suetonius
1013 1679 1097 1754 lecit
1122 1679 1208 1754 satis
1235 1700 1412 1776 magnum
1439 1677 1575 1752 librum
1600 1678 1648 1754 de
1676 1679 1744 1754 ista
1770 1701 1851 1755 ma-

676 1803 778 1880 teria.
806 1803 851 1876 Et
883 1800 1005 1876 subdit
1037 1799 1152 1874 breve
1180 1799 1319 1874 bellum
1350 1799 1487 1874 iactum
1519 1799 1556 1872 in
1584 1799 1764 1894 Hispania.
1794 1799 1848 1873 Ad

677 1923 776 2019 quod
794 1927 848 1997 est
866 1919 1067 2014 sciendum,
1094 1919 1193 2014 quod
1210 1918 1333 1994 (loesar
1349 1918 1528 2015 dispositis
1548 1919 1661 1994 rebus
1680 1919 1849 2012 initalia,

676 2043 801 2141 fugato
826 2042 1000 2136 Pompeio
1027 2040 1144 2115 noluit
1177 2039 1349 2136 persequi
1382 2040 1514 2136 ipsum,
1537 2060 1595 2115 -ne
1624 2039 1850 2136 relinqueret

675 2163 742 2238 sibi
766 2184 788 2237 a
816 2169 920 2259 tergo
945 2161 1084 2236 bellum
1110 2159 1350 2254 formidabile,
1375 2181 1463 2238 cum
1489 2159 1689 2235 incredibili
1719 2160 1851 2236 celeri-

675 2288 752 2358 tate
778 2281 942 2356 transivit
968 2281 1004 2354 in
1036 2279 1258 2374 Hispaniam,
1285 2301 1398 2374 quam
1425 2280 1600 2356 tenebant
1632 2287 1707 2354 tres
1740 2281 1848 2376 lefflti

676 2400 850 2496 Pompeii,
875 2400 1041 2474 Petreius
1067 2405 1104 2475 et
1128 2399 1300 2474 Afranius
1326 2406 1435 2475 erant
1460 2400 1496 2474 iu
1522 2399 1703 2495 citeriore,
1728 2400 1849 2475 Varus

676 2523 713 2597 in
740 2521 934 2596 ulteriore:
953 2521 1002 2595 ibi
1023 2540 1151 2616 passus
1169 2541 1346 2617 magnum
1373 2520 1551 2595 diluvium
1577 2541 1759 2615 aquarum
1778 2523 1850 2595 Pe-

676 2642 810 2718 treium
844 2648 881 2716 et
914 2641 1105 2714 Afranium
1140 2640 1270 2714 clausit
1299 2640 1396 2714 intra
1431 2647 1594 2714 montem
1629 2640 1728 2736 apud
1759 2641 1850 2715 ller-

675 2761 760 2838 dam
787 2760 972 2836 civitatem
997 2760 1211 2856 dragonire3
1236 2767 1274 2834 et
1301 2780 1388 2834 cum
1416 2767 1565 2855 propter
1593 2761 1687 2835 sitim
1713 2761 1849 2836 deditio

676 2888 911 2976 tractaretur,
937 2887 974 2956 et
999 2880 1131 2955 milites
1157 2881 1241 2955 binc
1266 2880 1350 2957 inde
1379 2881 1534 2958 fidenter
1558 2888 1597 2957 et
1621 2883 1848 2958 familiariter

677 3004 714 3078 in
745 3010 865 3078 castra
904 3002 1009 3096 irent,
1039 3001 1206 3077 Petreius
1242 3009 1281 3076 et
1313 3003 1483 3077 Afranius
1517 3003 1655 3099 perfide
1691 3009 1728 3079 et
1765 3023 1848 3078 ma·

677 3123 773 3221 ligne
798 3122 1022 3198 Caesarianos
1051 3121 1217 3196 incautus
1247 3127 1285 3196 et
1316 3121 1476 3197 inermes
1506 3123 1786 3198 trucidaverunt
1810 3123 1848 3197 in

677 3245 753 3321 suis
773 3243 916 3338 castris3
939 3260 1007 3318 nec
1034 3248 1157 3317 tamen
1182 3241 1305 3316 Caesar
1329 3243 1634 3318 clementissimus
1661 3244 1775 3319 voluit
1798 3245 1846 3319 si·

677 3365 764 3440 mile
788 3363 867 3439 lieri
894 3363 930 3436 in
956 3361 1031 3436 suis
1056 3362 1196 3456 castris,
1224 3362 1299 3436 imo
1318 3370 1444 3458 postea
1469 3363 1538 3438 illis
1561 3363 1847 3460 supplicantibus

676 3505 806 3581 pacem
831 3482 929 3557 dedit
954 3489 990 3558 et
1016 3482 1163 3557 veniam
1190 3503 1275 3557 cum
1302 3482 1351 3556 illi
1373 3485 1452 3580 jam
1482 3505 1549 3579 per
1574 3492 1735 3580 quatuor
1766 3485 1845 3559 dies

669 3603 812 3701 ieiunio
847 3603 968 3678 allecti
1003 3611 1134 3677 essent.
1168 3603 1261 3678 llicit
1293 3625 1407 3700 ergo:
1433 3601 1533 3678 iuver
1559 3608 1596 3679 lo
1621 3610 1763 3700 Spopuo
1788 3609 1844 3678 ri-

676 3727 769 3798 uolre
801 3726 836 3796 lo
863 3727 988 3817 stuolo,
1025 3722 1128 3816 idest,
1163 3723 1250 3798 illud
1283 3725 1431 3822 signum
1464 3727 1611 3802 reduxit
1639 3709 1843 3802 exercitum

674 3846 712 3920 in
746 3844 965 3940 Hispaniam,
999 3865 1112 3938 quam
1145 3851 1260 3920 totam
1293 3845 1506 3942 subiugavit
1539 3848 1654 3944 spatio
1684 3848 1845 3943 quadra-

674 3965 774 4062 ginta
799 3965 959 4040 dierum:
986 3965 1067 4039 ideo
1092 3965 1187 4041 bene
1211 3986 1298 4040 cum
1324 3967 1394 4041 iret
1418 3967 1455 4041 in
1480 3967 1848 4065 Hispaniampraedi-

675 4091 781 4162 xerat
805 4105 845 4160 se
870 4084 925 4158 ire
949 4084 996 4159 ad
1022 4083 1226 4159 exercitum
1261 4085 1341 4160 sine
1368 4087 1476 4178 duce,
1502 4095 1540 4162 et
1565 4088 1773 4163 rediturum
1798 4090 1844 4166 ad

674 4206 815 4280 ducem.
835 4203 912 4278 sine
936 4203 1251 4279 exercitu-Pol
1268 4201 1329 4278 aa
1347 4211 1530 4281 Durozzo.
1548 4209 1654 4284 Nunc
1673 4210 1846 4285 Iustinia-

675 4346 745 4400 nus
763 4325 877 4420 tangit
904 4324 996 4399 bella
1014 4325 1168 4399 Caesaris
1187 4333 1316 4400 contra
1333 4326 1548 4424 Pompeium
1567 4329 1603 4402 in
1621 4329 1780 4406 Graecia:
1797 4332 1845 4405 ad

674 4464 835 4539 quorum
862 4441 1108 4539 cognitionem
1137 4451 1193 4519 est
1224 4445 1416 4520 sciendum
1447 4449 1547 4543 quod
1575 4449 1699 4524 Cesar
1728 4450 1846 4525 victor

673 4563 852 4660 llispaniae
879 4585 1050 4640 reversus
1075 4565 1113 4638 in
1136 4565 1278 4640 iubam
1303 4589 1440 4664 magno
1464 4569 1599 4645 ardore
1612 4563 1649 4663 (⁴)
1667 4591 1755 4644 cum
1781 4570 1845 4645 de-
1906 4645 1910 4654 ,

675 4685 806 4761 siderio
832 4684 987 4760 bellandi
1015 4706 1079 4780 per
1106 4686 1244 4761 medias
1269 4692 1504 4784 tempestates
1529 4696 1568 4765 et
1591 4711 1705 4786 parra
1730 4691 1845 4766 classe

674 4827 695 4880 a
722 4804 927 4880 Brundusio
953 4805 1120 4880 transivit
1143 4807 1181 4880 in
1205 4806 1384 4883 Graeciam
1402 4815 1441 4884 et
1456 4810 1493 4883 in
1511 4811 1620 4905 Epiro
1644 4811 1845 4906 posuitca·

737 5062 764 5126 (¹)
780 5061 811 5113 r„
823 5063 917 5115 ardore
931 5069 959 5115 et
974 5065 1110 5116 desiderio.
