4342 6692
712 888 781 953 156
1069 898 1272 953 nonnarum
1298 896 1517 952 ruaonronu

708 1046 843 1135 nunde,
868 1043 1014 1137 scilicet,
1040 1042 1077 1117 in
1103 1043 1277 1137 patriam,
1303 1042 1450 1136 quando
1476 1039 1575 1115 enim
1600 1039 1875 1136 peregrinantes

712 1172 948 1240 revertuntur
961 1166 1115 1241 domum
1129 1172 1166 1239 et
1177 1165 1469 1260 appropinquant
1481 1162 1620 1257 patriae,
1629 1162 1751 1237 vident
1763 1164 1879 1239 liben-

708 1287 781 1361 tius
806 1288 927 1361 lucem
953 1286 1024 1361 diei
1048 1286 1267 1382 proximam.
1294 1286 1338 1359 ltt
1362 1285 1414 1359 sic
1439 1289 1547 1379 poeta
1576 1282 1660 1357 lacit
1686 1303 1880 1379 compara-

709 1409 845 1483 tionem
868 1408 976 1482 tacite
1000 1408 1046 1481 de
1070 1427 1112 1481 se
1136 1407 1180 1483 ad
1207 1405 1462 1502 peregrinum:
1481 1404 1557 1499 ipse
1577 1405 1676 1479 enim
1694 1405 1795 1479 velut
1812 1425 1878 1499 pe-

710 1529 880 1625 regrinus
898 1534 1086 1603 revertens
1104 1527 1140 1600 in
1157 1527 1312 1621 patriam
1330 1546 1448 1618 suam,
1463 1544 1547 1618 quae
1564 1526 1700 1599 coelum
1719 1527 1878 1621 estjam

709 1649 1004 1745 appropinquans
1028 1647 1077 1721 illi
1104 1649 1186 1723 laete
1211 1647 1356 1722 videbat
1381 1645 1476 1720 diem
1496 1644 1586 1739 lieri,
1604 1652 1647 1718 ut
1663 1646 1879 1721 terminaret

709 1771 781 1847 cito
817 1770 1037 1845 desiderium
1069 1775 1108 1843 et
1136 1766 1314 1864 gaudium
1346 1787 1467 1840 suum.
1503 1765 1588 1841 ldeo
1619 1766 1723 1841 dicit:
1753 1768 1878 1841 oud'io

662 1899 665 1904 ’
708 1881 846 1982 teudmi,
870 1912 893 1964 a
919 1908 1059 1982 somno,
1088 1890 1265 1979 oepprndo
1290 1890 1303 1959 i
1326 1907 1422 1977 prun
1447 1889 1601 1979 maestrt',
1629 1885 1822 1982 Virgilium
1841 1891 1878 1961 et

708 2011 876 2104 Statium,
900 2000 963 2100 nid
995 2010 1111 2098 leuati,
1137 2008 1301 2081 volentes
1325 2007 1493 2082 animare
1523 2014 1692 2083 autorem
1719 2006 1765 2080 ad
1791 2026 1877 2101 pro-

707 2130 1012 2224 sequendum-
1027 2130 1121 2215 ouet.
1148 2126 1212 2199 llic
1237 2133 1344 2221 poeta
1369 2125 1526 2201 ostendit
1547 2126 1732 2220 quomodo
1758 2126 1876 2221 Virgi-

707 2251 777 2324 lius
793 2249 958 2325 accendit
978 2247 1199 2323 desiderium
1222 2266 1331 2321 suum
1358 2267 1564 2341 proponens
1589 2247 1655 2321 sibi
1680 2247 1875 2341 praemium

708 2376 941 2465 expectatum
967 2374 1004 2443 et
1030 2350 1131 2441 tanto
1161 2367 1287 2442 labore
1316 2368 1524 2462 quaesitum,
1555 2367 1696 2443 dicens:
1736 2370 1877 2459 Virgilio

708 2484 772 2564 aad
803 2495 942 2565 moereo
971 2510 1025 2561 me
1055 2495 1169 2581 queste
1197 2490 1301 2561 catuli
1322 2491 1461 2580 parole,
1493 2488 1638 2582 scilicet,
1673 2492 1751 2581 quet
1781 2492 1879 2563 dotoe

705 2633 826 2706 pomo,
852 2611 953 2703 idest,
978 2629 1169 2683 summum
1195 2609 1346 2702 bonum,
1373 2612 1432 2681 cde
1453 2629 1519 2700 per
1544 2612 1630 2682 tanti
1653 2612 1760 2701 rami,
1783 2610 1880 2683 mul·

709 2731 884 2826 tiplicium
915 2730 1132 2823 studiorum,
1169 2735 1210 2803 ut
1241 2728 1326 2803 dicit
1360 2730 1517 2823 Boetius,
1555 2734 1728 2805 curando
1767 2752 1812 2804 uu
1842 2734 1879 2805 tu

711 2872 801 2926 curu
824 2852 1044 2941 mndata,
1073 2856 1115 2922 ut
1140 2848 1365 2923 immortales
1397 2847 1496 2942 liant,
1517 2840 1635 2942 porrd
1663 2852 1701 2923 tn
1730 2872 1817 2943 pace
1848 2854 1879 2924 te

710 2977 764 3045 ue
785 2973 888 3064 sumt,
914 2969 1016 3062 idest,
1041 2974 1153 3062 ponet
1177 2968 1214 3041 in
1241 2967 1365 3063 quiete
1385 2968 1561 3042 desideria
1584 2976 1659 3063 tua,
1677 2973 1773 3061 oggi,
1791 2970 1894 3064 quia·

709 3090 817 3165 noane
841 3089 980 3164 naurs
1004 3087 1208 3162 Beatncem
1235 3096 1338 3162 tuam
1366 3094 1403 3163 a
1427 3068 1701 3163 aam'eunam
1720 3090 1877 3165 muriun-

709 3216 798 3303 tem,
824 3210 887 3284 sed
913 3230 994 3284 cras
1025 3208 1200 3285 ascendes
1233 3209 1269 3282 in
1300 3208 1447 3281 coelum.
1478 3210 1523 3282 Et
1551 3209 1672 3283 subdit
1706 3209 1878 3285 ellectum

711 3330 912 3405 verborum
939 3329 1089 3424 Virgilii,
1116 3329 1203 3423 quia
1229 3328 1390 3422 repletus
1415 3328 1550 3423 gaudio
1579 3328 1695 3403 lactus
1721 3337 1776 3404 est
1799 3330 1878 3403 ani-

711 3450 846 3532 mosior
871 3458 908 3523 et
932 3449 1133 3523 audactior.
1154 3448 1255 3523 Unde
1271 3448 1375 3522 dicit:
1393 3470 1411 3519 e
1428 3451 1501 3520 moi
1516 3469 1588 3521 nora
1601 3452 1711 3542 saron
1726 3458 1877 3541 aucune,

710 3570 812 3663 idest,
838 3590 1006 3663 munera,
1037 3588 1122 3662 quae
1153 3571 1293 3641 muntia
1306 3561 1343 3660 (¹)
1375 3568 1627 3663 appellantur;
1661 3568 1759 3643 unde
1791 3570 1876 3644 olim

712 3690 852 3764 romani
878 3690 1118 3785 imperatores
1143 3688 1278 3761 dabant
1303 3694 1472 3761 strennas
1502 3687 1686 3782 militibus,
1714 3696 1754 3763 ut
1784 3710 1879 3784 saepe

711 3816 809 3904 patet
832 3808 929 3903 apud
955 3807 1180 3883 Suetonium.
1207 3807 1290 3881 ldeo
1316 3808 1411 3883 bene
1435 3816 1553 3901 poetae
1574 3815 1698 3883 nostro
1719 3809 1782 3903 qui
1803 3815 1878 3884 tam

711 3936 862 4003 strenue
896 3928 1114 4002 militaverat
1146 3927 1349 4003 debebatur
1372 3918 1409 4018 (²)
1446 3933 1617 4021 strenua,
1651 3930 1710 4001 cle
1742 3932 1877 4022 lmsero

709 4054 826 4143 equali
840 4053 878 4124 di
891 4053 1030 4143 placere
1045 4070 1070 4120 u
1090 4056 1215 4139 queste,
1232 4048 1378 4140 scilicet,
1396 4048 1563 4141 strennis,
1577 4069 1670 4142 quas
1688 4069 1785 4123 nune
1800 4049 1879 4122 Vir·

710 4171 817 4267 gilius
843 4168 1084 4264 promittebat.
1104 4166 1205 4243 Unde
1221 4167 1323 4241 dicit:
1346 4176 1442 4241 tuate
1464 4170 1560 4242 noter
1577 4171 1625 4241 not
1645 4190 1753 4241 venue
1767 4188 1878 4261 supra

710 4293 821 4381 auter,
846 4288 948 4381 idest,
979 4288 1075 4361 ultra
1102 4287 1262 4381 primum
1295 4288 1389 4362 velle
1422 4307 1599 4384 magnum
1631 4288 1730 4381 quod
1763 4289 1875 4363 babe-

710 4412 808 4504 bam,
821 4412 899 4483 dell
911 4429 1005 4481 arser
1020 4429 1075 4498 su,
1092 4410 1203 4480 clt'ud
1226 4411 1311 4499 ogni
1325 4428 1433 4500 passo
1453 4411 1517 4500 poi
1541 4411 1589 4481 mi
1611 4412 1722 4481 senta
1743 4428 1878 4482 mercer

707 4534 883 4622 eponae,
911 4528 1056 4620 scilicet,
1092 4546 1194 4621 spem
1226 4532 1264 4601 et
1294 4526 1483 4623 gaudium,
1509 4530 1548 4601 ut
1578 4531 1670 4619 voto,
1700 4528 1802 4621 idest,
1827 4527 1874 4603 ad

708 4650 871 4724 velocem
898 4668 1103 4722 ascensum.
1117 4688 1166 4701 -
1181 4651 1293 4719 Come.
1319 4647 1424 4722 Nunc
1455 4654 1560 4743 poeta
1589 4648 1689 4744 ponit
1719 4648 1876 4743 qualiter

708 4768 879 4865 Virgilius
903 4788 1119 4843 recessurus
1135 4768 1182 4841 ab
1207 4786 1263 4860 eo,
1295 4766 1546 4843 informaverit
1564 4788 1663 4862 enm,
1682 4774 1718 4843 et
1744 4767 1877 4843 dixerit

772 5027 801 5092 (¹)
816 5028 847 5079 Ε·
863 5030 978 5080 mici&-
1288 5027 1315 5091 (Ἴ
1333 5028 1364 5080 Ε.
1380 5028 1497 5079 dabatur.
