4342 6692
683 875 754 942 306
1074 884 1278 939 counuruu
1299 885 1479 940 nnnnnrsr.

678 1031 774 1106 duce
793 1050 879 1125 quae
894 1029 947 1131 de,
961 1028 1085 1122 asello,
1104 1027 1171 1102 nisi
1187 1027 1373 1124 scriptoris
1389 1027 1610 1124 beneficium
1627 1029 1853 1122 subveniret.
1887 1017 1891 1024 ’

681 1151 837 1226 scientia
854 1170 945 1245 ergo
964 1150 1125 1224 multum
1143 1150 1311 1224 honestat
1328 1148 1567 1244 nobilitatem,
1585 1155 1624 1226 et
1643 1149 1738 1226 bene
1753 1156 1855 1244 stant

679 1272 798 1346 simul.
820 1271 923 1346 Unda
947 1269 1096 1346 scientia
1117 1269 1309 1344 literarum
1336 1275 1373 1344 et
1394 1289 1588 1344 armorum
1611 1269 1737 1346 militia
1755 1291 1854 1346 sem·

680 1412 747 1488 per
763 1392 922 1466 inventae
937 1395 1024 1463 sunt
1039 1389 1137 1484 apud
1150 1409 1292 1484 graecos
1310 1395 1347 1464 et
1365 1388 1511 1464 latinos:
1527 1389 1608 1464 ideo
1628 1390 1722 1466 bene
1735 1390 1853 1486 Scipio
1919 1469 1922 1474 ,

680 1513 871 1586 Africanus
890 1508 1114 1584 clarissimus
1133 1507 1387 1604 cupidissimus
1400 1509 1528 1605 gloriae
1545 1517 1670 1604 poetas
1685 1509 1742 1584 sui
1758 1517 1853 1586 tem-

679 1632 778 1728 poris
802 1631 965 1706 maxime
989 1629 1103 1704 noluit
1128 1636 1166 1704 et
1189 1629 1325 1722 dilexit,
1347 1637 1384 1704 et
1408 1636 1495 1706 ante
1520 1629 1610 1706 alios
1636 1631 1764 1704 habuit
1789 1651 1852 1706 ca·

682 1775 766 1825 rum
790 1751 950 1825 Ennium
980 1756 1140 1846 poetam,
1167 1770 1281 1844 quem
1306 1769 1454 1846 semper
1484 1750 1612 1826 habuit
1641 1751 1782 1826 socium
1814 1750 1853 1826 in

680 1872 851 1948 omnibus
876 1871 991 1965 bellis,
1017 1877 1054 1946 et
1080 1876 1211 1946 testem
1237 1891 1392 1945 suarum
1417 1891 1544 1946 rerum
1576 1890 1723 1966 semper
1747 1870 1852 1946 lateri

681 2015 750 2068 suo
775 1995 995 2088 haerentem3
1022 1998 1060 2067 et
1084 1991 1237 2066 demum
1263 1989 1322 2066 die
1346 1990 1522 2086 triumphi
1547 1989 1679 2085 duplici
1700 1989 1853 2066 Cartha·

679 2115 766 2211 gine
790 2091 886 2190 vic'ta
910 2113 1111 2188 ascendens
1127 2112 1344 2207 Capitolium
1362 2111 1478 2186 victor
1498 2112 1688 2186 laureatus
1707 2112 1854 2188 laurea·

681 2241 761 2308 tum
789 2234 892 2307 illum
919 2253 1046 2308 secum
1073 2231 1208 2308 retulit.
1235 2233 1388 2327 insuper
1408 2237 1446 2306 et
1466 2229 1561 2306 illius
1579 2230 1674 2306 senis
1690 2232 1852 2329 elligiem

681 2353 794 2449 sculpi
821 2353 905 2427 lecit
929 2352 966 2426 in
991 2352 1160 2448 sepulcro
1178 2349 1388 2446 Scipionum
1401 2351 1510 2446 juxta
1528 2351 1725 2448 imaginem
1745 2373 1852 2427 suam

682 2480 721 2548 et
736 2473 878 2548 iratris:
904 2473 962 2546 vir
985 2478 1087 2548 certe
1110 2471 1253 2567 dignior
1274 2471 1435 2546 Homero
1456 2478 1494 2546 et
1514 2470 1663 2567 Virgilio
1682 2491 1852 2566 praecone

685 2615 798 2688 quam
829 2592 965 2686 Enni03
996 2592 1183 2686 quonlam,
1209 2597 1251 2665 ut
1280 2590 1331 2666 ait
1364 2590 1523 2686 Ovidius,
1549 2595 1681 2666 Ennius
1714 2596 1855 2684 ingenio

685 2718 875 2809 monimus,
903 2721 982 2790 arte
1005 2715 1116 2788 rudo.
1147 2713 1201 2788 Ile
1230 2712 1337 2786 cuius
1366 2711 1468 2786 dictis
1500 2731 1655 2807 carpens
1683 2713 1853 2811 Virgilius

687 2835 804 2909 iertur
827 2835 979 2910 dixisse:
1012 2837 1089 2924 lego
1114 2853 1242 2906 nurum
1273 2835 1311 2904 in
1342 2839 1494 2906 stercore
1524 2835 1637 2906 Ennii.
1664 2831 1734 2908 Sed
1765 2853 1855 2910 ecce

683 2954 796 3028 coluit
820 2975 914 3049 quos
938 2953 1073 3049 potuit3
1100 2951 1164 3027 sed
1189 2951 1254 3026 Ilei
1278 2952 1398 3048 gratia
1416 2951 1596 3048 principes
1618 2953 1731 3031 nostri
1759 2961 1855 3030 tem·

681 3075 779 3168 poris
804 3075 850 3150 de
875 3076 945 3149 lton
961 3095 1093 3168 parum
1115 3079 1258 3148 curant.
1284 3073 1471 3170 Augustus
1489 3093 1592 3169 vero,
1613 3095 1688 3169 quo
1705 3075 1760 3150 sol
1778 3077 1853 3152 cia-

682 3195 819 3269 riorem
846 3215 919 3269 non
945 3193 1032 3268 vidit
1059 3193 1095 3266 in
1120 3192 1223 3286 orbe,
1249 3198 1286 3267 et
1312 3191 1388 3288 ipse
1414 3214 1571 3290 magnus
1598 3201 1704 3288 poeta
1729 3204 1856 3290 poetas

683 3334 832 3390 summe
855 3312 995 3388 amavit
1020 3323 1057 3389 et
1082 3311 1294 3406 honoravit3
1317 3312 1399 3388 ideo
1425 3320 1513 3388 tunc
1539 3313 1644 3388 multi
1670 3320 1707 3390 et
1732 3315 1854 3411 magni

680 3441 802 3528 poeta·
820 3434 1046 3526 claruerunt,
1065 3431 1159 3506 sicut
1175 3431 1346 3528 Virgilius
1363 3433 1475 3526 Maro,
1492 3433 1636 3508 lllarcus
1655 3432 1765 3527 Varo,
1782 3435 1855 3509 llo-

681 3553 799 3628 ratius
822 3552 984 3645 Flaccus,
1002 3551 1151 3626 Ovidius
1169 3553 1276 3645 Naso,
1296 3551 1489 3640 Quintilius
1509 3551 1641 3646 Varus,
1668 3553 1855 3630 Cornelius

684 3675 820 3767 Gallus,
846 3673 991 3747 Asinius
1015 3672 1141 3768 Pollio,
1167 3681 1205 3747 et
1234 3672 1295 3748 alli
1326 3672 1486 3768 plurimi.
1512 3673 1611 3770 Ergo
1634 3673 1855 3750 nobilissima

681 3794 832 3870 scientia
866 3795 1175 3868 nobilissimorum
1210 3793 1414 3890 principum
1453 3794 1678 3888 temporibus
1715 3795 1782 3868 luit
1820 3795 1856 3870 in

683 3917 811 4013 pretio.
843 3917 988 3991 Poetria
1019 3916 1132 4012 igitur
1158 3935 1253 4010 qure,
1285 3921 1376 3990 teste
1412 3914 1637 4010 philosopho,
1666 3915 1714 3992 ab
1744 3915 1856 3990 animi

684 4037 871 4112 nobilitate
898 4036 1069 4131 manavit,
1097 4035 1213 4133 viguit
1235 4036 1354 4129 primo
1379 4035 1417 4109 in
1441 4036 1582 4112 Graecia
1607 4036 1775 4112 omnium
1802 4037 1857 4112 di-

683 4157 918 4252 sciplinarum
937 4157 1036 4231 lente
1052 4163 1139 4231 ante
1156 4155 1418 4251 philosophiam
1432 4163 1470 4230 et
1485 4175 1635 4230 omnem
1649 4155 1856 4232 scientiam:

685 4277 786 4373 prior
811 4276 908 4352 enim
935 4276 1003 4349 luit
1034 4275 1218 4350 Homerus
1249 4282 1286 4350 et
1318 4273 1538 4369 Pronapides
1566 4275 1740 4371 magister
1765 4276 1856 4370 eius,

684 4397 862 4472 Pindarus
894 4406 932 4473 et
964 4395 1173 4491 Sophocles,
1199 4416 1312 4490 quam
1337 4395 1558 4490 Aristoteles,
1585 4396 1698 4491 Plato,
1724 4398 1857 4494 Pytha-

684 4539 806 4615 goras,
823 4516 1062 4614 Anaxagoras
1086 4523 1124 4591 et
1148 4515 1208 4590 alii
1227 4516 1445 4612 philosophi:
1464 4514 1662 4592 *similiter
1682 4517 1781 4613 apud
1798 4539 1859 4592 ro-

687 4660 815 4713 manos
839 4637 902 4711 diu
929 4637 1080 4711 luerunt
1106 4636 1142 4710 in
1169 4636 1310 4711 honore
1335 4644 1454 4733 poetae
1475 4637 1577 4732 prius
1603 4659 1716 4732 qnam
1743 4638 1860 4734 philo·

685 4751 886 4853 soplri*(¹)‚
913 4764 954 4830 ut
987 4755 1117 4831 asserit
1149 4756 1300 4851 Tullius,
1329 4757 1450 4851 primo
1482 4757 1794 4853 Tusculanarum
1823 4764 1860 4834 et

747 5016 774 5079 (¹)
790 5017 826 5066 Lo
842 5017 932 5080 parole
948 5016 988 5068 ira
1004 5017 1013 5067 i
1030 5017 1080 5067 due
1098 5017 1230 5068 asterisclrl
1246 5031 1293 5068 ron
1310 5018 1421 5082 supplita
1437 5017 1477 5068 dal
1492 5017 1579 5070 Codiri
1595 5023 1611 5070 l
1626 5033 1641 5071 c
1658 5019 1772 5072 lislam
