4342 6692
613 892 754 948 caurus
779 893 994 951 nutemus
1018 897 1183 952 strnue.
1406 884 1477 954 nte

304 1043 387 1111 tutte
402 1057 422 1109 e
436 1044 531 1128 sette,
549 1037 643 1112 sieut
661 1037 856 1135 magnifica
873 1039 1021 1116 demina
1038 1040 1225 1136 premittit
1241 1042 1307 1116 sibi
1330 1043 1477 1138 pulcras
1588 1077 1590 1084 ·

304 1157 444 1254 puellus
468 1158 616 1252 quande
640 1159 780 1233 accedit
803 1159 851 1235 ad
876 1161 999 1236 toenrn
1018 1163 1262 1254 honestum,e
1286 1183 1397 1236 messe
1422 1180 1478 1236 me

303 1281 397 1372 depo
429 1299 479 1370 se,
504 1278 650 1374 seilicet,
674 1286 720 1354 nt
751 1288 974 1375 sequeretur
1003 1301 1100 1377 eam,
1130 1286 1206 1360 soto
1235 1285 1477 1372 acamantida,
1543 1255 1555 1282 ⁹

304 1399 406 1493 idest,
431 1400 510 1474 soto
534 1407 628 1474 nutu
653 1400 739 1494 oris,
766 1421 839 1475 nnn
864 1401 980 1477 verbe
1007 1401 1151 1478 vucavit
1176 1423 1237 1478 me
1263 1411 1344 1498 post
1360 1423 1412 1498 se,
1429 1402 1477 1478 de

304 1540 379 1614 que
403 1519 589 1614 potissime
618 1539 750 1595 curam
776 1521 940 1617 gerebat,
966 1543 985 1595 e
1009 1525 1047 1596 tu
1069 1525 1206 1614 ἀοππα,
1227 1523 1372 1618 seilicet,
1399 1521 1475 1598 Ma·

302 1639 455 1734 tnildim,
468 1661 553 1734 quae
570 1640 729 1716 habebat
744 1641 947 1716 custodiam
960 1643 1084 1739 sylvae,
1099 1644 1193 1719 sieut
1210 1643 1356 1719 Beatrix
1383 1664 1472 1719 cnr-

303 1781 379 1856 rus‚
404 1783 424 1834 e
449 1763 611 1853 itsuue,
645 1759 792 1856 scilicet,
821 1762 990 1857 Statium,
1016 1766 1076 1837 ete
1108 1767 1246 1860 ristnttu
1278 1765 1475 1840 recedente

303 1880 471 1978 Virgiti03
497 1903 583 1957 nam
609 1881 744 1956 Statius
768 1888 848 1977 post
873 1882 1024 1958 exitium
1051 1891 1104 1958 tut
1129 1887 1350 1986 saeculorum
1373 1903 1473 1959 nnnc

302 2001 444 2078 redibat
460 2003 497 2076 in
514 2002 681 2098 patriam.
699 2003 743 2076 Et
759 2001 881 2077 subdit
897 2004 1082 2098 quemodo
1100 2004 1307 2082 invitaverit
1319 2000 1356 2098 (¹)
1385 2020 1472 2080 enm

302 2122 505 2218 specialiter
537 2123 584 2198 ad
617 2123 842 2216 loquendum
876 2143 1015 2218 secum,
1049 2124 1172 2199 dicens
1202 2125 1471 2200 continuative:

299 2235 372 2316 ensi
393 2265 455 2317 seu
479 2246 577 2335 pinu,
598 2242 657 2317 itta
678 2242 824 2317 Beatrix
841 2263 928 2318 num
949 2243 1018 2317 itiis
1034 2245 1323 2339 precedentibus
1344 2254 1381 2320 et
1403 2263 1471 2320 no-

298 2362 354 2438 his
378 2363 627 2458 sequentibus,
657 2385 677 2436 e
713 2384 786 2436 nou
814 2368 920 2438 neda
951 2367 1011 2438 cte
1042 2367 1077 2438 to
1107 2367 1238 2439 decim
1266 2385 1330 2439 suo
1358 2382 1472 2458 passe

295 2488 390 2579 fosse
413 2488 452 2558 tu
476 2492 575 2557 tarra
602 2490 718 2577 peste,
745 2485 851 2578 qnasi
875 2485 982 2579 dieat,
1012 2491 1049 2560 et
1079 2484 1265 2560 modicum
1295 2487 1467 2561 ambula-

297 2610 402 2678 verat
427 2609 620 2699 postquam
647 2611 850 2680 recesserat
874 2625 897 2679 a
921 2607 1043 2700 ptanta
1064 2606 1172 2700 juxta
1206 2627 1320 2700 quarn
1346 2607 1466 2701 prime

297 2725 457 2832 sedebat
470 2728 612 2818 quande
628 2728 677 2798 mi
689 2745 853 2817 perenne
863 2728 915 2818 pti
931 2728 1038 2817 wetti,
1052 2725 1187 2800 scilieet
1206 2747 1319 2820 meos,
1333 2747 1399 2800 con
1415 2730 1466 2818 pti

297 2846 404 2935 occu,
417 2844 553 2919 scitinet
568 2845 654 2939 suis,
668 2846 773 2940 qnasi
787 2845 883 2919 dicat
895 2846 994 2939 qnod
1010 2845 1157 2920 Beatrix
1172 2847 1222 2921 sic
1241 2845 1465 2921 ambulando

296 2963 432 3039 iterum
458 2963 659 3039 retroflexit
683 2986 723 3040 se
748 2971 786 3040 et
811 2973 903 3039 nntn
929 2971 967 3038 et
992 2953 1119 3060 verbe,
1138 2971 1179 3038 ut
1204 2965 1374 3040 redderet
1405 2983 1465 3040 me

296 3091 489 3161 attentum.
519 3085 619 3160 Unde
642 3085 747 3160 dicit:
773 3109 793 3159 e
816 3089 865 3159 mi
892 3088 984 3159 unse
1007 3107 1075 3158 con
1103 3087 1291 3178 eanputto
1321 3093 1464 3179 nspettn

295 3205 399 3299 idest,
417 3205 575 3302 benigno
596 3205 696 3298 risu3
715 3204 778 3278 nbi
799 3205 920 3300 primu
940 3204 1132 3280 videbatur
1150 3206 1241 3279 irata
1259 3211 1297 3280 et
1321 3205 1463 3280 indam-

295 3332 407 3419 mata,
425 3346 524 3401 nnnc
549 3327 642 3402 taeta
667 3333 747 3400 erat
772 3326 933 3419 placata:
955 3325 1014 3399 ret
1030 3325 1234 3400 seeundum
1255 3326 1364 3400 aliam
1383 3325 1466 3400 lite-

294 3466 388 3540 ram,
421 3452 547 3518 conen
576 3448 688 3536 puetto
712 3452 857 3539 npetto,
891 3445 993 3538 idest,
1031 3445 1079 3519 ad
1110 3445 1462 3541 contemperandum

294 3573 482 3662 aspectum
510 3566 670 3662 primum
689 3565 859 3662 rigidum,
878 3566 1063 3640 narrando
1091 3567 1177 3640 mihi
1203 3566 1398 3642 vindictam
1416 3565 1464 3640 de

294 3687 408 3781 brevi,
435 3689 512 3760 vien
531 3683 595 3780 piri
627 3693 729 3776 toste,
762 3686 840 3761 ibat
872 3685 969 3760 enirn
1001 3691 1110 3781 poeta
1139 3686 1409 3781 aliquantutum
1441 3706 1463 3760 a

292 3807 401 3904 lenge
425 3815 508 3903 pest
531 3828 614 3882 eam
641 3827 709 3903 pro
743 3807 870 3881 maiori
903 3806 1122 3899 reverentia,
1149 3813 1245 3880 teuto
1276 3809 1336 3879 ete
1360 3814 1395 3880 tu
1419 3809 1464 3879 sit

293 3928 357 4002 beu
389 3931 543 4022 nepote
573 3931 624 4002 ud
651 3930 866 4020 ascoturmt,
902 3927 1227 4022 appropinquando
1260 3927 1359 4019 mihi,
1384 3929 1461 4000 stin

289 4053 398 4144 paeto
421 4057 507 4141 nco,
531 4049 560 4124 si
586 4069 654 4145 pro
678 4048 782 4143 qnia3
809 4067 896 4121 unm
922 4047 1005 4120 vete
1030 4048 1153 4141 aliqua
1179 4047 1301 4122 dicere
1328 4046 1389 4120 tibi
1414 4041 1460 4120 ad

292 4170 576 4246 ennsniatinnem
603 4169 656 4242 tut
682 4176 720 4243 et
743 4168 902 4243 aliorum
919 4167 1117 4240 zelantinm
1143 4172 1277 4241 statum
1296 4167 1459 4241 ecetesiae

292 4291 368 4366 Dei.
396 4291 438 4363 Et
462 4290 561 4365 addit
585 4296 692 4385 peeta
718 4288 815 4382 qued
839 4288 985 4362 Beatrix
1013 4287 1139 4362 videns
1160 4307 1245 4362 enm
1268 4287 1388 4362 adhue
1413 4285 1460 4359 ti-

292 4411 433 4485 midum
459 4419 496 4486 et
522 4410 673 4485 tacitum
690 4407 867 4503 praevenit
882 4407 929 4482 ad
950 4407 1146 4502 petendum
1168 4406 1371 4502 praestando
1392 4405 1458 4479 sibi

290 4530 507 4625 andaciam3
530 4531 629 4605 nude
653 4529 757 4604 dicit:
784 4536 823 4604 et
851 4529 910 4602 itta
935 4527 1095 4623 Beatus,
1116 4531 1256 4602 dissensi
1279 4527 1459 4600 siccom’to

286 4655 342 4747 fui
355 4654 486 4726 com¹ie
498 4649 855 4743 emancupare
876 4648 984 4742 dieat,
1001 4667 1087 4723 enm
1099 4668 1224 4723 essem
1240 4648 1356 4722 iactus
1371 4667 1459 4742 pru-

289 4765 447 4869 pinqnus
467 4769 546 4863 sibi,
563 4771 612 4844 ita
639 4769 737 4864 qnod
762 4789 906 4865 possem
932 4769 1027 4844 bene
1047 4765 1250 4866 intelligere
1268 4769 1381 4844 verbe
1403 4769 1458 4843 ln·

351 5034 379 5097 (¹)
394 5033 425 5084 E.
440 5033 572 5097 quomodo
588 5033 712 5084 invitarit.
