4342 6692
680 896 754 965 itt
1074 902 1280 962 consuunt
1304 904 1469 959 ransom

679 1051 848 1127 aionem:
874 1054 911 1123 et
936 1046 1082 1122 videtur
1107 1048 1245 1125 babere
1271 1049 1377 1125 istam
1403 1048 1624 1145 opinionem,
1643 1049 1742 1145 quod
1767 1050 1856 1125 luna

679 1171 813 1247 babeat
838 1169 876 1243 iu
900 1188 941 1243 se
966 1188 1013 1243 er
1034 1168 1092 1243 sui
1107 1160 1144 1261 (¹)
1165 1175 1298 1245 natura
1317 1190 1341 1245 a
1358 1159 1477 1265 primo'
1493 1170 1623 1245 datore
1647 1176 1684 1246 et
1711 1177 1858 1247 motore

678 1292 786 1367 utam
812 1289 998 1383 maculam
1024 1288 1243 1383 nubilosam,
1261 1289 1348 1384 quia
1374 1296 1430 1367 est
1455 1290 1573 1367 vicina
1591 1298 1712 1385 une,
1730 1297 1768 1367 et
1789 1292 1858 1367 ba-

678 1412 742 1488 bet
766 1409 930 1485 maxime
955 1428 1107 1484 movere
1133 1408 1201 1483 ista
1226 1408 1400 1487 interiora
1431 1416 1469 1485 ot
1498 1410 1659 1487 alterare
1683 1410 1731 1485 do
1755 1411 1857 1486 claro

679 1532 718 1606 io
742 1531 945 1605 obscurum
970 1536 1008 1605 et
1033 1548 1056 1605 o
1079 1549 1270 1605 converso.
1290 1530 1334 1605 ct
1354 1529 1500 1606 videtur
1515 1528 1639 1607 dicere
1657 1530 1856 1607 sententia·

680 1654 762 1729 liter
787 1652 826 1726 iu
850 1651 961 1747 longo
985 1650 1166 1745 discursu,
1184 1649 1283 1745 quod
1304 1650 1466 1747 primum
1491 1652 1629 1727 coelum
1651 1658 1708 1727 est
1723 1651 1760 1725 in
1775 1672 1857 1727 ooe-

680 1772 831 1849 lestibus
856 1769 950 1845 sicut
971 1790 1040 1845 cor
1055 1770 1094 1844 iu
1114 1770 1301 1866 membris,
1320 1776 1357 1845 et
1374 1771 1491 1846 virtus
1508 1772 1641 1868 primae
1659 1792 1779 1847 causae
1796 1778 1855 1847 eat

680 1892 718 1967 in
743 1891 954 1966 coelestibus
978 1889 1074 1965 sicut
1099 1890 1216 1965 virtus
1241 1890 1360 1965 cordis
1384 1890 1420 1967 iu
1446 1892 1679 1988 corporibus:
1700 1898 1737 1968 et
1762 1891 1856 1967 sicut

681 2010 853 2106 quaelibet
867 2010 1034 2085 membra
1047 2010 1183 2085 babent
1197 2010 1363 2106 proprias
1376 2010 1532 2087 virtutes
1545 2010 1722 2087 insitibus
1736 2030 1858 2086 mem·

681 2132 839 2206 brorum
858 2130 932 2239 ,sibi
957 2130 1229 2225 determinatas,
1255 2130 1305 2206 ita
1330 2130 1518 2226 quodlibet
1541 2133 1678 2207 coelum
1698 2139 1736 2209 et
1752 2122 1859 2228 quaess

681 2252 770 2327 libet
795 2252 897 2335 stella
923 2251 961 2325 iu
990 2251 1118 2325 sitibus
1150 2250 1225 2327 suis
1257 2250 1394 2329 babent
1424 2252 1589 2349 proprias
1622 2253 1794 2349 virtutes,
1820 2260 1860 2329 et

683 2372 778 2447 sicut
802 2378 879 2447 tota
904 2371 1101 2446 multitudo
1127 2372 1289 2446 retertur
1316 2370 1364 2447 ad
1395 2392 1527 2446 uuum·
1543 2372 1704 2468 primum
1738 2394 1858 2449 mem·

683 2493 795 2567 brum
822 2490 1066 2587 compositum
1093 2512 1140 2567 ex
1166 2498 1310 2567 motore
1327 2497 1365 2567 et
1381 2492 1506 2567 mobili
1528 2484 1602 2568 *in
1625 2493 1857 2590 animalibus,

684 2612 785 2706 quod
809 2617 865 2686 est
888 2630 965 2703 eor,
991 2610 1041 2685 ita
1066 2610 1105 2685 in
1129 2610 1339 2686 coelestibus
1368 2618 1444 2687 tota
1476 2612 1672 2689 multitudo
1698 2615 1858 2689 retertur

683 2732 730 2807 ad
756 2753 874 2805 uuum
900 2730 999 2826 quod
1024 2736 1080 2807 ert
1104 2733 1242 2806 coelum
1267 2731 1428 2827 primum
1446 2734 1689 2829 compositum
1710 2755 1757 2809 er
1775 2756 1858 2809 mo·

687 2858 769 2927 tore
795 2858 833 2926 et
857 2850 1014 2925 mobili*
1029 2841 1076 2943 (‘).
1104 2851 1210 2927 Nunc
1234 2850 1284 2929 ad
1306 2850 1449 2928 literam
1479 2854 1565 2929 dicit
1593 2854 1740 2929 Beatrix
1767 2856 1858 2931 iuci-

687 2973 790 3069 piens
814 2992 837 3047 a
861 2970 982 3067 primo
1006 2972 1120 3045 ooelo:
1143 2976 1195 3045 Uo
1220 2990 1342 3065 corpo,
1368 2973 1513 3069 scilicet,
1532 2975 1693 3071 primum
1721 2975 1857 3051 mobile

684 3093 762 3169 sive
786 3113 894 3189 spera
919 3112 1030 3185 nona,
1054 3094 1148 3167 nella
1171 3095 1228 3167 oui
1246 3096 1370 3167 voute
1394 3096 1539 3187 tesso,
1562 3094 1665 3189 idest,
1687 3094 1773 3190 rita,
1798 3116 1858 3170 es·

684 3214 811 3308 sentia,
836 3216 875 3286 di
898 3219 982 3286 nto
1005 3234 1070 3287 ruo
1091 3219 1262 3305 omaro,
1281 3214 1384 3309 idest,
1401 3215 1568 3291 omnium
1590 3236 1783 3311 sperarum
1800 3216 1858 3290 in·

605 3357 611 3368 ’
685 3334 861 3411 seriorum
889 3355 972 3428 quae
996 3334 1066 3408 sub
1092 3354 1137 3409 eo
1155 3334 1400 3429 eontinentur,
1426 3338 1538 3429 mooe,
1559 3334 1661 3431 idest,
1682 3338 1857 3431 consistit,

684 3460 716 3530 oi
738 3459 834 3548 pira,
860 3455 963 3547 idest,
990 3454 1165 3549 volvitur,
1196 3456 1320 3529 daturo
1344 3458 1408 3530 dcl
1425 3458 1491 3530 olel
1504 3458 1597 3531 dado
1617 3460 1736 3531 &viru
1749 3478 1856 3551 poce,

686 3576 791 3669 idest,
809 3574 905 3649 intra
923 3574 1059 3649 coelum
1080 3592 1299 3671 empyreum
1318 3575 1485 3671 quietum
1504 3576 1603 3671 quod
1619 3598 1748 3653 omnes
1763 3576 1856 3652 alios

685 3694 972 3791 comprehendit.
990 3695 1034 3769 Et
1051 3715 1125 3769 non
1143 3696 1222 3769 vult
1237 3695 1336 3771 aliud
1352 3696 1486 3791 dicere,
1505 3697 1573 3772 nisi
1591 3697 1689 3793 quod
1706 3697 1743 3771 in
1764 3698 1859 3773 coelo

685 3837 784 3891 nono
809 3814 1014 3890 virtualiter
1039 3821 1095 3890 ert
1120 3834 1230 3891 causa
1257 3816 1424 3890 omniurn
1451 3815 1651 3891 effectuum
1683 3818 1747 3912 qui
1773 3824 1860 3891 sunt

685 3936 780 4012 inira
805 3934 938 4030 ipsum,
956 3942 993 4009 et
1012 3934 1061 4009 ab
1084 3934 1162 4031 ipso
1187 3935 1351 4031 procedit
1367 3956 1449 4011 esse
1464 3937 1631 4012 omnium
1656 3938 1858 4031 stellarum,

687 4077 772 4152 quae
788 4046 993 4133 secundum
1010 4061 1183 4131 naturam
1202 4077 1308 4130 suam
1327 4056 1542 4151 recipientes
1560 4056 1720 4153 desuper
1734 4064 1859 4133 osten-

686 4178 778 4254 dunt
804 4198 844 4253 se
869 4178 950 4271 plus
976 4182 1014 4252 et
1039 4177 1162 4251 minus
1186 4176 1462 4252 lucidas-Lo
1485 4180 1558 4251 ciel.
1591 4177 1657 4254 Hic
1686 4178 1860 4253 describit

686 4306 855 4374 octamm
881 4318 1040 4393 speram,
1061 4318 1146 4390 quae
1164 4296 1338 4372 virtutem
1364 4304 1549 4395 receptam
1575 4320 1598 4375 a
1623 4318 1719 4374 nona
1739 4298 1860 4373 distri-

686 4418 766 4495 buit
791 4418 827 4493 in
851 4438 939 4493 suas
955 4418 1076 4492 stellas
1094 4424 1132 4493 et
1148 4438 1275 4513 speras
1292 4418 1501 4513 interiores3
1523 4418 1621 4496 uude
1638 4426 1723 4495 nola
1740 4420 1861 4516 primo
1971 4414 1978 4425 '

688 4538 787 4633 quod
813 4538 975 4634 primum
998 4538 1133 4613 mobile
1159 4537 1196 4612 iu
1220 4558 1333 4633 opere
1353 4545 1495 4613 nturoe
1512 4546 1568 4614 est
1585 4546 1774 4635 tamquam
1793 4540 1861 4615 do-

689 4660 963 4737 minusbabens
975 4666 1091 4734 mtam
1107 4658 1347 4735 autoritatem
1359 4666 1397 4735 et
1421 4660 1680 4757 amplissimam
1701 4666 1861 4757 potesta·

762 4958 770 4987 t

753 4963 781 5099 {¹3
796 4960 1019 5100 {affirma
1035 5038 1086 5091 duo
1102 5038 1235 5091 uterlsobl
1251 5051 1297 5091 ron
1313 5038 1425 5104 mpplito
1440 5039 1510 5104 dogit
1524 5038 1584 5091 dtrl
1599 5042 1640 5091 trs
1654 5038 1749 5091 codici.
