4342 6692
637 906 777 964 caurus
801 908 995 1003 vrensruus
1016 908 1181 978 poturus.
1426 900 1494 968 107

326 1050 411 1125 lato.
438 1050 565 1126 Clotho
583 1072 673 1149 ergo
689 1052 821 1127 dicitur
838 1062 986 1150 portare
1004 1056 1128 1129 colum
1148 1076 1235 1130 cum
1252 1057 1326 1131 lino
1346 1065 1496 1154 propter

326 1176 529 1247 tortuosam
556 1173 823 1250 revolutionem
841 1196 915 1270 qua
935 1176 1157 1270 proveniunt
1173 1196 1218 1251 ea
1235 1198 1320 1271 quae
1340 1178 1496 1252 diverse

327 1298 470 1367 natura
489 1298 612 1367 motus
632 1292 814 1389 importat
840 1296 1009 1371 Lachesis
1025 1296 1158 1370 dicitur
1175 1298 1279 1392 quasi
1296 1297 1423 1371 sortita
1440 1296 1496 1371 oi-

326 1412 450 1488 llcium
463 1405 513 1506 (¹),
530 1421 572 1487 ut
589 1414 712 1489 omnia
729 1434 841 1507 opera
860 1423 897 1490 et
914 1414 1065 1491 allectus
1086 1417 1277 1512 suscipiat:
1295 1416 1376 1491 ideo
1401 1416 1496 1491 bene

324 1532 462 1609 inducit
495 1530 597 1607 iilum
630 1534 666 1608 in
695 1534 846 1608 lusum:
873 1540 1027 1631 Atropos
1060 1537 1247 1631 abrumpit
1279 1536 1383 1610 iilum
1415 1543 1496 1631 post

326 1654 425 1748 quod
451 1673 523 1730 uon
549 1660 604 1729 est
628 1654 718 1729 dare
743 1676 966 1751 regressum.
984 1655 1208 1731 Adveniente
1230 1657 1342 1753 igitur
1359 1656 1496 1753 ltropo

326 1774 385 1849 illa
402 1774 512 1869 ulma,
529 1778 655 1851 edocti
671 1778 771 1850 datto
785 1796 906 1869 carne,
927 1796 1013 1850 cum
1033 1796 1108 1871 qua
1124 1777 1243 1871 primo
1263 1785 1344 1853 erat
1371 1777 1492 1874 ligata,

325 1901 361 1969 ct
379 1898 418 1969 in
438 1898 574 1986 virtrtc,
591 1894 693 1990 idest,
711 1896 748 1970 in
765 1897 927 1992 potentia
944 1918 1028 1991 sue,
1040 1916 1084 1969 nc
1098 1903 1205 1989 portu
1224 1918 1302 1971 ccco
1319 1902 1493 1988 lemano,

325 2014 471 2109 scilicet,
497 2016 742 2113 vegetativum
769 2024 807 2091 et
831 2016 1053 2110 sensitivam,
1073 2020 1134 2089 c’t
1157 2020 1289 2109 duno,
1307 2017 1410 2113 idest,
1433 2038 1495 2093 ra-

324 2134 497 2211 tionalem
522 2135 696 2229 animam,
720 2156 804 2230 quae
829 2144 885 2213 art
910 2136 996 2231 quid
1023 2135 1186 2211 divinum
1213 2142 1250 2212 et
1274 2158 1298 2211 a
1323 2138 1400 2212 Deo
1429 2136 1496 2212 da-

325 2261 417 2328 tum.
430 2292 480 2307 -
492 2257 529 2326 ι’
542 2258 642 2329 altre
665 2256 730 2329 llic
749 2256 884 2330 Statius
904 2256 1059 2335 ostendit
1078 2257 1165 2350 quid
1181 2257 1304 2332 anima
1326 2264 1494 2352 separata

326 2373 481 2449 retineat
506 2392 645 2467 secum,
664 2381 701 2449 et
721 2375 809 2469 quid
826 2396 910 2449 non.
928 2377 973 2453 Et
992 2376 1037 2449 ad
1058 2376 1329 2472 intelligendam
1349 2377 1494 2451 literam

325 2499 381 2568 est
405 2493 525 2589 primo
550 2482 767 2588 notandum,
785 2494 883 2589 quod
903 2495 1151 2590 potentiarum
1173 2496 1306 2569 anima
1323 2496 1493 2589 quaerbm

325 2622 411 2689 sunt
428 2614 585 2711 propriae
606 2616 790 2710 passiones
805 2616 883 2690 sine
900 2634 1065 2710 corpore,
1084 2616 1179 2690 sicut
1194 2616 1410 2709 intellectus,
1429 2636 1496 2690 vo·

324 2734 457 2828 luntas,
484 2743 522 2810 et
548 2736 657 2829 ratio;
684 2733 754 2810 alia
779 2734 980 2811 accidentia
1008 2740 1094 2810 sunt
1124 2735 1334 2811 communia
1365 2736 1496 2810 sibiet

325 2854 489 2951 corpori:
516 2860 553 2929 et
577 2855 730 2930 istorum
757 2854 998 2930 accidentium
1029 2856 1152 2951 aliqua
1176 2856 1296 2951 passio
1324 2867 1381 2932 est
1410 2876 1495 2950 quae

323 2974 447 3069 incipit
470 2974 518 3049 ab
542 2974 665 3049 anima
691 2982 729 3049 et
753 2975 922 3069 expletur
947 2994 1013 3073 per
1037 2996 1183 3069 corpus,
1212 2976 1307 3049 deut
1332 2975 1432 3050 visus
1456 2984 1496 3049 et

322 3092 482 3189 auditus,
507 3101 545 3171 et
567 3096 687 3173 omnis
711 3114 839 3169 sensus
855 3102 893 3169 et
912 3095 1111 3191 vegetatio:
1136 3096 1208 3171 alia
1228 3096 1351 3191 incipit
1370 3118 1392 3171 a
1410 3117 1495 3172 cor-

322 3232 414 3307 pore
438 3220 476 3288 et
501 3214 682 3289 redundat
705 3214 751 3289 ad
775 3214 953 3304 animam,
971 3220 1012 3287 ut
1028 3235 1179 3289 somnus
1199 3222 1238 3289 et
1257 3215 1391 3311 vigilia,
1409 3238 1495 3311 quae

323 3331 447 3427 incipit
470 3334 518 3408 ub
543 3334 802 3429 evaporatione
827 3334 909 3427 cibi,
927 3344 965 3410 et
981 3332 1140 3411 efficitur
1159 3334 1415 3430 ligamentum,
1432 3338 1493 3411 vel

323 3452 458 3528 solutio
482 3454 660 3528 virtutum
686 3455 836 3548 animae3
864 3460 900 3529 et
925 3474 1054 3529 omnes
1073 3453 1160 3529 tales
1178 3455 1363 3548 passiones
1388 3476 1493 3531 com·

324 3592 456 3647 munes
481 3579 707 3649 evanescunt
730 3593 815 3648 cum
844 3571 883 3647 lit
907 3573 1089 3669 separatio
1107 3572 1242 3648 anime
1266 3594 1289 3649 a
1314 3596 1492 3671 corpore3

322 3691 451 3786 primae
476 3712 565 3767 vero
592 3714 675 3788 quta
700 3700 787 3767 sunt
813 3694 969 3788 proprie
989 3692 1082 3768 liunt
1103 3694 1292 3770 liberiores
1310 3689 1491 3790 solutael‘)

322 3814 509 3909 ergastulo
540 3813 781 3889 amarissimae
812 3814 1008 3889 servitutis.
1035 3814 1128 3888 llicit
1161 3834 1252 3910 ergo
1277 3815 1429 3889 Statius:
1455 3824 1494 3892 et

323 3932 382 4006 illa
407 3933 530 4009 anima
556 3932 732 4009 recedens
756 3954 779 4009 a
805 3952 961 4028 corpore
989 3940 1111 4029 portat
1136 3954 1275 4028 secum,
1308 3935 1478 4009 menone

322 4060 359 4129 et
383 4054 546 4149 loquitur
571 4054 706 4129 Statius
732 4054 790 4129 bic
813 4074 902 4129 sane
925 4060 1116 4148 tamquam
1135 4061 1242 4149 poeta
1258 4055 1489 4149 christianus,

322 4192 395 4247 nou
420 4180 612 4268 tamquam
643 4174 878 4270 philosophus
906 4192 1091 4270 paganus3
1117 4196 1204 4249 nam
1235 4174 1281 4276 de
1311 4175 1493 4251 memoria
1583 4263 1586 4269 ¹

323 4314 396 4368 non
421 4294 567 4371 videtur
592 4314 737 4389 verum,
764 4294 849 4389 quia
876 4300 931 4369 est
952 4294 1067 4367 virtus
1093 4294 1267 4391 organica
1292 4295 1493 4369 consistens

322 4414 359 4488 in
385 4415 578 4511 posteriori
602 4415 735 4491 cellula
760 4414 924 4509 cerebri3
949 4410 1013 4489 sed
1037 4413 1242 4489 secundum
1260 4413 1369 4489 tidem
1395 4416 1492 4489 bene

321 4535 427 4631 dicit;
451 4538 698 4629 tntcttipcnzic,
724 4535 827 4631 idest,
852 4534 1075 4612 intellectum
1103 4542 1141 4610 et
1167 4534 1357 4629 rationem,
1382 4557 1402 4608 c
1426 4557 1492 4609 uo-

320 4660 463 4750 luntutc,
481 4678 566 4752 quae
590 4663 645 4733 est
670 4676 815 4752 semper
840 4655 967 4750 libera,
985 4659 1090 4729 molto
1104 4651 1166 4749 pil
1185 4664 1296 4747 acue,
1313 4655 1417 4749 idest,
1434 4656 1493 4731 in·

322 4780 498 4856 tensiores
524 4785 561 4854 et
587 4776 891 4870 vehementiores,
917 4778 977 4851 cle
1002 4780 1136 4870 mimo,
1160 4783 1311 4873 propter
1338 4776 1492 4872 impedi—

384 5043 412 5106 Ρ)
428 5046 482 5104 117,
498 5042 629 5094 effectum.
877 5038 905 5103 (¹)
921 5040 952 5093 E.
969 5040 1063 5093 soluto.
