4342 6692
762 934 901 990 danaus
926 935 1069 991 sunaus.
1284 915 1290 926 '
1434 920 1504 988 t53

332 1093 429 1162 stum
456 1084 616 1182 signum,
641 1081 701 1158 alii
727 1101 867 1174 amore,
894 1081 954 1156 alii
979 1081 1063 1157 odio
1088 1081 1237 1156 seducti.
1272 1081 1364 1156 Dicit
1394 1101 1504 1177 ergo:

335 1210 441 1282 moui
460 1208 547 1298 puoi
570 1205 745 1295 piudioor,
779 1221 826 1276 ex
859 1200 1060 1277 rationibus
1091 1202 1204 1297 lactis,
1234 1205 1272 1276 di
1301 1205 1375 1294 qud
1388 1203 1505 1294 rotuli,

333 1327 481 1420 seilicet,
506 1322 674 1422 guelphis
699 1328 736 1398 et
760 1322 975 1418 ghibellinis,
993 1325 1045 1396 ot’
1056 1325 1093 1396 io
1112 1327 1254 1397 nouat
1269 1327 1308 1397 di
1325 1344 1450 1416 sopra,
1467 1322 1504 1395 in

333 1440 508 1542 principio
533 1441 775 1540 digressionis,
801 1445 892 1516 ede'
905 1444 962 1516 lor
979 1445 1079 1537 solli;
1101 1463 1190 1518 vere
1207 1442 1383 1518 falluntur
1403 1442 1503 1537 uiui,
1644 1545 1648 1549 .

334 1566 492 1661 quiade
517 1570 666 1639 centum
693 1563 867 1638 militibus
893 1585 968 1640 non
991 1563 1176 1638 invenitur
1200 1586 1309 1658 unus,
1328 1564 1391 1658 qui
1415 1563 1506 1637 sciat

333 1685 481 1782 quando
507 1685 566 1760 vel
591 1683 777 1778 quomodo
802 1684 872 1758 sint
897 1684 1055 1758 inventae
1080 1683 1158 1758 istae
1177 1683 1425 1779 partialitates,
1445 1684 1503 1759 vel

335 1807 423 1902 quid
447 1805 513 1880 sibi
539 1803 652 1880 velint
678 1805 742 1878 ista
774 1803 922 1879 nomina
954 1812 1104 1900 propter
1128 1825 1212 1899 quae
1238 1804 1375 1878 iaciunt
1405 1811 1505 1880 tanta

335 1926 456 2020 mala3
483 1925 563 2001 ideo
589 1926 684 2001 hene
712 1923 816 1998 dicit:
851 1926 912 1997 rte
928 1945 1005 1998 sou
1037 1929 1166 2016 capion
1195 1927 1233 1998 dt
1261 1927 1335 1998 orttt
1358 1927 1372 1998 i
1396 1928 1507 1998 vostri

335 2049 429 2119 molt.
464 2045 495 2121 Ο
528 2051 619 2139 quot
650 2044 813 2120 civitates
848 2048 1005 2119 eversae!
1038 2050 1129 2138 quot
1163 2044 1274 2119 millia
1313 2045 1505 2119 hominurn

334 2185 428 2242 oaesa
455 2175 604 2260 propter
628 2165 737 2240 inane
761 2167 916 2240 nomen!
942 2164 1013 2239 Sed
1037 2164 1114 2238 Deo
1134 2165 1282 2262 gratias,
1301 2165 1364 2258 qui
1379 2164 1506 2259 Justis-

333 2285 427 2360 sime
451 2284 614 2360 extendit
640 2305 792 2358 manum
818 2305 926 2359 suam
943 2305 1055 2379 super
1075 2284 1228 2377 ltaliam,
1246 2285 1296 2358 ita
1314 2285 1412 2378 quod
1427 2286 1505 2379 jam

334 2404 584 2481 obliviscimur
609 2405 676 2480 ista
703 2403 862 2478 nomina.
882 2404 925 2477 lit
951 2404 1158 2479 manifestat
1179 2425 1345 2479 errorem
1367 2405 1507 2478 utrius-

334 2549 410 2623 que
434 2526 558 2624 partiS,
584 2525 726 2601 dicens:
752 2528 872 2617 luno,
901 2524 1004 2619 idest,
1022 2526 1214 2621 guelphus,
1238 2545 1374 2618 oppone
1392 2528 1508 2615 ipigli

336 2650 448 2742 piolli,
486 2647 588 2741 idest,
623 2645 777 2742 insignia
813 2645 908 2742 regis
943 2645 1105 2720 Franoiae
1138 2652 1175 2720 et
1206 2646 1326 2719 Caroli
1361 2646 1506 2739 veteris,

337 2787 423 2862 quae
448 2774 535 2841 sunt
558 2767 630 2841 lilia
656 2765 785 2840 citrino
807 2785 893 2840 cum
921 2767 1067 2840 rastello
1096 2765 1264 2860 desuper,
1291 2768 1332 2838 ot
1347 2766 1508 2858 pubblico

338 2910 459 2982 sepno,
477 2888 611 2963 scilicet
626 2887 772 2981 aquilae,
790 2907 874 2980 quae
899 2893 954 2960 est
977 2887 1123 2982 signum
1141 2906 1341 2961 eommune
1352 2887 1508 2982 justum,

336 3030 356 3082 o
386 3012 528 3098 tauro,
554 3007 699 3100 seilicet,
726 3005 956 3102 ghibellinus,
983 3010 1179 3099 opproprio
1203 3009 1314 3100 quello
1345 3014 1507 3100 oporte,

337 3137 377 3204 et
402 3128 452 3202 sio
478 3128 609 3202 iniuste
634 3127 719 3201 lacit
744 3127 862 3222 ipsum
888 3126 934 3202 de
951 3126 1097 3222 publico
1117 3126 1322 3223 privatum,
1342 3127 1439 3200 unde
1455 3127 1510 3199 di-

337 3249 404 3324 cit:
431 3241 461 3322 si
476 3251 527 3321 ol’
540 3243 560 3322 e*
571 3252 665 3342 sorte
681 3268 705 3318 a
724 3249 829 3320 aeder
845 3251 930 3339 quot
941 3243 1003 3340 piri
1019 3250 1051 3320 si
1071 3250 1163 3342 solli,
1184 3248 1288 3342 quasi
1308 3247 1415 3340 dicat,
1441 3247 1509 3321 dil-

339 3370 433 3444 lioile
458 3374 514 3442 est
537 3366 632 3442 scire
656 3367 738 3460 quis
758 3362 944 3461 justiusl¹l
973 3367 1088 3441 induit
1113 3389 1231 3461 arma,
1253 3367 1339 3462 quia
1366 3374 1510 3462 neuter,

339 3490 454 3565 immo
480 3491 639 3580 uterque
663 3485 800 3581 pariter
818 3486 959 3561 insanit.
980 3487 1022 3560 Et
1043 3487 1165 3562 subdit
1179 3487 1317 3582 justam
1345 3486 1512 3581 inorepa-

339 3610 476 3686 tionem
503 3614 630 3684 contra
657 3612 855 3701 utramque
879 3613 1043 3702 partem,
1070 3615 1108 3682 et
1132 3609 1252 3704 primo
1278 3615 1406 3683 contra
1431 3607 1512 3704 glri-

340 3730 503 3822 bellinos,
520 3727 662 3802 dicens:
685 3729 867 3820 sardonti
886 3728 1060 3819 oilboldo,
1078 3735 1116 3802 et
1138 3729 1279 3824 repetit,
1295 3731 1436 3822 [αοοίαη
1455 3731 1512 3800 tor

341 3860 432 3942 orto,
445 3848 580 3923 scilicet
598 3855 696 3922 artos
719 3848 802 3921 belli
820 3849 877 3922 vel
897 3849 1005 3942 pacis,
1019 3857 1107 3922 sotto
1126 3853 1219 3923 ultro
1238 3870 1361 3939 segno,
1373 3854 1411 3922 et
1427 3867 1513 3921 ecoe

340 3991 513 4046 cauum:
539 3964 601 4042 oti
627 3970 702 4041 mol
726 3987 829 4056 septu
863 3971 987 4059 quello,
1019 3969 1155 4044 scilieet
1187 3969 1345 4066 signum,
1378 3988 1513 4060 sempre

341 4094 395 4167 oti
420 4093 457 4164 lu
480 4092 641 4182 piustizio
666 4110 684 4162 e
708 4090 758 4160 lui
780 4089 932 4181 dipurte,
956 4089 1060 4182 quasi
1086 4089 1201 4164 dicat:
1229 4088 1325 4162 male
1344 4088 1512 4180 sequitur

342 4210 517 4306 aquilam,
543 4207 605 4304 qui
632 4208 795 4304 partizat,
822 4215 859 4282 et
884 4207 934 4282 ita
959 4229 982 4284 e
1007 4211 1158 4284 contra:
1185 4231 1204 4280 e
1231 4229 1304 4281 nou
1335 4211 1358 4281 l’
1372 4208 1513 4280 ahtodo

340 4340 414 4406 eso
443 4333 549 4404 carto
572 4333 721 4421 novello,
740 4329 887 4422 scilicet,
906 4328 1058 4404 Carolus
1084 4337 1202 4421 vetus,
1224 4349 1336 4423 quem
1357 4330 1514 4424 appellat

344 4453 543 4543 novellum,
570 4451 656 4544 quia
682 4450 822 4544 primus
857 4449 956 4524 venit
994 4449 1031 4523 in
1064 4449 1219 4543 ltaliam,
1254 4456 1292 4523 et
1322 4449 1514 4544 aequisivit

343 4592 502 4669 regnum
524 4570 671 4662 Siciliae3
690 4569 753 4662 qui
771 4569 929 4642 multum
948 4576 1196 4664 persequutus
1213 4575 1268 4643 est
1285 4568 1514 4665 ghibellinos,

341 4698 380 4768 et
406 4690 551 4766 reduxit
575 4689 753 4786 guelphos
778 4688 814 4762 in
840 4688 1074 4764 Florentiam.
1102 4691 1146 4763 Et
1171 4690 1336 4763 similiter
1361 4688 1514 4764 Carolus

231 4851 233 4856 v
341 4811 504 4888 Claudus
529 4809 623 4884 iilius
649 4815 685 4884 et
712 4829 776 4884 ren
803 4809 987 4884 Robertus
1016 4831 1131 4906 nepos
1160 4810 1319 4884 mulium
1344 4809 1515 4884 laverunt

407 5075 435 5138 (¹)
451 5075 482 5125 E.
499 5074 625 5125 iniustius.
