4342 6692
760 925 898 980 catinus
922 923 1094 980 OCTAVUS·
1442 913 1510 980 491

341 1085 362 1148 c
385 1077 422 1147 to
446 1074 536 1147 belia
561 1074 760 1160 Trinacrio,
780 1071 883 1165 idest,
904 1070 1022 1145 Sicilia
1040 1089 1130 1145 rere
1145 1069 1368 1165 pulcerrima
1385 1077 1424 1144 et
1441 1069 1516 1144 ler-
1607 1063 1611 1070 ’

342 1191 503 1266 tilissima
531 1193 747 1284 insularum,
766 1191 817 1266 sic
836 1190 923 1265 olim
950 1189 1044 1264 diota
1070 1210 1092 1264 a
1118 1189 1235 1262 tribus
1255 1189 1516 1284 promontoris

344 1313 497 1410 magnis,
510 1311 645 1386 scillcet
660 1309 830 1407 lilybaeo,
849 1310 1019 1404 Pacbino,
1038 1310 1194 1405 Pelloro,
1214 1309 1312 1385 unde
1329 1317 1383 1384 est
1401 1309 1515 1384 trian-

342 1435 480 1530 gulata,
497 1435 557 1506 cle
572 1435 702 1524 catipu,
723 1431 825 1526 idest,
843 1432 1064 1506 obscuratur
1088 1430 1192 1504 lumo
1211 1431 1342 1525 AEtnae,
1363 1437 1400 1506 et
1421 1432 1515 1506 lorle

341 1552 548 1648 aliquando·
564 1572 637 1628 non
662 1551 828 1645 fumabit,
852 1571 963 1644 sopra
979 1553 1005 1625 ’t
1026 1553 1137 1643 polso,
1163 1551 1266 1645 idest,
1293 1571 1397 1625 mare
1417 1549 1514 1626 sicu·

343 1674 433 1767 lum,
459 1675 518 1745 cle
542 1676 653 1746 riceuc
678 1675 726 1745 du
751 1677 862 1764 Euro,
890 1678 1001 1746 vento
1018 1670 1198 1764 orientali,
1216 1674 1382 1763 mappior
1397 1671 1514 1762 bruya,

343 1793 430 1888 quin
454 1791 586 1888 saepius
606 1798 816 1867 commoret
833 1791 880 1865 ibi
899 1797 1165 1888 tempestatem.
1184 1794 1228 1865 Et
1244 1792 1404 1866 excludit
1424 1812 1515 1866 can-

343 1933 422 1988 sam
455 1911 576 1988 lictam
611 1913 799 2008 assignans
830 1911 1009 1987 rationem
1045 1913 1253 1986 naturalem
1292 1919 1329 1986 et
1366 1911 1512 1986 dicens:

341 2053 415 2107 non
437 2055 503 2127 per
533 2035 639 2128 lisca,
668 2032 726 2108 rel
751 2033 1036 2126 Enchelandum,
1064 2040 1106 2106 ut
1129 2032 1189 2107 alii
1215 2033 1351 2126 dicunt,
1375 2033 1433 2106 vel
1459 2041 1515 2107 est

343 2175 441 2227 nnus
466 2160 503 2228 et
528 2153 636 2246 idem,
663 2173 722 2225 mn
744 2175 811 2245 por
834 2163 996 2226 noscente
1020 2155 1124 2246 sotso,
1153 2174 1351 2228 accensum
1386 2154 1514 2246 ventis,

341 2275 453 2346 uereri
477 2273 636 2364 avr-eote,
663 2271 765 2364 idest,
786 2272 1010 2359 accendisset
1034 2273 1081 2348 ad
1107 2293 1287 2366 amorem,
1305 2274 1365 2348 vel
1381 2293 1515 2348 secun-

341 2391 430 2466 dum
457 2392 567 2465 aliam
600 2391 754 2485 literam,
787 2395 887 2465 oded
916 2393 1076 2483 amebbc,
1102 2391 1194 2466 idest
1225 2399 1464 2487 expectasset,
1491 2397 1516 2467 t·

341 2514 418 2586 suoi
441 2515 518 2604 repr·
542 2533 691 2604 ancora,
717 2513 820 2606 idest,
845 2533 1076 2588 successores
1103 2534 1217 2607 meos,
1234 2518 1311 2587 nuti
1320 2535 1388 2606 per
1407 2535 1463 2586 me
1477 2517 1516 2587 di

346 2636 466 2724 dorio,
492 2633 579 2726 quia
605 2633 924 2728 carolusprimus
950 2633 1018 2706 luit
1042 2654 1136 2707 avus
1162 2654 1279 2726 mens,
1297 2642 1335 2709 et
1360 2633 1513 2709 Carolus

343 2754 525 2829 secundus
550 2762 655 2850 pater
681 2775 799 2848 meus,
825 2759 861 2829 et
886 2774 956 2850 ego
983 2755 1130 2828 inissem
1156 2754 1288 2829 tertius
1312 2754 1513 2830 Carolussi

341 2874 625 2970 supervixissem
653 2874 745 2969 patri
773 2893 869 2968 meo,
887 2895 906 2946 ο
921 2876 959 2947 di
974 2876 1129 2967 Ridotso,
1154 2875 1388 2970 imperatore,
1411 2880 1515 2970 patre

342 2995 552 3070 Clementiae
580 2994 706 3068 uxoris
732 3013 835 3068 meae.
863 2995 907 3068 lit
932 3001 1029 3090 nota,
1055 2995 1153 3087 quod
1185 2996 1340 3070 Carolus
1372 2996 1513 3090 primus

342 3115 463 3188 adbuc
489 3115 658 3210 sperabat
683 3114 753 3188 alia
780 3113 855 3188 duo
882 3135 1007 3212 regna,
1032 3115 1168 3189 scilicet
1193 3116 1514 3210 constantinopoli-

342 3240 471 3310 tanum
498 3240 535 3309 et
560 3256 645 3310 cum
673 3235 733 3310 illo
759 3235 1136 3331 hierosolymitanum,
1161 3236 1208 3311 de
1233 3256 1308 3330 quo
1332 3247 1413 3313 erat
1433 3239 1512 3334 jam

341 3355 519 3450 titulatuS,
532 3356 597 3430 nisi
613 3356 739 3432 luisset
753 3357 848 3430 mala
861 3355 1072 3449 dominatio,
1087 3357 1261 3430 utstatim
1281 3357 1515 3451 sequitur.-

340 3478 385 3548 Se
410 3478 516 3548 niolo.
544 3475 609 3550 llic
626 3475 811 3549 Martellus
836 3474 939 3569 quasi
958 3474 1157 3549 incidenter
1174 3475 1289 3572 tangit
1307 3476 1511 3550 mirabilem

341 3595 470 3670 Siciliae
496 3597 745 3691 rebellionem,
772 3603 847 3671 tam
870 3596 1048 3700 memoria
1068 3618 1179 3690 quam
1199 3597 1441 3672 admiratione
1456 3596 1513 3671 di-

340 3737 467 3812 gnam3
482 3737 565 3810 quae
584 3717 746 3792 breviter
762 3716 1041 3813 substringenda
1056 3724 1111 3791 est
1125 3724 1203 3790 tum
1217 3716 1262 3790 ad
1277 3722 1509 3811 posterorum

340 3839 565 3932 exemplum,
583 3844 664 3910 tum
689 3836 735 3912 ad
762 3837 1117 3912 commendationem
1137 3837 1247 3909 unios
1270 3837 1338 3910 viri
1358 3859 1511 3933 magna·

341 3955 440 4030 nimi.
468 3956 650 4031 lohannes
675 3977 765 4052 ergo
790 3956 836 4030 de
861 3955 1025 4049 Procida,
1052 3975 1136 4049 quae
1165 3962 1222 4029 est
1255 3975 1368 4050 parra
1394 3956 1512 4032 insula

341 4075 378 4150 in
404 4076 498 4150 mari
523 4077 764 4178 neapolitano,
795 4073 881 4151 olim
908 4074 1072 4148 notarius
1105 4075 1291 4169 ldanlredi,
1317 4076 1375 4150 vir
1406 4098 1513 4174 saga-

340 4195 507 4271 cissimus
533 4196 735 4290 bominum,
761 4201 881 4270 tactus
905 4194 1019 4270 atroci
1046 4193 1177 4268 iniuria
1196 4215 1342 4269 resume
1359 4195 1513 4270 libidinis

339 4316 551 4391 francorum
584 4317 620 4390 in
657 4337 775 4390 uxore
804 4337 883 4410 sua,
910 4335 989 4389 rem
1021 4312 1223 4410 prudenter
1253 4314 1512 4411 dissimulavit,

340 4439 509 4513 simulata
541 4437 750 4532 aliquandiu
783 4437 886 4531 prius
912 4435 1054 4532 publice
1084 4433 1268 4510 dementia
1298 4442 1337 4509 et
1366 4445 1511 4510 servata

339 4559 530 4634 occasione
554 4558 740 4654 temporis,
775 4578 861 4632 cum
897 4556 1115 4650 quibusdam
1142 4556 1357 4651 proceribus
1382 4555 1510 4630 Siciliae

338 4678 467 4753 babuit
491 4678 711 4753 clandestina
737 4676 942 4770 colloquia:
969 4677 1006 4750 et
1038 4676 1133 4749 sicut
1162 4683 1243 4751 erat
1267 4676 1324 4751 vir
1351 4676 1511 4770 prudens

338 4801 376 4871 et
392 4802 521 4889 potens
541 4796 577 4869 in
598 4803 764 4891 opereat
784 4816 966 4890 sermone,
985 4801 1083 4871 totos
1100 4795 1268 4870 Mercurii
1287 4796 1394 4889 lilius,
1413 4797 1511 4870 mul—

339 4924 463 4992 torum
490 4916 632 4991 animos
656 4917 703 4991 ad
729 4939 839 4991 suum
860 4915 1085 5012 propositum
1110 4917 1305 4993 inclinarit.
1325 4917 1369 4990 Et
1388 4919 1514 4993 volens

339 5038 499 5134 incipere
524 5057 547 5111 a
572 5037 700 5133 capite,
721 5037 841 5133 primo
857 5037 1008 5112 accessit
1032 5037 1079 5112 ad
1100 5038 1290 5113 Nicolaum
1308 5039 1444 5134 Papam
1463 5038 1510 5111 lll
