4342 6692
688 884 760 953 iit
1048 898 1253 957 commum
1277 900 1496 957 runsnronu

687 1062 893 1137 numquam
913 1044 1025 1139 possit
1043 1044 1227 1120 notitione
1242 1044 1381 1119 aboteri
1401 1050 1470 1119 etc.
1488 1044 1533 1117 Et
1553 1044 1749 1121 introducit
1766 1046 1858 1123 Bor-

686 1164 814 1238 trioem
841 1164 1090 1261 indignantem
1116 1184 1227 1261 super
1244 1164 1390 1259 planctu
1412 1164 1503 1259 eius,
1521 1184 1605 1260 quae
1623 1164 1856 1259 interpellans

686 1302 775 1358 orum
800 1284 950 1360 nomine
979 1285 1139 1381 proprio,
1164 1284 1267 1359 dicit:
1293 1306 1316 1359 o
1345 1290 1473 1375 Danu,
1494 1281 1623 1377 perede*
1653 1288 1796 1376 Virnitio
1819 1306 1858 1361 ιο

685 1425 730 1477 ne
754 1407 863 1497 ouda,
887 1406 1050 1501 loquitur
1076 1406 1182 1499 irata,
1207 1426 1280 1479 troo
1302 1408 1454 1499 pianum
1479 1426 1582 1497 oneo,
1605 1426 1678 1480 oon
1703 1411 1856 1500 manner

686 1543 836 1616 ancora,
861 1525 948 1620 qnia
972 1525 1137 1601 nondum
1164 1526 1277 1601 habes
1301 1545 1451 1601 causam
1479 1526 1599 1621 tioudi,
1623 1523 1685 1601 ote*
1704 1530 1856 1620 morron-

684 1648 711 1717 ti
733 1648 877 1718 monim
898 1665 965 1737 per
988 1649 1084 1719 altro
1108 1646 1244 1739 spodo5
1261 1646 1349 1739 qnia
1368 1666 1531 1743 pungam
1548 1640 1584 1739 ζ’)
1603 1652 1641 1721 to
1658 1648 1802 1723 acutius
1817 1654 1855 1722 at

685 1764 825 1857 fortius,
851 1764 957 1859 quasi
980 1764 1076 1839 dicat
1102 1765 1229 1841 tacite:
1248 1766 1335 1861 quia
1355 1786 1430 1841 non
1456 1768 1576 1841 sotum
1602 1767 1709 1841 nimis
1734 1767 1855 1864 Virgi-

682 1883 775 1957 iium
801 1884 954 1979 noluisti,
970 1884 1035 1959 sed
1059 1886 1169 1959 simul
1196 1905 1257 1961 ma
1281 1885 1484 1981 deseruisti,
1501 1886 1595 1962 sicut
1609 1878 1645 1979 (¹)
1664 1887 1760 1963 dicet
1778 1888 1855 1982 pio-

684 2004 768 2077 nius
792 2004 895 2078 inira.

762 2127 870 2212 Quasi
893 2128 1129 2217 amenaque.
1162 2126 1233 2202 Ista
1264 2132 1320 2201 est
1353 2126 1461 2201 tertia
1493 2146 1577 2221 pars
1605 2126 1787 2222 generalis
1817 2126 1854 2199 in

684 2264 759 2339 ona
783 2252 891 2341 poeta
915 2246 1087 2321 describit
1112 2246 1397 2343 increpationem
1423 2246 1597 2322 Bsatriois
1621 2247 1668 2321 nd
1684 2266 1724 2322 se
1744 2254 1781 2323 et
1798 2248 1855 2321 in-

684 2366 903 2461 crepationis
926 2366 1111 2443 effectum.
1138 2370 1181 2442 Et
1205 2368 1325 2465 primo
1349 2374 1501 2463 apparat
1530 2366 1644 2463 ipson
1677 2375 1852 2461 tanquam
1966 2436 1969 2439 .

683 2485 870 2560 dominnm
895 2508 1040 2585 magnae
1059 2488 1266 2565 autoritatis
1291 2494 1328 2562 et
1353 2487 1539 2582 potestatis
1558 2506 1626 2583 per
1651 2508 1764 2561 unam
1786 2506 1854 2563 uo·

683 2602 793 2679 onom
819 2607 1130 2701 comparationem
1156 2612 1194 2683 et
1217 2609 1405 2703 pulcram3
1431 2614 1468 2683 et
1484 2606 1569 2682 dicit
1585 2607 1684 2703 quod
1703 2608 1780 2683 visa
1797 2615 1854 2683 est

682 2724 750 2799 nui
783 2727 888 2821 quasi
921 2727 1071 2822 quidam
1100 2728 1314 2804 admiralius
1345 2748 1489 2823 magma
1520 2728 1654 2821 classis,
1685 2728 1748 2823 qui
1776 2727 1853 2803 dis·

682 2866 838 2922 correns
862 2868 929 2943 per
954 2848 1098 2945 navigia
1125 2850 1306 2924 confortat
1321 2848 1416 2923 bene
1432 2854 1594 2945 agentes
1612 2850 1734 2945 pigros
1759 2868 1851 2924 vero

680 2974 719 3043 et
743 2968 929 3043 tardantes
953 2970 1047 3045 dure
1060 2962 1098 3063 (³)
1126 2972 1300 3066 increpat.
1326 2970 1460 3045 Ordina
1478 2970 1530 3045 sio
1546 2970 1688 3045 literam
1707 2976 1745 3045 et
1761 2989 1849 3045 om-

680 3094 800 3163 strue:
834 3093 909 3163 tht
932 3094 970 3164 to
993 3092 1127 3182 domn,
1149 3090 1295 3184 soiiioet,
1314 3088 1528 3184 Beatrioem,
1553 3090 1613 3162 cue
1628 3092 1713 3181 prio
1733 3093 1851 3184 ’κ’φ-

676 3212 797 3303 pomo,
823 3209 918 3286 inter
942 3210 1053 3285 dorm
1076 3230 1188 3305 supra
1206 3230 1372 3303 currum,
1391 3210 1519 3300 ortuo,
1542 3208 1850 3303 seutentiam,

681 3334 724 3401 ut
754 3326 894 3403 dietum
924 3336 990 3425 est,
1018 3338 1108 3404 sotto
1137 3332 1333 3421 tonnetioo
1366 3335 1475 3421 neam,
1507 3327 1608 3423 idest,
1638 3330 1722 3403 velo
1754 3330 1849 3423 albo,

679 3448 797 3543 qualis
822 3457 876 3524 est
901 3450 1013 3525 vestis
1035 3452 1267 3547 angelornm,
1288 3454 1327 3524 in
1349 3472 1392 3524 ru
1408 3454 1445 3525 lo
1462 3450 1601 3542 sponda
1624 3453 1770 3524 nudor
1788 3454 1851 3524 det

679 3588 801 3662 norro,
830 3589 876 3643 ex
903 3576 1007 3663 parte
1040 3569 1175 3645 veteris
1205 3570 1424 3665 testamenti,
1455 3570 1520 3644 ubi
1551 3577 1657 3645 erant
1688 3578 1849 3665 quatuor

679 3690 850 3787 virgines,
875 3692 1026 3765 drizzor
1050 3692 1102 3782 nli
1125 3694 1221 3764 ooolti
1244 3688 1305 3765 oo
1330 3710 1395 3785 me,
1425 3691 1620 3787 respiciens
1645 3710 1707 3769 mo
1731 3700 1847 3789 torre,

677 3814 716 3886 di
739 3832 809 3905 quo
833 3814 898 3886 dol
919 3815 990 3902 rio,
1015 3812 1161 3906 scilieet,
1179 3813 1380 3906 Lethaeum,
1405 3813 1467 3886 uhi
1492 3832 1608 3907 eram,
1634 3817 1776 3905 qumodo
1794 3817 1850 3889 na·

677 3935 764 4007 eun
787 3935 828 4005 ol
849 3952 938 4005 raon
962 3934 1020 4005 dal
1041 3952 1144 4005 nome
1168 3934 1251 4025 otio,
1280 3932 1426 4027 scilicet7
1449 3932 1584 4027 Dantis,
1602 3936 1661 4007 ode
1676 3938 1714 4007 di
1732 3952 1848 4007 moro

674 4044 744 4127 art
767 4056 828 4147 qai
850 4055 882 4125 si
904 4055 1071 4144 requiro,
1097 4052 1200 4146 idest,
1227 4052 1445 4127 insoribitur.
1472 4055 1517 4127 Et
1540 4054 1591 4129 sic
1621 4052 1704 4129 vide
1733 4072 1846 4149 quan

675 4174 878 4269 prudenter
901 4178 940 4247 at
964 4178 1073 4247 caute
1098 4178 1205 4267 poeta
1230 4192 1271 4247 se
1295 4181 1459 4268 excusat,
1478 4192 1526 4248 ne
1544 4173 1711 4248 rideatur
1727 4174 1846 4270 jacta·

677 4300 735 4367 tor
761 4300 798 4367 et
824 4312 961 4386 vanos3
988 4310 1074 4366 nam
1101 4312 1173 4367 non
1200 4292 1345 4369 videtur
1361 4292 1408 4368 de
1424 4312 1531 4368 moro
1547 4294 1845 4389 philosophorum

677 4413 840 4488 irrsorera
865 4412 1014 4487 nomina
1040 4414 1187 4507 propria
1220 4413 1393 4508 operibus
1422 4432 1566 4507 eorum,
1593 4414 1659 4489 nisi
1692 4436 1778 4489 raro
1810 4422 1847 4490 et

675 4552 722 4607 ex
748 4552 885 4627 causa3
907 4531 1006 4607 unde
1022 4530 1193 4629 Virgilius
1205 4532 1354 4628 juvenis
1376 4532 1585 4609 verecundo
1604 4554 1645 4609 se
1664 4535 1845 4609 nominat:

675 4654 809 4729 nantes
834 4673 926 4750 ergo
950 4654 1102 4729 dicitas
1126 4674 1199 4729 non
1224 4672 1271 4729 ex
1295 4654 1469 4750 vanitate,
1496 4655 1558 4730 sed
1574 4642 1611 4747 (⁴)
1634 4656 1848 4732 necessitato

675 4773 746 4847 hoo
770 4774 908 4849 iecisse.
935 4776 1137 4851 Necessitas
1162 4780 1287 4849 autem
1319 4774 1377 4849 hio
1406 4774 1551 4851 videtur
1581 4774 1667 4870 quia
1697 4776 1844 4852 Beatrix

736 4962 763 5023 (¹)
779 4961 809 5011 Ε.
825 4964 924 5027 pungit.
1178 4960 1205 5024 (¹)
1222 4962 1252 5013 E.
1269 4969 1298 5015 ut
1313 4963 1414 5013 dicotur
1431 4962 1506 5025 pionis
1522 4962 1597 5013 inira.

736 5035 889 5100 (ilitio.
1178 5040 1203 5102 o)
1221 5040 1532 5091 annexum.
