4342 6692
747 924 885 980 caurus
911 924 1080 979 ocravus.
1429 911 1500 978 489

328 1071 445 1161 sonia,
462 1069 565 1162 idest,
592 1068 651 1144 illa
676 1089 761 1164 pars
777 1069 899 1144 ltallae.
917 1069 1078 1144 Ausonia
1098 1069 1196 1144 enim
1217 1069 1286 1143 luit
1307 1069 1394 1144 olim
1415 1090 1502 1164 pars

331 1189 431 1284 Latii,
459 1188 522 1262 ubi
547 1189 615 1262 luit
639 1188 755 1264 Roma
781 1197 818 1262 et
842 1196 896 1263 tot
921 1189 1044 1285 populi
1069 1189 1169 1263 latini
1186 1189 1307 1283 vicini,
1324 1189 1420 1265 sicut
1436 1210 1502 1284 pa·

331 1315 382 1386 tet
407 1331 474 1407 per
497 1310 639 1384 Livium
666 1302 753 1403 et(⁴)
782 1310 957 1384 Plinium:
984 1311 1047 1384 scd
1072 1311 1232 1385 llusouia
1259 1311 1409 1406 ponitur
1431 1331 1501 1406 pro

330 1430 441 1524 ltalia,
467 1431 561 1505 sicut
586 1437 622 1505 et
647 1431 792 1505 Latium
817 1453 914 1526 saepe
933 1431 1031 1526 apud
1051 1437 1189 1527 poetas,
1205 1434 1267 1504 cte
1289 1434 1500 1524 cimboryn,

330 1552 432 1646 idest,
467 1551 663 1646 habitatur,
697 1555 735 1626 di
768 1555 871 1644 Bari,
897 1571 981 1646 quae
1015 1557 1069 1626 est
1103 1551 1229 1626 civitas
1262 1572 1374 1647 super
1407 1551 1502 1652 mari

330 1671 488 1765 adriaco,
523 1676 609 1746 nota
643 1672 748 1746 tilulo
778 1671 926 1763 Nicolai,
961 1675 998 1746 di
1026 1676 1149 1765 Gaetu,
1177 1693 1263 1766 quae
1292 1677 1347 1746 est
1376 1671 1502 1748 civitas

330 1811 442 1886 super
468 1791 562 1866 mari
587 1798 702 1887 tusco,
720 1792 954 1868 denominata
970 1814 993 1867 a
1011 1793 1156 1868 nutrice
1182 1793 1301 1886 Eneae,
1319 1796 1392 1867 edi
1412 1797 1501 1866 Cro-

329 1917 427 2002 tona,
453 1933 538 2004 quae
563 1918 618 1986 est
642 1913 768 1986 civitas
793 1913 830 1986 in
856 1919 1027 1988 extremo
1045 1912 1168 2006 ltaliae,
1186 1913 1291 2006 quasi
1311 1913 1348 1986 in
1367 1919 1501 2008 puncta

329 2052 467 2125 cornu3
499 2035 548 2105 du
579 2053 655 2124 oue,
680 2032 782 2126 idest,
808 2032 846 2106 iu
871 2053 945 2126 qua
970 2039 1075 2128 parte
1101 2033 1225 2126 ltaliae,
1265 2037 1408 2125 Tronto,
1437 2032 1500 2127 qui

329 2158 384 2226 est
408 2152 542 2345 liugas
567 2153 652 2226 satis
677 2152 840 2227 famosus
863 2152 961 2247 apud
987 2153 1160 2226 Esculum
1190 2153 1374 2227 civitatem
1406 2152 1501 2228 inter

303 2270 457 2373 ‚llpulia
524 2280 560 2347 et
586 2273 795 2367 Marcbiam,
821 2295 840 2346 c
871 2275 993 2363 Verde,
1022 2271 1116 2346 alius
1148 2273 1294 2367 llurius,
1320 2273 1357 2346 in
1387 2294 1499 2367 quem

327 2392 466 2468 deiecta
493 2401 578 2467 sunt
603 2414 684 2468 ossa
711 2393 896 2487 Manlredi,
921 2397 959 2466 in
985 2413 1085 2466 more
1110 2414 1258 2486 syoryo,
1280 2393 1382 2487 idest,
1409 2394 1502 2468 labi·

330 2518 390 2586 tur
416 2512 452 2585 in
481 2533 585 2588 mare
610 2519 767 2586 tuscum.
782 2515 1034 2604 -Futneamt
1060 2512 1125 2588 llic
1151 2513 1304 2587 Carolus
1330 2513 1502 2588 describit
1606 2493 1611 2507 ⁸

328 2634 477 2709 tertium
506 2653 677 2729 regnum,
702 2655 725 2709 a
751 2655 826 2728 quo
851 2634 1109 2709 denominatus
1129 2640 1185 2707 est
1210 2655 1275 2708 rer
1301 2633 1339 2706 in
1364 2633 1437 2707 vita
1464 2640 1503 2707 et

330 2756 494 2851 pervenit
518 2755 565 2829 ad
591 2777 722 2828 manus
748 2755 903 2830 baeredis
928 2754 995 2828 sui.
1024 2754 1075 2828 lld
1107 2753 1205 2848 quod
1231 2761 1286 2828 est
1311 2753 1499 2828 sciendum

329 2874 429 2970 quod
455 2876 606 2951 Carolus
631 2874 816 2949 Martellus
842 2879 1038 2948 coronatus
1056 2879 1111 2948 est
1130 2894 1193 2948 rer
1216 2873 1424 2970 ilungariae,
1445 2872 1501 2946 ri·

329 3001 438 3070 vente
455 3001 571 3089 patre,
588 3015 654 3090 per
672 3016 788 3068 unum
812 2995 1033 3069 cardinalem
1056 2994 1231 3090 legatum,
1250 3000 1400 3068 mortuo
1419 2992 1501 3068 Ste-

329 3117 451 3212 phano
478 3136 567 3212 rege
591 3115 788 3212 Hungarioe
804 3115 882 3190 sine
903 3115 1068 3209 baerede3
1087 3122 1125 3189 et
1142 3114 1296 3190 Carolus
1313 3114 1501 3187 llumber·

328 3235 502 3310 tus'filius
526 3236 606 3311 eius
631 3235 788 3310 obtinuit
807 3257 985 3332 regnum5
1007 3242 1045 3310 et
1061 3235 1111 3310 ita
1128 3235 1284 3310 debebat
1300 3235 1500 3310 succedere

328 3357 366 3431 in
391 3377 507 3454 regno
532 3356 670 3452 Apuliae
696 3356 725 3431 si
751 3356 933 3430 Robertus
951 3375 1024 3429 non
1042 3355 1255 3430 exclusisset
1279 3377 1388 3449 eum,
1419 3355 1501 3430 ideo

329 3497 534 3572 numquam
561 3477 628 3550 luit
653 3482 855 3564 contentus.
877 3475 941 3550 llic
961 3475 1148 3550 Hubertus
1174 3482 1279 3571 pater
1303 3475 1371 3549 luit
1395 3475 1500 3548 istius

329 3596 500 3670 Ludovici
526 3595 764 3691 potentissimi
791 3595 887 3692 regis
912 3595 1122 3692 Hungariae,
1140 3595 1203 3690 qui
1219 3596 1349 3671 diebus
1370 3594 1502 3671 nostris

262 3701 266 3710 ’
328 3715 446 3792 tenuit
472 3717 587 3790 multa
615 3735 739 3810 regna.
766 3715 951 3790 Martellus
982 3721 1109 3790 autem
1140 3716 1311 3790 describit
1342 3736 1498 3811 regnum

328 3836 526 3934 Hungariae
551 3837 672 3910 solum
697 3835 746 3909 ab
772 3855 847 3910 uno
872 3835 1042 3910 llumine:
1060 3857 1129 3911 nec
1147 3837 1297 3930 mirum,
1314 3836 1399 3929 quia
1418 3835 1502 3906 nul·

330 3957 388 4029 lus
421 3954 554 4029 llurius
586 3959 641 4028 est
671 3953 788 4028 maior
817 3954 854 4027 in
888 3961 964 4029 toto
998 3956 1091 4030 orbe
1122 3954 1348 4045 occidentali,
1378 3955 1501 4028 nullus

332 4076 440 4150 babet
465 4075 667 4170 longiorem
694 4094 859 4169 cursum,
877 4076 998 4149 nullus
1023 4075 1152 4150 transit
1172 4096 1238 4170 per
1258 4080 1310 4148 tot
1336 4074 1502 4149 nationes

329 4197 504 4290 diversas,
522 4196 585 4290 qui
611 4195 729 4269 oritur
750 4196 786 4270 in
807 4196 950 4291 alpibus
967 4195 1185 4290 Germaniae,
1211 4202 1250 4270 et
1274 4195 1409 4270 labitur
1434 4215 1501 4289 per

330 4316 515 4392 dustriam
535 4315 571 4389 in
588 4315 814 4410 Alamannia,
836 4315 966 4391 deinde
983 4335 1049 4410 per
1069 4315 1307 4412 Hungariam,
1329 4313 1499 4405 llaesiam,
1573 4307 1578 4318 '

329 4443 367 4512 et
393 4436 677 4511 innumerabiles
701 4442 830 4531 gentes
855 4434 1066 4510 infidelium.
1093 4433 1233 4530 Recipit
1261 4434 1298 4507 in
1328 4454 1368 4508 se
1392 4454 1500 4507 sera·

328 4555 430 4651 ginta
445 4547 482 4648 (¹)
510 4555 661 4630 llumiua
689 4576 833 4650 magna,
860 4561 897 4629 et
922 4535 987 4651 ber
1013 4576 1077 4630 sex
1095 4556 1155 4630 vel
1170 4563 1312 4650 septem
1334 4555 1425 4628 ostia
1443 4552 1500 4626 iu·

269 4662 273 4668 ’
329 4681 402 4748 trat
426 4674 464 4748 in
488 4675 658 4770 Pontum,
685 4674 788 4769 idest,
813 4674 850 4748 in
876 4695 981 4750 mare
999 4675 1315 4770 maius;·qu0rum
1338 4680 1500 4769 quatuor

329 4795 500 4870 dicuntur
526 4795 753 4892 navigabilia,
780 4795 921 4890 reliqua
937 4786 975 4888 (³)
1003 4816 1087 4870 non.
1107 4795 1199 4870 uicit
1214 4815 1306 4892 ergo
1323 4795 1360 4868 in
1377 4795 1498 4870 litera:

392 5049 419 5113 (¹)
436 5049 467 5101 Β·
483 5054 510 5100 ⁰²
526 5063 573 5113 1³⁰¹
587 5049 709 5102 Plinium·
769 5023 783 5078 A*
805 5051 832 5114 t‘l
847 5056 871 5113 ⁸.
887 5052 1065 5118 quadragina.
1161 5046 1343 5120 Oss'reliqua
1359 5067 1423 5106 vero
1438 5069 1499 5107 non.
