4342 6692
677 881 750 950 set
1036 895 1242 950 counuruu
1266 893 1488 949 runorronu

676 1043 771 1118 sicut
795 1043 1075 1139 Hieronymum,
1101 1040 1346 1139 Augustinum
1373 1047 1455 1134 ete,
1480 1041 1540 1111 cde
1565 1056 1678 1130 acqua
1694 1033 1716 1112 e*
1730 1045 1850 1132 questo

675 1163 1089 1258 recommendes,
1115 1161 1281 1256 solvitur,
1313 1162 1371 1236 vel
1402 1159 1605 1235 seeundum
1631 1159 1741 1234 aliam
1768 1159 1849 1234 lite-

676 1305 770 1379 ram,
795 1287 827 1357 st
849 1285 1007 1378 dispiepo
1032 1286 1091 1375 qui
1114 1285 1163 1356 da
1188 1284 1444 1387 estprincipio,
1471 1280 1534 1354 ubi
1568 1287 1624 1354 est
1650 1281 1845 1356 thesaurus

676 1413 715 1482 et
730 1405 833 1500 copia
849 1425 1035 1500 aquarum
1051 1401 1348 1497 indeficientium,
1366 1423 1384 1474 e
1400 1397 1440 1477 se*
1450 1405 1499 1475 do
1514 1394 1555 1474 se*
1567 1403 1741 1475 lontano?
1758 1400 1845 1495 quia

678 1545 815 1621 magno
834 1523 949 1620 spatio
967 1525 1188 1619 elongantur
1213 1521 1260 1596 ab
1286 1522 1442 1596 invicem
1461 1521 1529 1596 ista
1555 1519 1718 1615 flumina,
1740 1527 1777 1596 et
1792 1522 1850 1596 al-

678 1649 803 1718 terum
827 1643 975 1738 quidem
1007 1642 1120 1718 tendit
1153 1662 1284 1718 versus
1309 1641 1502 1736 orientem,
1528 1641 1687 1716 alterum
1720 1661 1849 1716 versus

677 1762 927 1838 occidentem?
952 1763 995 1836 Et
1011 1762 1134 1837 subdit
1153 1763 1428 1858 responsionem
1446 1762 1621 1837 Beatriois
1639 1783 1723 1856 quae
1744 1782 1848 1837 oom-

678 1884 788 1957 mittit
813 1883 930 1959 vicem
956 1905 1064 1958 suam
1081 1883 1187 1958 alteri
1203 1883 1361 1959 dominae
1378 1904 1462 1978 quae
1479 1883 1642 1958 declarat
1662 1883 1782 1979 ipsum
1804 1883 1850 1958 de

677 2027 720 2080 re
744 2004 874 2100 petita;
899 2004 985 2079 dicit
1009 2025 1121 2102 ergo:
1139 2008 1229 2079 detto
1250 2007 1299 2078 mi
1314 2007 1369 2099 su,
1386 2003 1533 2098 seilicet,
1550 2025 1573 2078 a
1589 2003 1769 2098 Bennios,
1783 2025 1850 2097 per

677 2128 770 2200 rotat
789 2146 916 2218 propo,
941 2123 1044 2219 idest,
1062 2123 1148 2219 quia
1171 2130 1246 2199 tam
1264 2123 1464 2199 affectuose
1482 2143 1702 2220 rogaveram
1721 2125 1849 2220 ipsam,

674 2266 789 2340 propo
810 2247 978 2336 Matetdo,
995 2243 1182 2319 dominam
1200 2263 1284 2339 quae
1308 2243 1476 2338 sequitur
1492 2263 1566 2338 me,
1584 2247 1644 2318 cde
1660 2248 1687 2319 't
1710 2247 1735 2318 t·
1758 2247 1847 2319 dieu

677 2366 722 2440 Et
745 2366 804 2440 hie
828 2371 927 2460 nota,
948 2366 1076 2457 lector,
1095 2365 1193 2458 quod
1219 2365 1353 2440 merito
1373 2364 1520 2438 Beatrir
1543 2364 1736 2438 committit
1757 2364 1850 2440 istud

678 2486 867 2582 negotium
902 2485 1058 2560 Mathildi
1084 2492 1276 2578 tamquam
1314 2503 1392 2558 suae
1428 2483 1660 2580 negotiorum
1692 2485 1849 2581 gesturi,

681 2606 866 2702 quaejam
893 2611 1075 2679 merserat
1101 2609 1246 2700 poetam
1273 2603 1310 2677 in
1335 2604 1495 2698 Lethaeo,
1521 2609 1558 2678 et
1583 2624 1682 2678 nunc
1708 2611 1851 2702 merget

681 2727 800 2821 ipsum
826 2725 864 2799 in
888 2725 1035 2800 Eunoe:
1054 2724 1121 2799 tuit
1138 2724 1236 2800 enim
1254 2724 1390 2798 mulier
1401 2724 1524 2800 activa
1542 2724 1701 2802 multum
1723 2732 1760 2800 et
1777 2727 1852 2802 rir-

679 2854 802 2922 tutum
826 2847 997 2941 amatrix,
1019 2847 1066 2922 de
1092 2868 1164 2941 qua
1185 2847 1264 2942 jam
1292 2845 1423 2922 totiens
1448 2845 1544 2920 iacta
1569 2851 1624 2922 est
1650 2848 1789 2921 mentio
1814 2853 1852 2922 et

679 2966 948 3042 commendatio
973 2987 1120 3063 magna.
1148 2965 1219 3040 Sed
1244 2985 1343 3040 nunc
1364 2965 1423 3038 hie
1444 2964 1574 3039 ultimo
1594 2986 1767 3061 expresse
1785 2987 1852 3042 no-

680 3087 795 3162 minat
819 3107 900 3162 eam
928 3086 975 3162 de
1000 3107 1075 3180 qua
1101 3085 1319 3160 novissimus
1344 3091 1451 3182 poeta
1473 3087 1669 3162 Petraroha
1695 3089 1732 3162 in
1758 3110 1852 3184 qua·

679 3206 764 3282 dam
790 3206 942 3302 epistola
964 3205 1120 3301 loquens
1153 3207 1199 3281 de
1233 3206 1448 3280 mulieribus
1479 3205 1587 3280 claris
1620 3206 1728 3283 dicit:
1755 3209 1853 3305 apud

679 3347 746 3402 nos
765 3348 886 3423 nuper
901 3347 977 3401 nou
994 3325 1167 3424 exiguam
1182 3326 1359 3401 Mathildis
1378 3325 1562 3402 comitissa
1579 3334 1722 3422 partem
1739 3329 1851 3404 ltattae

679 3448 855 3542 possedit:
874 3453 911 3522 et
927 3447 1004 3544 ipsa
1030 3447 1173 3521 romani
1194 3446 1338 3542 imperii
1356 3466 1429 3521 nou
1449 3445 1539 3521 levis
1560 3449 1694 3523 aemula
1713 3455 1750 3524 et
1767 3469 1849 3543 quoe

679 3566 774 3642 virili
799 3565 923 3641 animo
948 3567 1042 3642 betia
1067 3572 1255 3661 tractaret,
1281 3565 1474 3661 imperiosa
1497 3567 1533 3640 in
1556 3587 1653 3661 suos,
1672 3567 1710 3642 in
1730 3569 1850 3643 hostes

679 3686 872 3782 ueterrima,
899 3685 1150 3761 liberalissima
1167 3685 1205 3759 iu
1226 3685 1376 3781 amicos,
1394 3685 1500 3760 cuius
1517 3688 1705 3782 profusam
1720 3680 1757 3780 (⁴)
1783 3688 1852 3762 foe-

680 3807 843 3882 mirream
868 3805 1076 3903 largitatem
1103 3826 1257 3881 romana
1282 3805 1319 3880 in
1345 3806 1472 3901 primis
1505 3813 1659 3882 testatur
1686 3808 1848 3884 eeclesia.

681 3929 780 4026 Ergo
804 3929 899 4003 hene
924 3927 991 4001 ista
1017 3927 1208 4023 reponitur
1235 3926 1400 4002 ministra
1426 3949 1617 4004 sacrarum
1637 3949 1764 4004 rerum
1791 3949 1851 4004 ee-

680 4050 810 4126 clesiae.
836 4049 882 4122 Et
909 4048 1031 4122 subdit
1055 4047 1330 4144 responsionem
1355 4049 1532 4124 diethildis
1562 4049 1609 4125 ad
1634 4049 1850 4145 Beatricem‚

680 4171 824 4246 dicens:
850 4191 870 4243 e
894 4172 931 4243 Io
954 4169 1045 4243 dello
1068 4169 1204 4260 donna,
1229 4169 1375 4264 scilicet,
1401 4169 1590 4264 Mathildis‚
1619 4173 1755 4262 mspose
1780 4173 1851 4262 poi,

680 4289 785 4386 idest,
802 4288 848 4364 ad
874 4287 1012 4363 dietum
1038 4288 1223 4383 Beatriois,
1241 4309 1337 4362 come
1350 4293 1392 4385 [α
1408 4292 1464 4363 ott
1478 4293 1510 4364 si
1525 4292 1659 4381 dialogo
1681 4293 1719 4365 di
1733 4293 1852 4384 copo.-

681 4409 762 4484 vutt
791 4408 914 4483 dicere
946 4408 1046 4502 quod
1078 4406 1254 4482 Mathildis
1281 4409 1465 4505 respondit
1496 4407 1543 4484 ad
1577 4410 1851 4486 exeusationem

681 4529 750 4624 sui,
775 4549 824 4604 ne
847 4527 1036 4625 negligens
1060 4528 1260 4623 videretur,
1287 4529 1385 4623 quod
1412 4529 1664 4624 turpissimum
1695 4538 1792 4606 esset
1815 4530 1853 4606 in

681 4649 829 4724 domina
853 4649 990 4743 activa3
1015 4656 1054 4724 et
1078 4649 1187 4723 dixit:
1214 4655 1343 4742 questo,
1373 4649 1472 4744 quod
1497 4649 1586 4745 petit
1610 4650 1657 4725 de
1682 4672 1792 4746 aqua,
1822 4659 1856 4726 et

682 4773 771 4844 altre
795 4790 886 4863 rose,
909 4769 1004 4845 sicut
1029 4769 1075 4844 de
1101 4774 1222 4863 vento,
1244 4772 1332 4843 dede
1357 4773 1383 4844 It
1406 4791 1472 4844 son
1490 4792 1560 4864 per
1585 4791 1652 4863 me,
1679 4771 1772 4847 siout
1789 4794 1854 4869 pa-

746 5027 774 5090 (¹)
789 5028 821 5079 E.
837 5041 852 5078 e
869 5033 924 5088 itt,
940 5034 967 5081 et
982 5029 1120 5096 piusquam
1136 5029 1294 5082 immineam.
