4342 6692
703 876 774 947 bol
1074 888 1300 977 ‘conmitti
1325 888 1492 945 annom

701 1037 790 1113 bont
812 1036 976 1110 colorem
1001 1034 1104 1109 velut
1127 1034 1158 1109 si
1184 1054 1296 1129 parva
1322 1034 1386 1109 lux
1411 1041 1622 1129 penetraret
1650 1034 1688 1109 in
1714 1034 1875 1111 multum

700 1157 840 1249 album
864 1156 947 1232 ideo
971 1155 1089 1231 nitent
1113 1176 1200 1233 com
1226 1161 1351 1231 tamen
1376 1154 1447 1229 sint
1462 1155 1574 1249 albae3
1592 1154 1674 1231 ideo
1692 1156 1786 1233 bene
1802 1178 1873 1233 au·

701 1283 760 1352 tor
784 1276 994 1351 assimilavit
1019 1278 1145 1351 lunam
1171 1276 1382 1372 margarita
1398 1274 1437 1351 io
1457 1275 1677 1370 praecedenti
1702 1277 1872 1373 capitulo.

701 1399 941 1471 -Pcrct’m
967 1396 1034 1472 llic
1057 1397 1191 1473 bantus
1215 1395 1372 1471 ostendit
1404 1395 1492 1489 quid
1525 1402 1695 1471 secutum
1726 1404 1782 1473 est
1806 1398 1872 1473 sibi

701 1536 748 1596 ox
777 1516 988 1591 huiusmodi
1017 1516 1165 1592 visione.
1196 1516 1241 1591 lit
1269 1515 1355 1593 dicit
1385 1514 1558 1609 breviter,
1594 1515 1693 1611 quod
1726 1536 1774 1595 ex
1803 1518 1874 1595 boc

701 1640 778 1735 ipse
802 1638 957 1713 incurrit
979 1658 1149 1714 errorem
1174 1636 1402 1713 contrarium
1432 1636 1552 1713 errori
1576 1637 1752 1713 Narcissi:
1778 1639 1872 1717 Nar-

701 1760 817 1835 cissos
836 1758 935 1833 enim
951 1757 1104 1833 credidit
1119 1778 1224 1833 suam
1244 1756 1441 1853 imaginem
1461 1763 1701 1852 apparentem
1718 1757 1755 1831 in
1770 1758 1872 1836 loule

702 1898 783 1953 esse
808 1898 935 1953 veram
962 1877 1224 1971 substautiam3
1250 1883 1287 1953 et
1311 1878 1446 1951 [lantes
1463 1898 1562 1952 nunc
1587 1898 1610 1953 e
1635 1883 1763 1955 contra
1786 1900 1871 1955 cre-

700 2000 810 2077 debat
842 1998 1063 2073 substantias
1094 2018 1213 2092 veras,
1244 2018 1328 2091 quae
1353 1996 1579 2093 apparebant
1604 1996 1642 2072 iu
1667 1998 1766 2093 luna,
1792 2018 1873 2079 esse

613 2175 616 2179 Α
701 2118 878 2217 imagines
904 2139 1031 2193 rerum
1058 2124 1405 2214 repraeseotatarum
1437 2118 1475 2193 in
1503 2138 1558 2193 ea.
1585 2119 1630 2193 Et
1654 2119 1701 2195 ad
1726 2120 1872 2215 plenam

701 2239 974 2335 intelligentiam
1001 2238 1104 2312 istius
1125 2238 1240 2313 literae
1257 2244 1313 2313 est
1330 2237 1449 2333 primo
1466 2238 1655 2315 sciendum
1673 2238 1772 2333 quod
1788 2240 1873 2317 'lbi-

700 2358 813 2434 resias
838 2358 926 2433 olim
951 2357 1214 2433 famosissimus
1237 2378 1361 2454 augur
1385 2357 1422 2432 in
1440 2356 1587 2433 civitate
1606 2358 1816 2435 Thebarum
1834 2360 1872 2437 in

545 2571 549 2577 .
701 2479 775 2553 rita
801 2478 900 2552 visus
924 2477 1094 2553 estuare
1125 2498 1214 2553 vera
1245 2456 1417 2573 responsa
1452 2479 1658 2573 petentibus
1688 2480 1786 2557 circa
1811 2480 1873 2557 iu-

701 2605 799 2691 tura,
824 2604 867 2671 ut
890 2603 989 2693 patet
1014 2618 1080 2693 per
1105 2596 1261 2675 Statium
1288 2598 1326 2671 in
1349 2598 1395 2673 lV
1421 2604 1458 2673 et
1482 2598 1570 2673 inll
1594 2600 1808 2695 Thebaidos,
1833 2608 1871 2679 et

701 2723 781 2815 post
806 2723 966 2793 mortem
990 2716 1176 2811 similitcr3
1203 2717 1300 2793 unde
1331 2718 1513 2795 Homerus
1538 2720 1587 2795 Xl
1616 2720 1786 2817 Odysseae
1816 2721 1872 2797 iu-

700 2838 800 2915 ducit
824 2837 1024 2913 Tbiresiam
1050 2837 1088 2911 in
1113 2838 1255 2915 interno
1279 2859 1368 2916 oum
1389 2860 1505 2917 aureo
1523 2847 1667 2937 sceptro
1691 2841 1728 2916 iu
1755 2863 1870 2919 rnanu

700 2965 939 3056 apparentem
963 2958 1071 3053 Ulyni
1095 2958 1296 3053 praedicere
1312 2951 1348 3052 (¹)
1376 2959 1442 3034 sibi
1474 2962 1590 3037 multa
1617 2960 1663 3037 de
1687 2962 1870 3057 periculis,

700 3079 886 3155 laboribus
910 3082 947 3153 et
972 3085 1095 3152 morte
1119 3078 1209 3152 eius,
1237 3068 1534 3181 lgitur'primum
1555 3081 1767 3157 vaticinium
1785 3082 1871 3159 Thi·

700 3198 805 3275 rosiae
830 3198 897 3272 luit
921 3198 968 3272 de
983 3197 1163 3293 Narcisso,
1182 3198 1246 3293 qui
1263 3190 1419 3292 natusl²i
1438 3199 1475 3273 in
1494 3199 1645 3294 Graecia,
1664 3222 1758 3296 puer
1777 3202 1870 3277 mire

699 3320 893 3413 formosus,
910 3318 957 3393 de
976 3338 1052 3413 quo
1073 3325 1192 3394 mater
1209 3318 1358 3395 nomine
1377 3318 1520 3416 Liriope
1546 3321 1728 3397 consuluit
1752 3323 1872 3419 illum,

700 3446 828 3513 utrum
843 3438 950 3511 ¹lilius
973 3445 1071 3513 esset
1085 3438 1251 3513 victurus
1270 3460 1388 3533 usque
1404 3439 1451 3515 ad
1468 3447 1636 3535 tempora
1651 3442 1865 3517 senectutis:

566 3550 568 3553 ⁴
700 3558 762 3653 qui
790 3556 974 3652 respoudit
998 3556 1097 3652 quod
1122 3557 1173 3633 sic
1194 3556 1224 3632 si
1242 3578 1316 3632 nou
1333 3567 1572 3657 cognosceret
1590 3582 1631 3639 se
1648 3562 1778 3656 ipsum.
1794 3563 1870 3639 Re-

700 3678 845 3776 spomio
871 3679 948 3753 visa
972 3685 1029 3753 est
1053 3698 1148 3753 vana
1174 3684 1211 3753 et
1232 3677 1307 3753 risu
1325 3679 1453 3777 digna3
1472 3688 1595 3757 tamen
1611 3689 1768 3759 eventus
1784 3703 1871 3778 pro-

697 3801 799 3876 bavit
822 3799 1016 3875 veritatem
1034 3798 1099 3875 roi.
1118 3800 1209 3873 Nam
1227 3798 1416 3876 Narcissus
1432 3800 1549 3877 lactus
1564 3802 1712 3897 juvenis
1737 3802 1871 3879 sorde

698 3920 771 3997 cim
796 3940 981 3995 annorum
1006 3939 1142 4016 magno
1167 3919 1287 3995 studio
1311 3918 1422 3995 dabat
1442 3940 1594 4015 operam
1613 3922 1797 3998 venationi
1809 3912 1869 4015 (ἢκ

698 4040 828 4117 accidit
861 4061 952 4137 ergo
985 4039 1101 4115 semel
1127 4038 1225 4135 quod
1241 4026 1277 4131 (⁸)
1311 4038 1502 4115 Narcissus
1534 4040 1650 4117 lessus
1677 4040 1802 4117 calore
1831 4049 1872 4121 ot

698 4162 825 4238 labore
849 4161 1016 4257 pervenit
1040 4160 1087 4235 ad
1113 4159 1250 4235 iontem
1268 4158 1529 4235 lucidissimum
1543 4152 1579 4255 (Β)
1598 4160 1636 4235 iu
1653 4161 1733 4238 loco
1750 4184 1871 4239 amoe·

698 4281 858 4375 pissimo,
883 4288 922 4356 et
946 4279 1123 4355 inclinans
1147 4300 1188 4355 se
1211 4278 1259 4355 ad
1284 4279 1422 4355 undam
1455 4280 1562 4357 tontis
1595 4281 1641 4357 ad
1670 4280 1870 4359 sedandam

697 4404 793 4478 sitim
820 4402 969 4477 invasus
993 4407 1049 4476 est
1072 4399 1121 4475 ab
1137 4399 1209 4475 alia
1232 4400 1289 4475 siti
1312 4400 1456 4496 peiore3
1476 4401 1663 4497 quonum,
1682 4402 1760 4479 visa
1776 4401 1871 4481 ima·

695 4524 781 4621 gine
805 4544 873 4597 sua
904 4520 1126 4618 pulcerrima
1151 4520 1189 4595 in
1222 4540 1332 4616 aqua,
1362 4528 1496 4616 putans
1528 4542 1715 4600 asserem
1741 4542 1871 4601 veram

696 4664 770 4719 non
795 4643 982 4737 umbram,
998 4647 1127 4736 captus
1145 4646 1200 4715 eet
1218 4661 1349 4717 amore
1366 4640 1435 4736 sui,
1452 4650 1491 4717 et
1506 4642 1619 4739 coepit
1634 4643 1761 4721 mirari
1778 4664 1871 4721 ocu·

696 4764 750 4838 los
775 4783 863 4837 suos
887 4760 1189 4858 quividebantur
1209 4759 1284 4835 duo
1309 4760 1441 4855 sidera,
1462 4761 1610 4857 capillos
1636 4782 1783 4857 aureos,
1805 4765 1868 4860 qui

758 4948 787 5012 (l)
802 4949 834 5000 E.
849 4954 877 5000 ot
892 4950 1043 5012 maulam.
1198 4944 1226 5010 (¹)
1243 4947 1274 5001 lt.
1290 4952 1421 5001 natusest
1436 4948 1471 5001 in.
1591 4946 1619 5012 (⁸)
1634 4948 1666 5003 tt
1682 4949 1866 5003 renalloulbm.

759 5025 787 5089 (⁸)
802 5026 833 5076 B.
849 5027 920 5090 quod
933 5029 988 5089 lpse
1004 5026 1146 5079 runcinus
1197 5026 1225 5089 (⁸)
1241 5024 1273 5075 ll.
1289 5024 1414 5079 luctuum.
