4342 6692
679 877 749 944 116
1035 888 1241 947 conensem
1263 889 1483 947 nunerronu

676 1034 909 1110 venationem
936 1034 983 1110 ad
1007 1035 1304 1130 persecutionem
1334 1036 1512 1129 terarum,
1538 1034 1641 1129 idest,
1671 1035 1719 1110 ad
1748 1055 1851 1110 mor·

677 1154 910 1230 tiricetionem
929 1156 1321 1252 concupiscentiarum,
1343 1174 1428 1250 quae
1444 1155 1608 1230 lacerant
1628 1154 1791 1229 animam
1812 1162 1850 1229 et

676 1293 828 1349 carnem
860 1274 1043 1349 crudelius
1076 1275 1176 1351 omni
1209 1276 1298 1352 iera.
1334 1274 1406 1351 Sed
1436 1274 1559 1350 inlelix
1592 1274 1742 1349 immina
1774 1294 1847 1350 non

676 1399 795 1489 potest
819 1400 946 1493 tegere
971 1395 1097 1499 lullum
1124 1415 1256 1490 snum,
1275 1394 1357 1471 ideo
1377 1396 1473 1469 bene
1492 1394 1675 1469 exclamat
1698 1394 1847 1487 Ouidius

675 1514 748 1589 ibi:
781 1520 857 1589 Heu
882 1536 989 1608 quum
1019 1519 1153 1608 difficile
1183 1524 1235 1590 eet
1266 1518 1398 1589 odmen
1431 1536 1504 1589 nou
1530 1517 1689 1609 prodere
1726 1518 1848 1589 culte!

675 1636 789 1712 Diana
816 1656 917 1730 vero,
945 1636 1045 1731 idest,
1070 1636 1218 1712 domina
1244 1641 1355 1731 cesta,
1374 1636 1517 1732 repellit
1540 1655 1625 1711 eam
1649 1656 1674 1710 a
1698 1655 1739 1710 se
1764 1642 1801 1710 et
1824 1656 1848 1710 a

675 1757 848 1832 societate
874 1758 1112 1831 honestarum
1139 1756 1352 1851 mulierum,
1370 1763 1409 1833 et
1427 1756 1487 1832 illa
1507 1776 1582 1831 non
1598 1755 1711 1831 audet
1734 1776 1848 1851 appa·

675 1900 761 1955 rere
786 1878 822 1953 in
848 1883 1043 1973 conspectu
1071 1898 1224 1973 earum,
1250 1886 1289 1953 et
1314 1878 1477 1954 maxime
1497 1878 1593 1952 luno
1619 1897 1716 1951 uxor
1739 1876 1848 1951 adul·

675 1998 745 2073 teri
769 1997 1003 2093 persequitur
1029 2018 1133 2093 eam,
1159 2004 1197 2073 et
1222 1998 1282 2073 illa
1306 2016 1404 2094 saepe
1420 1996 1579 2073 eflicitur
1598 2016 1698 2089 ursa,
1715 2014 1801 2090 que
1817 1994 1848 2068 si

675 2117 936 2193 domesticatus
949 2110 986 2210 (⁴)
1014 2118 1190 2212 permittit
1215 2138 1256 2193 se
1281 2118 1394 2213 tangi,
1411 2116 1549 2213 palpari
1567 2123 1605 2193 et
1621 2116 1777 2211 equitari
1800 2115 1848 2190 ab

674 2236 884 2312 hominibus
909 2235 1030 2331 parvis
1056 2243 1095 2311 et
1118 2236 1274 2334 magnis,
1295 2244 1333 2313 et
1349 2236 1602 2332 impinguatur
1619 2235 1848 2329 verberibus,

675 2357 770 2433 sieut
795 2356 927 2431 dicitnr
947 2356 994 2431 de
1012 2377 1109 2431 ursa.
1136 2357 1190 2431 dd
1215 2358 1359 2433 literam
1382 2357 1589 2454 ergo,‘dicit
1605 2363 1730 2452 poeta:
1751 2358 1849 2429 miri-

676 2482 759 2571 tolu,
777 2478 879 2571 idest,
897 2475 998 2550 linito
1016 2476 1076 2550 illo
1102 2479 1241 2574 hymno
1265 2478 1385 2572 basse,
1400 2480 1604 2570 priduvauo
1625 2498 1728 2569 mmo,
1744 2474 1847 2570 idest,

676 2598 812 2674 iterum
839 2597 1045 2672 clamabant
1071 2596 1120 2671 illi
1145 2598 1293 2693 spiritus
1318 2599 1409 2673 alte:
1430 2601 1553 2672 Druna
1568 2600 1601 2671 si
1616 2605 1716 2672 teum
1731 2601 1771 2671 al
1784 2599 1848 2671 to-

675 2741 749 2811 cco,
769 2718 856 2813 quia
882 2717 1038 2792 solitudo
1055 2723 1111 2793 cst
1128 2718 1290 2795 maxime
1312 2719 1431 2794 amica
1449 2718 1641 2814 pudicitiae,
1661 2724 1702 2792 ut
1718 2719 1848 2813 pulcre

675 2838 831 2913 ostendit
857 2838 995 2913 Seneca
1013 2838 1049 2911 in
1067 2858 1223 2934 persona
1241 2838 1421 2936 Hippolyti
1441 2838 1662 2935 pudicissimi
1683 2838 1844 2935 juvenis,

674 2980 693 3032 e
717 2962 902 3032 caecinnae
926 2960 1032 3050 Eitea,
1050 2978 1134 3052 quae
1158 2958 1231 3034 alio
1256 2958 1406 3033 numine
1429 2958 1524 3035 dicta
1550 2966 1606 3035 est
1630 2959 1781 3052 Calist03
1807 2965 1845 3033 et

673 3079 835 3176 assignat
860 3100 1009 3154 causam
1036 3079 1242 3174 honestam,
1267 3078 1408 3155 dicens:
1435 3082 1508 3171 oie,
1533 3080 1636 3176 idest,
1663 3102 1747 3176 quae
1772 3082 1846 3156 lle·

674 3200 766 3297 lyce,
798 3219 887 3273 uvea
916 3202 1037 3275 secuto
1065 3201 1094 3271 it
1122 3206 1216 3273 tocco
1233 3217 1236 3221 ⁴
1251 3202 1290 3272 di
1329 3205 1470 3290 Venere,
1500 3200 1603 3294 idest,
1632 3206 1848 3297 gustaverat

674 3338 861 3395 venenum
894 3317 1059 3412 libidinis,
1094 3318 1194 3413 quod
1229 3324 1283 3394 est
1315 3320 1423 3395 dulce
1453 3340 1639 3396 venenum
1665 3320 1848 3395 inebrians

673 3460 739 3515 cor
764 3438 1097 3513 hominis-Iudi.
1124 3440 1189 3514 llic
1216 3440 1346 3514 ultimo
1371 3447 1478 3537 poeta
1503 3441 1604 3536 ponit
1627 3441 1736 3518 aliam
1753 3462 1843 3516 can-

675 3560 821 3635 tilenam
848 3560 885 3633 in
910 3560 1266 3636 commendationem
1293 3562 1459 3636 virorum
1477 3569 1677 3637 castorum.
1695 3563 1738 3636 Et
1754 3582 1845 3635 con·

674 3680 819 3755 tinuans
845 3682 938 3754 hanc
963 3685 1105 3775 partem
1135 3681 1367 3777 praecedenti,
1397 3682 1501 3758 dicit:
1532 3684 1613 3757 Indi
1642 3690 1844 3756 ulmeam

673 3806 713 3876 ul
735 3808 875 3893 cuntur,
900 3799 1002 3894 idest,
1027 3799 1159 3875 deinde
1183 3800 1232 3875 illi
1252 3802 1400 3897 spiritus
1416 3802 1512 3877 lacto
1531 3804 1695 3879 elamore
1715 3822 1843 3877 rever-

673 3923 845 3997 tebantur
870 3921 916 3995 ad
941 3929 1104 4016 cautum,
1129 3920 1224 3995 sicut
1247 3922 1471 3998 alternantes
1491 3944 1611 4018 voces,
1630 3943 1730 3998 nunc
1753 3943 1845 3997 can-

673 4043 782 4119 tando
807 4041 922 4135 basse,
948 4062 1047 4115 nunc
1071 4039 1266 4116 clamando
1288 4041 1372 4116 alte.
1398 4044 1444 4117 Et
1473 4042 1619 4118 videtur
1643 4042 1743 4137 quod
1768 4043 1841 4117 hu-

672 4182 814 4257 cusque
839 4161 908 4237 viri
933 4162 1102 4236 lecerunt
1114 4152 1151 4253 (²)
1164 4160 1390 4235 mentionem
1406 4163 1467 4237 vel
1483 4161 1839 4238 commendationem

672 4284 872 4361 mulierum
897 4289 1102 4376 castarum3
1128 4282 1211 4357 ideo
1235 4302 1335 4357 nunc
1364 4282 1562 4358 introducit
1586 4282 1762 4359 mulieres
1786 4283 1842 4357 ia-'

671 4406 808 4481 cientes
833 4402 1188 4479 commendationem
1214 4402 1382 4476 virorum
1399 4400 1607 4497 castorum,
1625 4403 1723 4477 unde
1738 4402 1842 4477 dicit:

670 4528 757 4617 indi,
788 4523 890 4619 idest,
925 4523 1070 4617 deinde,
1102 4524 1231 4612 donoc,
1263 4521 1366 4616 idest,
1398 4542 1545 4617 uxores,
1580 4542 1665 4617 que
1695 4522 1844 4597 inerant

670 4647 859 4739 adulterae,
870 4646 1073 4736 pndaouuu
1088 4646 1103 4716 i
1121 4644 1242 4716 martti
1256 4645 1316 4716 elle
1329 4646 1392 4736 sur
1410 4646 1510 4734 costi,
1523 4646 1712 4717 servantes
1732 4641 1841 4715 tidem

552 4850 558 4859 ,
672 4766 868 4859 uxoribus3
886 4763 967 4838 ideo
984 4761 1087 4838 dicit:
1105 4782 1202 4837 conec
1227 4768 1356 4835 ceute
1380 4784 1400 4835 c
1423 4764 1647 4836 matimonio
1663 4763 1839 4853 impoune.

701 5078 708 5091 ,
734 5026 761 5089 ι’)
777 5024 808 5076 Ε.
824 5038 893 5086 ursa,
910 5024 983 5089 quasi
999 5024 1138 5076 domestica
1154 5024 1264 5084 videtur,
1281 5023 1413 5087 permittit.
1568 5022 1596 5084 (¹)
1611 5023 1638 5074 S.
1653 5022 1776 5074 lecerunt.
