4342 6692
637 961 641 969 .
761 916 899 971 caurus
923 917 1066 971 rnruus.
1425 907 1496 974 ³29

328 1067 401 1136 tem
429 1082 504 1135 non
528 1060 619 1135 laesit
646 1059 898 1155 manducatus,
926 1068 1017 1137 teste
1048 1061 1218 1156 Galien03
1251 1069 1287 1136 et
1318 1084 1401 1136 mus
1435 1064 1499 1158 qui

328 1182 488 1278 pascitur
514 1183 656 1278 napello
687 1188 743 1257 est
774 1181 900 1256 tiriaca
931 1189 1058 1258 contra
1093 1184 1289 1276 napellum.
1325 1183 1496 1257 Similiter

327 1310 449 1378 tantus
474 1309 529 1392 est
553 1303 647 1395 ordo
664 1301 900 1396 providentie
916 1302 1047 1377 divine
1064 1304 1162 1397 quod
1184 1304 1325 1378 nullum
1344 1311 1399 1378 est
1420 1311 1495 1378 tam

330 1445 505 1520 magnum
534 1423 687 1516 malum,
713 1421 811 1516 quod
837 1421 921 1497 inde
946 1443 1019 1496 non
1035 1423 1154 1498 eliciat
1174 1425 1321 1519 aliquod
1341 1425 1492 1499 bonum.

329 1544 431 1618 Unde
455 1542 681 1640 Augustinus
706 1541 742 1615 in
757 1534 793 1634 (⁴)
821 1541 1050 1618 Enclriridion
1074 1542 1183 1618 dicit:
1211 1544 1310 1618 Dens
1326 1543 1495 1638 omnipo-

329 1670 409 1738 tens
434 1683 508 1738 non
533 1662 670 1738 sineret
694 1661 774 1736 fieri
799 1663 896 1737 mala
922 1662 1000 1737 sive
1017 1669 1160 1738 nature
1177 1663 1253 1740 sive
1274 1665 1403 1760 culpae,
1420 1665 1497 1738 sive

329 1803 458 1878 poenae,
485 1783 552 1858 nisi
578 1788 674 1858 esset
698 1782 747 1857 ita
774 1789 912 1878 potens,
943 1783 1041 1878 quod
1066 1804 1114 1859 ex
1136 1805 1373 1880 quocumque
1399 1786 1496 1860 malo

328 1908 449 1999 posset
482 1903 615 1978 elicere
647 1902 826 1996 optimum
861 1903 1011 1977 honum.
1047 1905 1090 1977 lit
1124 1904 1231 1978 dicit:
1261 1927 1330 1998 per
1363 1907 1499 1980 diverse

284 2074 292 2080 -
325 2027 428 2116 sorti,
453 2024 557 2118 quasi
582 2022 688 2117 dicat,
713 2022 819 2097 aliter
844 2031 882 2098 et
906 2023 1023 2117 aliter,
1051 2023 1121 2097 illae
1147 2031 1301 2117 nalurae,
1317 2023 1411 2118 dico,
1434 2017 1496 2117 piri

248 2235 252 2242 ¹
327 2163 441 2216 emen
459 2145 567 2216 vicine
582 2145 621 2216 ut
630 2144 806 2235 principio
819 2145 910 2236 loro,
928 2142 1073 2236 scilicet,
1086 2139 1175 2236 Deo,
1190 2142 1253 2236 qui
1267 2149 1322 2216 est
1334 2143 1495 2238 primum

327 2262 543 2357 principium
568 2282 731 2356 movens,
756 2261 850 2336 sicut
870 2263 948 2358 J'am
983 2263 1078 2336 bene
1109 2262 1335 2337 declaratum
1370 2269 1425 2338 est
1459 2262 1495 2336 iu

327 2382 503 2478 principio
528 2381 695 2476 capituli3
721 2381 826 2456 aliter
851 2382 948 2455 enim
979 2381 1076 2456 lucet
1110 2380 1164 2455 sol
1198 2381 1233 2454 in
1265 2401 1364 2478 aere,
1391 2382 1496 2456 aliter

327 2502 365 2576 in
382 2501 493 2594 nube,
513 2500 619 2576 aliter
640 2500 677 2574 in
694 2501 782 2577 luto.
800 2501 884 2576 ldeo
901 2500 1046 2576 subdit:
1066 2504 1158 2574 ortdc
1173 2504 1206 2574 si
1221 2522 1406 2595 monnone,
1428 2501 1497 2575 ille

327 2628 482 2714 naturae,
510 2621 596 2715 quia
622 2629 756 2696 natura
780 2628 837 2696 est
857 2620 1071 2716 principium
1093 2627 1216 2695 motus
1237 2621 1439 2696 secundum
1457 2642 1497 2696 se

327 2759 401 2814 non
426 2760 492 2834 per
512 2739 692 2833 accidens,
709 2740 882 2834 quoniam
900 2760 1011 2815 omne
1028 2760 1162 2835 corpus
1180 2741 1290 2817 habet
1307 2741 1493 2836 proprium

327 2867 482 2954 motum,
502 2867 543 2933 ut
562 2859 654 2956 ignis
678 2880 840 2954 sursum,
866 2866 966 2934 terra
989 2860 1179 2950 deorsum,
1196 2880 1221 2932 a
1238 2863 1368 2934 dinoci
1378 2864 1493 2954 porti,

327 2979 413 3074 quia
441 2979 592 3054 veniunt
616 2979 662 3054 ad
687 2987 823 3074 ortum,
846 3001 913 3073 per
932 2983 967 3054 to
982 3001 1078 3072 pron
1095 3000 1177 3052 mor
1192 2983 1407 3075 delitescere,
1428 3001 1494 3077 per

329 3100 616 3198 magnitudinem
643 3108 681 3175 et
704 3101 987 3195 profunditatem
1007 3100 1173 3176 essentie
1190 3108 1332 3175 naturae
1356 3122 1494 3196 rerum,

326 3242 346 3294 e
369 3224 547 3315 amoma,
575 3220 714 3315 supple,
739 3226 872 3294 natura
892 3226 1076 3314 movetur,
1095 3241 1161 3294 con
1182 3223 1297 3294 islirno
1313 3242 1338 3294 a
1354 3224 1398 3295 tei
1412 3225 1497 3297 dolo

325 3343 385 3414 cle
408 3344 445 3415 lc
466 3343 577 3434 porti,
610 3340 712 3435 idest,
745 3338 878 3436 dirigat
906 3339 943 3412 in
975 3339 1085 3414 linem
1119 3361 1241 3413 suum.
1276 3340 1375 3415 Unde
1410 3348 1495 3416 nota

325 3459 424 3556 quod
449 3481 524 3534 non
548 3466 604 3536 est
627 3459 752 3554 aliqua
781 3464 914 3533 natura
944 3478 1030 3552 quae
1064 3479 1138 3534 non
1173 3459 1306 3534 habeat
1339 3460 1495 3535 formam

325 3580 556 3655 essentialem
574 3578 857 3654 constituentem
882 3578 949 3652 sihi
974 3599 1072 3675 esse3
1091 3587 1131 3667 et
1145 3581 1223 3655 lraec
1247 3581 1365 3656 forma
1386 3582 1499 3658 habet

325 3700 486 3794 aliquam
513 3699 741 3774 essentialem
767 3697 1030 3793 operationem,
1062 3705 1100 3774 et
1133 3700 1211 3774 lraec
1240 3700 1403 3793 operatio
1438 3721 1498 3775 es-

323 3820 485 3896 sentialis
511 3819 635 3893 linitur
660 3818 706 3892 ad
732 3817 892 3913 aliquid3
919 3825 957 3893 et
981 3818 1063 3893 ideo
1088 3819 1253 3912 operatio
1285 3819 1363 3894 lraec
1396 3818 1495 3893 linita

325 3940 371 4016 ad
397 3940 431 4014 id
455 3939 503 4013 ad
528 3939 625 4035 quod
651 3945 706 4013 est
731 3937 982 4032 essentialiter,
999 3945 1055 4012 est
1072 3937 1209 4012 bonum
1231 3938 1324 4012 illius
1342 3944 1494 4012 naturae.

325 4100 376 4115 -
392 4063 515 4150 (incoli.
542 4060 607 4134 llic
632 4063 739 4154 poeta
764 4059 894 4152 probat
919 4065 957 4132 et
981 4057 1143 4132 declarat
1167 4058 1306 4132 dictum
1328 4058 1494 4134 ordinem

327 4179 594 4276 particulariter
619 4179 657 4252 in
682 4176 901 4272 quibusdam
928 4178 1040 4253 rebus
1057 4178 1302 4272 naturalibus;
1321 4185 1358 4254 et
1378 4185 1431 4254 est
1452 4178 1495 4252 li·

326 4309 406 4376 tera
431 4301 542 4390 clara,
567 4299 666 4374 unde
689 4297 797 4372 dicit:
827 4300 954 4391 Oresti,
982 4298 1118 4374 scilicet
1143 4299 1245 4392 ordo,
1270 4321 1315 4372 ne
1340 4301 1499 4392 portati

323 4425 427 4515 sttoco
450 4415 551 4492 inam
576 4421 613 4493 fc
637 4421 734 4512 luna,
763 4416 848 4512 quia
875 4417 968 4513 ignis
1000 4418 1173 4493 velociter
1199 4426 1236 4493 et
1266 4419 1496 4493 uniformiter

328 4539 493 4614 imitatur
510 4545 654 4613 motum
675 4537 769 4632 coeli,
786 4557 851 4612 aer
868 4546 994 4612 autem
1012 4539 1177 4612 imitatur
1194 4538 1327 4634 ipsum,
1345 4539 1493 4614 sednon

326 4658 581 4752 uniformiter3
599 4679 695 4753 aqua
707 4649 744 4748 (²)
764 4677 837 4756 non
855 4655 1087 4732 uniformiter
1102 4679 1169 4732 nec
1181 4659 1378 4753 complete;
1395 4666 1492 4733 terra

326 4798 530 4873 numquam
551 4767 777 4870 mutaturl³)‚
794 4777 858 4850 sed
877 4785 1054 4872 perpetuo
1070 4778 1107 4852 in
1124 4799 1193 4854 suo
1218 4780 1299 4854 loco
1324 4779 1493 4874 quiescit3

388 5035 417 5100 (¹)
433 5035 464 5086 li.
480 5035 507 5086 in
523 5035 590 5086 lilrro
607 5035 781 5086 Euctirtdion.
861 5031 889 5096 ξ’)
906 5035 938 5086 li.
954 5049 1020 5100 aqua
1035 5049 1099 5087 roro
1115 5049 1176 5086 non.
1254 5035 1281 5098 (⁸)
1296 5035 1328 5088 E.
1344 5037 1468 5088 imitatur.
