4342 6692
691 897 763 964 264
1033 905 1237 963 consensum
1262 904 1483 972 eunonuonu

685 1059 758 1150 stre,
789 1052 877 1150 quia
908 1051 938 1126 si
970 1051 1086 1148 hydra
1116 1050 1282 1132 Herculis
1307 1050 1435 1126 habuit
1464 1057 1604 1148 septem
1638 1051 1755 1146 capite
1785 1070 1859 1138 nou

690 1174 817 1250 habuit
841 1173 968 1248 decem
994 1191 1146 1264 cornua,
1160 1174 1358 1262 -Sicurn
1379 1171 1484 1246 Nunc
1507 1170 1637 1247 ultimo
1662 1177 1770 1268 poeta
1794 1169 1859 1244 de.-

689 1295 813 1370 scribit
831 1292 1066 1381 novissimum
1084 1292 1377 1394 persecutionem
1396 1291 1571 1385 ecciesiae,
1588 1313 1701 1386 quum
1719 1291 1860 1380 uiderat

690 1423 857 1515 tempore
881 1433 961 1508 suo,
988 1432 1062 1506 qun
1087 1413 1188 1501 nullo
1213 1411 1358 1496 videtur
1384 1411 1494 1489 inisse
1520 1411 1662 1506 turpior
1692 1410 1863 1505 quumvis

691 1535 824 1629 maior,
832 1534 977 1627 scilicet,
992 1538 1149 1608 mortem
1165 1532 1349 1628 Bonisecii,
1362 1532 1409 1607 de
1422 1552 1496 1627 que
1509 1532 1588 1628 jam
1607 1551 1704 1627 saepe
1720 1530 1858 1608 dictum

691 1664 756 1732 est.
783 1654 983 1734 Introducit
1004 1661 1130 1733 autem
1145 1653 1290 1731 curiam
1310 1673 1500 1738 romanam
1522 1653 1591 1728 suh
1611 1653 1761 1742 nomine
1781 1672 1860 1729 me.-

691 1774 844 1868 retricis,
861 1774 956 1849 sicut
972 1774 1062 1848 alias
1086 1774 1182 1869 iecit,
1210 1780 1247 1850 et
1273 1793 1401 1870 regem
1428 1773 1591 1851 Franciae
1616 1772 1686 1861 sub
1712 1771 1859 1860 nomine

689 1895 856 1996 gigantis.
887 1894 978 1970 Dicit
1002 1913 1112 1992 ergo:
1139 1915 1212 1968 una
1238 1901 1386 1988 putare
1414 1896 1550 1984 edotio,
1575 1893 1678 1986 idest,
1707 1892 1859 1985 lubrice,

690 2011 934 2110 dissoluta(¹);
959 2017 1039 2090 haeo
1063 2022 1119 2093 est
1144 2015 1243 2091 enim
1263 2013 1438 2108 meretrix
1460 2035 1608 2110 magna,
1629 2034 1713 2122 quoe
1733 2021 1859 2110 sponte

692 2157 733 2213 se
757 2136 901 2224 subiicit
924 2137 1157 2234 principibus,
1185 2143 1221 2211 et
1246 2135 1369 2211 vendit
1394 2136 1573 2212 honorem
1600 2157 1724 2229 suum,
1742 2139 1859 2228 ’πάρ-

687 2281 802 2352 puros
841 2260 942 2331 seder
978 2279 1159 2348 socresso,
1197 2255 1333 2337 scilicet
1375 2275 1546 2350 currum,
1585 2277 1652 2330 con
1689 2260 1720 2330 le
1755 2259 1860 2348 cipite

686 2386 816 2476 pronde
838 2367 992 2468 intorno,
1009 2384 1179 2474 prompto
1205 2377 1252 2453 ed
1277 2375 1529 2469 fornicandum
1556 2396 1642 2466 cunt
1668 2376 1788 2472 procis
1812 2397 1858 2458 ex

691 2498 793 2574 omni
825 2505 949 2594 parte3
975 2496 1165 2591 meretrix,
1191 2497 1282 2591 dico,
1308 2500 1427 2572 ricuru
1459 2500 1560 2588 quari
1589 2493 1696 2573 rocco
1723 2501 1760 2582 in
1790 2499 1860 2582 utto

692 2625 819 2710 mord,
845 2624 995 2713 propter
1020 2618 1168 2692 cutmen
1193 2616 1287 2692 sedis
1312 2617 1541 2712 apostolicae;
1563 2624 1600 2693 et
1624 2619 1710 2714 quia
1735 2618 1781 2694 de
1807 2618 1858 2702 rei

693 2734 846 2815 veritate
871 2736 1078 2826 Boniiucius
1098 2745 1185 2819 tunc
1207 2738 1401 2832 reputabat
1425 2757 1466 2814 se
1491 2738 1652 2822 manime
1673 2759 1859 2831 securum,

692 2858 780 2962 piria
805 2864 886 2932 erat
910 2856 947 2931 in
972 2878 1039 2931 sua
1065 2856 1182 2954 petria
1207 2856 1370 2954 Anagnia
1395 2856 1490 2933 iuter
1521 2878 1608 2937 suos
1636 2878 1723 2940 cnm
1753 2858 1861 2951 quin-

691 2978 811 3086 gentis
835 2976 1047 3052 satellitibus
1071 2977 1117 3050 ad
1144 2977 1345 3052 custodiam
1372 2977 1430 3052 sui
1455 2978 1627 3073 eorporis.
1655 2978 1699 3050 Et
1723 2978 1860 3071 subdit:

692 3103 764 3176 uiti
787 3101 825 3172 dt'
849 3106 945 3172 costo
969 3119 994 3170 n
1019 3101 1064 3172 lei
1085 3100 1192 3172 dritta
1217 3118 1266 3171 un
1289 3101 1443 3190 monum,
1463 3098 1564 3193 idest,
1591 3119 1719 3195 regem
1746 3100 1861 3190 Fratre

692 3221 759 3316 oiae
783 3219 999 3316 Philippum,
1025 3219 1089 3314 qui
1115 3218 1183 3293 init
1209 3239 1366 3315 mugnus
1383 3239 1539 3314 corpore
1559 3226 1595 3295 et
1614 3241 1739 3316 reguo,
1763 3221 1862 3312 upde

691 3341 810 3436 dictus
834 3347 889 3416 est
913 3340 1061 3436 pulcer3
1088 3347 1126 3414 et
1151 3339 1218 3413 suit
1243 3345 1344 3414 recte
1369 3339 1484 3436 gigas,
1512 3344 1610 3418 totus
1625 3331 1662 3432 (²)
1691 3346 1859 3428 terrenus

693 3466 730 3536 et
747 3461 940 3556 insurgens
956 3468 1085 3535 contra
1103 3460 1222 3545 Deum
1241 3479 1346 3534 more
1360 3459 1564 3555 gigantum,
1578 3463 1616 3534 di
1627 3467 1737 3552 costo,
1751 3480 1862 3556 prope

608 3581 611 3585 ’
693 3579 792 3674 iiiam
826 3579 1072 3673 meretricem,
1098 3582 1205 3654 dritto
1234 3599 1259 3652 a
1287 3582 1343 3672 tet,
1376 3579 1521 3673 scilicet,
1553 3600 1600 3663 en
1633 3581 1863 3677 opposito:c

693 3719 790 3783 conec
810 3694 939 3793 percite*
961 3720 1031 3775 two
1056 3702 1108 3792 uli
1127 3703 1222 3794 fosse
1247 3702 1344 3794 totta,
1365 3720 1413 3774 ne
1436 3699 1641 3775 udnaeroret
1658 3700 1763 3781 alteri
1784 3701 1861 3798 regi

694 3819 752 3912 pei
777 3817 1000 3913 imperatori,
1026 3819 1091 3894 sed
1116 3825 1212 3895 esset
1237 3819 1306 3895 sub
1331 3818 1495 3897 custodia
1521 3841 1601 3914 sua,
1625 3820 1720 3894 sicut
1743 3820 1862 3912 fueret

693 3939 773 4035 dju3
799 3939 897 4015 unde
921 3939 1026 4027 dicit:
1047 3961 1067 4014 e
1090 3939 1294 4030 ὁαυίαυατιεὶ
1309 3941 1449 4018 indeme
1464 3942 1594 4017 uicena
1610 3942 1723 4026 voltu:
1740 3947 1777 4030 et
1794 3941 1862 4030 troc

693 4059 763 4156 suit
786 4079 919 4136 verum
944 4059 991 4134 de
1016 4059 1122 4153 iacto,
1141 4060 1228 4154 quia
1244 4066 1330 4137 ante
1355 4059 1615 4143 dissensionem
1643 4062 1737 4143 alter
1762 4064 1862 4147 intes

694 4181 757 4276 hat
780 4180 906 4277 ulteri3
930 4188 968 4256 et
992 4181 1189 4275 aliquando
1215 4180 1419 4257 Boniiucius
1449 4179 1604 4256 iaciebat
1634 4181 1770 4278 gratias
1796 4181 1862 4277 ipsi

695 4301 873 4398 Philipp05
899 4301 963 4378 sed
987 4307 1113 4398 postea
1131 4301 1314 4397 Phiiippus
1335 4301 1452 4376 iactus
1469 4306 1524 4375 est
1543 4301 1609 4383 sihi
1629 4301 1740 4392 hostis
1757 4322 1865 4392 noers

695 4421 823 4496 rimus.
844 4420 947 4496 Unde
965 4421 1104 4495 subdit:
1127 4441 1186 4496 mu
1203 4424 1282 4516 quel
1293 4425 1412 4516 feroce
1436 4423 1565 4513 drudo,
1586 4421 1690 4516 idest,
1707 4421 1865 4501 crudelis

694 4561 840 4642 procus,
853 4543 889 4614 la
902 4535 1055 4637 adpetiti,
1069 4540 1156 4636 quin
1178 4541 1386 4618 verberavit
1405 4540 1508 4636 peius
1530 4561 1642 4634 quem
1657 4542 1771 4618 soleat
1786 4542 1867 4631 fleri

693 4660 740 4736 de
764 4660 971 4756 meretrice,
996 4663 1060 4740 dot
1081 4681 1172 4758 capo
1196 4663 1283 4755 infin
1302 4664 1333 4734 lc
1343 4663 1477 4756 mann,
1499 4661 1592 4748 sicut
1609 4668 1664 4736 est
1685 4663 1862 4759 seriptum

694 4799 806 4879 supra
830 4780 897 4854 XX
926 4780 1085 4874 capituto
1111 4780 1220 4871 huius
1246 4780 1464 4877 Purgator‘ri,
1478 4778 1614 4897 'perede
1638 4785 1784 4872 l'occdt'o
1804 4805 1865 4869 cu·

756 5039 784 5103 (¹)
799 5041 832 5092 lt
847 5041 978 5094 diuolutn.
994 5043 1065 5094 Telis
1080 5043 1151 5094 enim
1167 5047 1207 5094 est
1222 5044 1356 5095 meretrix.
1544 5044 1571 5110 (¹)
1586 5045 1618 5097 Ε.
1634 5045 1695 5113 quia
1710 5050 1789 5098 totus
