4342 6692
716 874 788 943 398
1107 885 1313 941 consonum
1337 888 1502 941 ramnus

715 1055 864 1109 vernon
874 1036 911 1106 lo
921 1035 1072 1124 illinire,
1094 1030 1197 1126 idest,
1214 1030 1409 1126 illuminat,
1420 1034 1459 1105 di
1471 1033 1557 1125 suor
1573 1033 1637 1105 dul
1651 1034 1766 1123 quote,
1782 1030 1885 1125 idest,

715 1172 865 1227 summo
890 1174 992 1246 vero,
1017 1173 1145 1227 omum
1171 1174 1256 1226 cero
1280 1156 1313 1226 si
1334 1154 1471 1245 spuria
1493 1151 1592 1227 Deus
1618 1151 1718 1225 enim
1735 1157 1791 1225 est
1807 1150 1888 1225 llnis

715 1273 884 1347 omnium
897 1272 1068 1365 aliorum,
1082 1278 1121 1346 et
1139 1272 1226 1345 nihil
1240 1278 1295 1349 est
1311 1272 1451 1347 bonum
1465 1270 1532 1345 nisi
1548 1290 1615 1365 per
1627 1290 1777 1345 causam
1796 1270 1888 1346 lina-

716 1392 802 1467 lem.
827 1392 914 1467 ldeo
937 1391 1077 1467 subdit:
1099 1394 1223 1485 posusi
1246 1395 1285 1465 in
1308 1412 1398 1485 csso,
1427 1392 1503 1486 ipse
1534 1390 1739 1467 intellectus
1764 1398 1888 1465 noster

716 1512 754 1585 in
778 1513 857 1608 ipso
883 1533 973 1588 vero
998 1512 1131 1607 primo,
1155 1534 1252 1587 nonu
1273 1516 1355 1607 [era
1378 1514 1416 1585 iu
1443 1514 1576 1604 lusam
1601 1517 1638 1585 et
1666 1520 1722 1585 est
1750 1512 1888 1606 optima

718 1635 952 1728 metaphora:
978 1633 1073 1708 sicut
1097 1632 1197 1708 enim
1222 1632 1301 1707 iera
1320 1632 1384 1706 diu
1404 1638 1561 1728 vagatur
1587 1637 1625 1705 et
1647 1638 1805 1705 venatur
1821 1651 1888 1726 per

716 1755 871 1851 sylvam,
896 1760 935 1829 et
958 1760 1040 1849 post
1063 1774 1193 1828 omnes
1224 1753 1368 1829 labores
1393 1750 1589 1846 requiescit
1619 1751 1655 1823 in
1684 1758 1811 1845 antro;
1837 1752 1888 1827 ita

717 1875 923 1950 intellectus
947 1874 985 1947 in
1010 1873 1150 1948 mnodo
1174 1874 1237 1948 din
1255 1874 1466 1969 speculatur
1491 1878 1528 1947 et
1553 1872 1833 1967 contemplatur,
1851 1878 1888 1947 et

718 2015 924 2089 numquam
950 1992 1103 2088 quiescit
1130 1992 1196 2067 nisi
1222 1993 1259 2067 in
1285 1992 1363 2087 ipso
1383 1991 1455 2067 line
1475 2012 1562 2084 suo;
1580 1990 1662 2065 ideo
1679 1990 1783 2065 dicit:
1801 1999 1888 2066 torto

718 2117 779 2189 cle
789 2117 910 2205 muno
921 2116 1013 2203 lto,
1025 2112 1129 2207 idest,
1144 2113 1266 2187 statim
1280 2132 1367 2187 cum
1386 2110 1667 2208 apprehenderit
1683 2111 1803 2205 ipsum
1823 2132 1890 2187 ve-

720 2255 817 2307 rum.
844 2234 888 2305 nt
913 2232 1028 2307 addit:
1046 2254 1066 2305 e
1085 2235 1235 2325 pauper
1248 2236 1390 2325 puollo;
1417 2230 1626 2325 benedicit,
1647 2250 1733 2305 nam
1754 2232 1891 2327 impos-

719 2354 822 2429 sibile
846 2360 902 2427 est
927 2352 1128 2449 procedere
1152 2354 1189 2427 in
1215 2353 1396 2427 inlinitum
1422 2353 1458 2425 in
1490 2352 1610 2427 causis
1640 2352 1820 2447 finalibus,
1845 2374 1891 2429 co

720 2474 821 2569 quod
844 2473 1065 2549 desiderium
1093 2475 1297 2549 humanum
1328 2480 1425 2549 esset
1455 2492 1615 2548 vaenum
1643 2479 1680 2547 et
1704 2472 1823 2567 inane,
1849 2482 1892 2548 ut

721 2600 821 2689 patet
844 2594 1007 2671 secundo
1032 2594 1307 2690 metaphysicae5
1332 2616 1369 2669 sc
1392 2614 1465 2669 non
1489 2597 1629 2667 ciascun
1645 2596 1734 2667 dicio
1749 2595 1893 2669 waddo

719 2718 882 2809 snum
906 2734 993 2789 curn
1019 2718 1144 2789 tamen
1170 2714 1387 2789 naturaliter
1403 2734 1532 2789 omnes
1554 2713 1761 2790 desiderent
1785 2714 1890 2789 scire.

721 2876 771 2889 —
784 2838 908 2911 Nosce.
933 2834 999 2909 llic
1022 2841 1134 2909 autor
1157 2834 1314 2911 ostendit
1338 2834 1525 2929 quomodo
1554 2833 1601 2909 de
1628 2840 1759 2909 natura
1785 2835 1893 2909 intel·

723 2956 840 3031 lectus
863 2960 920 3029 est
942 2954 1132 3047 inquirere
1156 2959 1194 3027 et
1225 2954 1445 3051 investigare
1476 2953 1648 3028 ultimum
1680 2954 1803 3048 finem,
1828 2955 1892 3049 qui

722 3080 779 3149 est
803 3073 952 3148 felicitas
976 3072 1208 3168 procedendo
1224 3073 1271 3149 de
1289 3094 1362 3148 una
1380 3072 1535 3148 veritate
1551 3072 1695 3170 cognita
1717 3074 1765 3148 ad
1782 3074 1893 3149 aliam

722 3194 1026 3291 cognoscendam.
1045 3194 1137 3269 Dicit
1154 3212 1262 3291 ergo:
1284 3198 1319 3267 11
1333 3194 1458 3267 duddio
1474 3214 1579 3267 nosce
1593 3216 1662 3287 per
1677 3198 1802 3288 quello,
1823 3196 1895 3272 sci·

722 3314 818 3407 licet,
844 3313 1080 3408 intellectum,
1106 3309 1211 3407 appio*
1223 3315 1282 3387 del
1304 3334 1401 3406 vcro,
1427 3314 1531 3408 quasi
1560 3313 1668 3407 dicat,
1693 3314 1793 3409 quod
1820 3336 1893 3390 una

722 3432 949 3508 dubitatione
973 3432 1114 3507 succisa
1140 3433 1176 3507 in
1202 3432 1390 3508 intellectu
1415 3434 1619 3508 renascitur
1643 3434 1727 3528 alia,
1747 3456 1772 3506 a
1793 3438 1895 3525 proso

724 3556 763 3627 di
785 3556 973 3646 rompono,
999 3553 1102 3647 idest,
1120 3552 1276 3649 pollonis
1296 3553 1373 3627 sive
1389 3554 1533 3649 plantae,
1551 3574 1636 3649 quae
1652 3554 1699 3628 de
1715 3574 1811 3629 novo
1828 3574 1894 3629 na-

725 3672 839 3748 scitur
859 3673 1076 3748 naturaliter
1092 3674 1227 3748 arbore
1243 3674 1403 3769 succisa:
1421 3682 1454 3748 ct
1469 3672 1490 3749 e*
1503 3682 1635 3749 mora
1650 3678 1702 3749 clr’
1711 3678 1750 3749 cl
1762 3696 1895 3751 sommo

722 3795 830 3887 pinpo
853 3795 928 3884 noi,
948 3792 1051 3887 idest,
1067 3792 1116 3867 ad
1132 3814 1318 3869 summam
1335 3794 1529 3869 vedutem
1547 3802 1585 3868 et
1601 3794 1807 3871 felicitatem
1825 3796 1895 3870 im-

726 3913 827 4009 pellit
851 3934 930 4009 nos‚
955 3917 993 3988 dt
1015 3918 1106 3989 collo
1130 3918 1167 3987 in
1192 3918 1294 4006 collo,
1320 3914 1422 4009 idest,
1447 3914 1494 3990 de
1520 3915 1638 4011 gradu
1665 3914 1701 3990 in
1726 3917 1895 4013 gradum.

727 4033 773 4107 llt
797 4034 855 4107 lric
879 4041 967 4109 nota
990 4035 1091 4129 qnod
1116 4042 1248 4110 natura
1273 4034 1336 4109 dat
1360 4034 1506 4109 entibus
1530 4054 1597 4129 per
1621 4036 1719 4130 quod
1746 4047 1897 4132 possunt

727 4153 909 4251 attingere
924 4174 1012 4229 suos
1028 4154 1132 4249 lines,
1147 4154 1254 4229 aliter
1270 4160 1489 4249 operaretur
1506 4153 1653 4229 trustra.
1671 4156 1768 4253 Ergo
1786 4160 1896 4235 homo

727 4280 846 4369 potest
870 4275 1043 4370 consequi
1061 4276 1172 4351 finem
1190 4296 1314 4370 suurn,
1331 4275 1395 4370 qui
1415 4282 1471 4351 est
1490 4274 1640 4350 felicitas
1659 4296 1724 4371 per
1745 4278 1897 4355 vimntes

727 4393 915 4487 operando
939 4400 977 4469 et
1005 4394 1219 4491 sapientiam
1251 4394 1495 4491 speculando:
1521 4395 1633 4471 homo
1662 4396 1759 4471 enim
1791 4404 1898 4473 natus

729 4520 786 4589 est
811 4519 852 4586 ut
873 4513 936 4589 liat
955 4513 1062 4609 felix:
1083 4514 1258 4609 sapientia
1276 4533 1367 4611 ergo
1383 4514 1554 4609 supponit
1570 4514 1725 4591 virtutes
1742 4518 1899 4594 morales

730 4639 770 4715 et
793 4632 1067 4729 intellectuales,
1093 4634 1187 4709 sieut
1217 4634 1298 4709 linis
1327 4634 1365 4709 in
1393 4655 1439 4711 ea
1469 4656 1554 4729 quae
1579 4642 1665 4711 sunt
1694 4637 1741 4711 ad
1770 4636 1899 4735 linem;

731 4752 815 4826 ideo
838 4752 972 4828 dicitur
991 4762 1177 4849 postrema
1195 4754 1255 4829 via
1272 4754 1458 4830 doctrinae.
1472 4796 1521 4809 -
1537 4762 1671 4845 Oresta
1690 4757 1755 4832 llic
1772 4759 1900 4834 ultimo

731 4872 866 4947 llantes
898 4892 946 4947 ex
980 4874 1177 4970 premissis
1208 4874 1305 4950 elicit
1335 4873 1572 4951 intentionem
1603 4898 1722 4971 suam,
1757 4876 1898 4953 dicens:

735 4996 872 5088 Quoeto,
909 4994 1060 5089 scilicet,
1095 4998 1264 5071 naturale
1295 4994 1529 5091 desiderium,
1563 5000 1747 5092 m'inoito,
1784 5005 1900 5093 questo
