4342 6692
661 920 800 978 usurus
825 924 1014 979 vressruus
1039 926 1222 980 serrruus.
1456 916 1522 982 151

349 1062 638 1158 extremitatem,
656 1066 718 1140 sed
744 1072 937 1163 postquam
957 1069 1123 1163 pervenit
1138 1068 1186 1143 ad
1203 1069 1326 1143 locum
1348 1070 1526 1145 felicitatis

356 1200 428 1255 son
453 1190 573 1278 potest
597 1186 755 1280 amplius
779 1188 922 1280 cadere.

429 1308 522 1375 Poro
540 1312 657 1397 poten.
683 1306 753 1381 Ista
779 1312 835 1381 est
860 1308 965 1382 tertia
992 1328 1075 1403 pars
1101 1308 1282 1405 generalis
1306 1310 1454 1405 capituli
1486 1310 1525 1383 in

354 1442 428 1516 qun
455 1431 561 1518 poeta
588 1432 712 1499 noster
740 1426 911 1501 describit
941 1428 1061 1502 nobile
1093 1428 1291 1523 somnium,
1317 1429 1415 1523 quod
1442 1428 1526 1503 iecit

354 1546 390 1619 ln
419 1545 478 1619 tali
505 1546 586 1619 loco
611 1552 649 1619 et
674 1551 859 1642 tempore3
878 1548 941 1622 sed
958 1549 1077 1643 primo
1099 1549 1269 1623 describit
1286 1556 1431 1645 tempus
1449 1568 1524 1643 que

353 1664 585 1760 obdormivit,
611 1670 652 1738 ut
676 1666 728 1742 sic
753 1668 953 1741 ordinatius
983 1668 1152 1743 deveniat
1180 1670 1227 1743 nd
1256 1670 1454 1744 somnium.
1481 1670 1524 1743 et

356 1787 434 1860 vult
458 1786 619 1861 breviter
643 1787 778 1882 dicere,
803 1788 903 1881 quod
928 1789 1021 1863 lecta
1051 1797 1132 1863 eret
1162 1810 1247 1884 nos,
1274 1790 1360 1885 quia
1386 1793 1522 1865 coelum

355 1912 435 1981 erat
454 1905 534 2001 jam
560 1906 754 1981 stellatum.
781 1907 883 1982 Unde
900 1908 1003 1982 dicit:
1024 1914 1117 1983 Poco
1127 1918 1234 2003 poteo
1247 1906 1398 2003 parenti
1415 1916 1472 1986 det
1487 1912 1524 1985 dt

352 2030 469 2120 strom
489 2026 593 2119 quasi
620 2025 726 2121 dicat,
752 2046 799 2103 ex
816 2028 885 2102 illa
903 2028 961 2102 via
989 2036 1087 2102 recta
1110 2035 1277 2123 poteram
1296 2031 1422 2107 videre
1442 2052 1525 2105 mo-

354 2146 477 2221 dicum
502 2146 550 2220 de
574 2147 679 2241 coelo,
697 2148 791 2222 sicut
815 2148 844 2221 si
869 2148 1000 2242 uliquis
1024 2155 1120 2224 esset
1146 2150 1181 2222 in
1207 2158 1319 2244 puteo
1345 2159 1382 2225 et
1407 2152 1522 2246 respi-

353 2272 455 2341 ceret
479 2266 628 2359 coslum,
655 2286 733 2340 non·
755 2266 895 2342 videret
912 2268 978 2341 nisi
997 2288 1149 2361 parvam
1176 2276 1318 2363 partem
1345 2270 1437 2363 eius,
1463 2290 1522 2343 mc

349 2406 418 2480 per
442 2390 521 2477 quet
539 2406 630 2477 poco
655 2389 816 2460 oedco’io
842 2390 873 2459 le
896 2390 990 2460 stelle
1013 2390 1131 2460 obiere
1157 2410 1177 2461 e
1200 2392 1379 2480 meppion?
1401 2392 1440 2462 dt
1468 2393 1526 2462 lor

353 2511 474 2580 solere.
502 2506 621 2581 Stellae
641 2506 859 2581 videbantur
880 2508 1052 2582 clariores
1069 2509 1136 2582 sibi
1161 2515 1199 2583 et
1225 2510 1384 2584 maiores
1406 2510 1524 2604 solito,

354 2627 440 2721 quia
466 2631 547 2701 erat
571 2626 722 2699 vicinior
747 2628 841 2700 coelo
867 2633 904 2701 et
929 2628 963 2700 in
990 2628 1071 2703 loco
1097 2648 1191 2723 puro
1217 2650 1239 2703 a
1265 2630 1441 2704 nubibus:
1469 2628 1526 2703 di-

355 2746 486 2820 stantia
511 2745 608 2820 euim
635 2746 705 2820 loci
731 2746 814 2820 lacit
840 2748 960 2821 stellas
985 2748 1099 2823 videri
1125 2748 1306 2843 minimas,
1329 2770 1413 2844 quse
1438 2755 1526 2823 sunt

356 2866 393 2940 in
418 2884 458 2941 se
484 2864 666 2939 maximae.
694 2865 796 2940 Unde
821 2866 1005 2939 subditttl
1027 2888 1139 2939 sonno
1163 2872 1212 2941 nti
1232 2890 1336 2961 prese
1358 2860 1389 2941 si
1413 2870 1525 2941 rumi-

354 2988 489 3078 nando,
516 2976 552 3059 in
579 2992 702 3061 mente
728 3006 822 3080 mea,
849 3008 867 3059 e
897 2978 927 3059 si
961 2990 1125 3060 meando
1157 2992 1194 3060 in
1227 2991 1348 3079 puelle,
1377 2988 1524 3080 scilicet,
1645 2986 1647 2990 ’

356 3106 478 3197 stellis,
495 3105 541 3179 ed
559 3125 652 3199 quas
678 3105 851 3198 parabam
868 3100 905 3198 (¹)
924 3106 994 3179 cito
1013 3106 1224 3201 pervenire;
1246 3110 1413 3197 ittonam,
1430 3106 1523 3202 dico,

355 3228 414 3297 cte
435 3232 586 3316 sonente,
604 3224 705 3319 idest,
727 3246 834 3320 saepe,
851 3246 895 3299 sn
920 3230 950 3299 le
973 3229 1107 3299 novelle
1122 3230 1207 3299 anzi
1225 3229 1285 3299 ebe
1296 3230 1322 3299 ’l
1342 3228 1432 3323 [atto
1447 3231 1524 3321 sia;

355 3344 442 3440 quio
459 3350 565 3439 poeta
591 3345 628 3418 in
654 3344 722 3419 isto
748 3365 877 3419 somno
898 3346 981 3421 iecit
995 3337 1032 3439 (³)
1055 3345 1239 3419 somnium
1258 3367 1389 3419 verum
1411 3366 1524 3441 super

355 3484 398 3539 re
422 3470 523 3537 certa
547 3469 585 3538 et
609 3464 855 3560 praecogitata,
880 3486 966 3538 oum
992 3464 1204 3539 detlorasset
1232 3485 1279 3539 ex
1304 3466 1387 3538 altis
1411 3465 1523 3561 apici·

355 3585 424 3675 bns
448 3582 650 3679 pulcriores
674 3604 721 3660 ex
750 3585 882 3679 quibus
907 3589 1121 3660 contexeret
1150 3606 1284 3661 novam
1316 3588 1522 3662 materiam.

355 3705 504 3777 -Nett’
516 3724 595 3777 oro.
628 3705 732 3778 Nunc
766 3712 871 3799 poete
903 3703 1073 3779 describit
1106 3704 1226 3798 ipsum
1258 3706 1455 3801 somnium,
1487 3708 1524 3781 in

356 3844 432 3919 quo
456 3824 558 3920 tingit
582 3844 623 3899 se
649 3824 777 3898 vidisse
794 3824 988 3899 mulierem
1010 3825 1175 3918 pulcram
1194 3831 1232 3899 et
1248 3826 1418 3920 pudicam
1436 3848 1525 3901 can-

357 3950 504 4019 tantem.
539 3944 592 4019 Ad
628 3945 900 4041 intelligentiam
934 3950 1060 4019 autern
1100 3944 1202 4019 istius
1235 3944 1465 4021 nobilissime
1487 3936 1524 4038 (⁸)

357 4064 519 4159 fictionis,
545 4084 630 4160 qnoe
661 4065 908 4140 communiter
941 4066 1037 4138 male
1071 4067 1278 4161 exponitur,
1311 4074 1367 4142 est
1405 4067 1524 4162 primo

354 4186 555 4277 sciendum,
581 4185 679 4279 quod
705 4192 810 4279 poeta
835 4184 1005 4259 describit
1030 4184 1087 4259 bic
1113 4187 1256 4260 occulte
1290 4186 1525 4280 preclarissi-

357 4325 456 4380 mum
475 4306 694 4379 comitissam
713 4305 929 4399 llntbildim3
949 4306 1030 4379 ideo
1047 4326 1115 4399 pro
1132 4306 1313 4401 exigentia
1332 4306 1384 4380 rei
1402 4306 1525 4401 aliqua

356 4426 614 4521 compendiose
636 4425 767 4519 dicam,
793 4425 987 4500 exordiens
1011 4427 1058 4500 ab
1076 4425 1188 4519 ipsius
1204 4433 1300 4499 ortu.
1324 4425 1407 4499 Fuit
1431 4446 1522 4521 ergo

356 4546 505 4640 quidam
533 4544 660 4620 nobilis
677 4547 844 4641 princeps
869 4545 915 4620 de
940 4545 1103 4640 partibus
1128 4547 1268 4620 Tusciae
1290 4546 1326 4619 in
1346 4547 1521 4621 comitatu

355 4666 494 4741 lucensi
511 4672 627 4761 ortus,
644 4665 793 4742 studens
815 4667 872 4740 sui
890 4665 1045 4740 nominis
1061 4666 1218 4761 gloriam
1235 4666 1423 4761 ampliare.
1450 4667 1521 4764 lgi-

357 4794 418 4861 tnr
444 4787 753 4883 longobardorum
780 4787 870 4862 lines
888 4775 1238 4883 ingressus,'multas
1255 4787 1428 4881 civitates,
1447 4795 1523 4862 ter-

419 5050 445 5112 0)
463 5052 515 5109 117,
532 5050 675 5113 sperabam.
800 5049 827 5111 (¹)
843 5048 873 5099 Ε.
889 5047 958 5099 lsclt.
1084 5046 1111 5111 (Ἴ
1129 5052 1184 5110 111,
1199 5048 1378 5099 subtilissime.
