4342 6692
762 924 901 982 cunnus
925 925 1096 981 ocrsvus.
1445 915 1513 985 tsi

344 1091 473 1156 nerem
492 1091 538 1148 er
557 1071 744 1146 intluentia
765 1070 860 1164 coeli,
879 1092 926 1147 ex
945 1070 1061 1146 veteri
1086 1071 1364 1166 consuetudine,
1382 1079 1420 1147 ct
1439 1071 1517 1146 col-

343 1191 493 1268 luvione
516 1191 744 1268 advenarum
772 1193 1035 1269 conllucntium
1061 1191 1122 1285 ibi,
1147 1195 1349 1269 ncttcnttco
1377 1214 1517 1284 errore,

186 1379 190 1386 .
343 1310 477 1388 scilicet
501 1311 714 1407 paganismi,
741 1311 805 1406 qui
836 1312 966 1408 longus
997 1331 1117 1386 error·
1133 1311 1280 1387 duravit
1309 1313 1346 1386 in
1376 1312 1516 1387 mundo

343 1432 532 1526 usquead
557 1432 766 1506 Christum:
793 1437 937 1507 caeterae
962 1432 1060 1508 enim
1085 1438 1216 1529 gentes
1240 1439 1375 1528 praeter
1399 1433 1516 1507 solam

343 1550 531 1628 bebraeanr
545 1551 714 1632 colebant
727 1551 1122 1647 pluresdeos,scceono
1134 1551 1518 1647 onore,idest,divinos

343 1672 513 1766 honores,
531 1673 569 1746 dt
591 1675 749 1765 caprifici
771 1692 791 1745 e
815 1673 853 1746 dt
876 1675 991 1746 votivo
1015 1675 1135 1766 pride,
1163 1673 1268 1765 idest,
1288 1671 1516 1746 orationibus

343 1798 381 1868 et
405 1792 737 1889 supplicationibus,
763 1813 835 1867 non
861 1814 933 1886 pur
962 1813 986 1866 c
1018 1797 1072 1887 let,
1102 1793 1248 1887 scilicet,
1278 1791 1411 1867 Veneri
1437 1791 1515 1885 soli,

343 1935 403 1988 mc
427 1935 652 2006 nomenato,
670 1921 844 2009 tanquam
871 1914 959 1990 deos
984 1914 1122 1990 eisdem
1148 1914 1278 1988 divinis
1304 1912 1515 2006 honoribus,

343 2037 458 2108 Dione
482 2058 501 2109 e
529 2037 672 2127 Cupido,
697 2035 834 2130 gratias
858 2041 1010 2130 agentes
1028 2035 1136 2108 matri
1154 2053 1239 2128 quae
1257 2033 1386 2129 genuit
1404 2032 1514 2108 talem

344 2153 455 2229 liliam
481 2160 639 2230 matrem
666 2153 912 2250 generationis
937 2155 1121 2247 humanm,
1143 2160 1182 2229 et
1206 2154 1269 2227 tali
1294 2151 1367 2226 lilio
1387 2153 1517 2247 impel-

344 2274 431 2350 lenti
459 2274 625 2349 bomines
650 2272 697 2347 ad
722 2275 793 2348 boc
817 2294 933 2369 upus3
960 2280 997 2349 et
1023 2273 1171 2368 exponit
1188 2280 1226 2347 et
1242 2274 1360 2369 glosat
1376 2273 1514 2347 dictum

344 2415 468 2488 suum,
494 2393 639 2468 diceus:
675 2395 798 2485 quella·
808 2414 877 2486 per
909 2396 1034 2466 nmdre
1064 2414 1145 2483 suc,
1174 2392 1309 2467 scilicet
1337 2392 1515 2484 Dionem3

342 2518 379 2590 et
410 2512 529 2608 bene;
554 2512 687 2588 dicitur
717 2512 821 2588 enim·
843 2513 934 2587 ilion
948 2506 997 2606 (¹),
1023 2511 1129 2607 quasi
1153 2512 1228 2586 duo
1258 2519 1420 2605 necteus,
1451 2531 1517 2606 per

336 2633 413 2732 boc
446 2632 690 2729 intelligentes
721 2631 1016 2707 coniunctionem
1044 2631 1157 2706 maris
1186 2637 1223 2707 ct
1248 2631 1408 2706 loeminae
1437 2651 1518 2704 esse

228 2773 230 2777 ’
342 2773 492 2828 causam
525 2751 701 2845 libidinis;
735 2757 853 2845 questo
883 2771 950 2843 per
978 2754 1092 2844 fiplio,
1123 2751 1271 2844 scilicet,
1301 2750 1516 2844 Cupidinem

343 2893 455 2969 quem
476 2873 554 2968 jam
582 2873 728 2948 vocavit
752 2872 875 2947 lollem
895 2891 1076 2964 amorem,
1095 2891 1208 2965 quem
1236 2871 1465 2966 potissimum
1476 2861 1514 2963 (Υ)

341 2994 453 3070 deum
480 2995 670 3088 dicebant,
697 2993 743 3068 de
768 3013 844 3087 quo
868 2992 964 3086 pleni
989 2999 1074 3066 sunt
1103 2991 1185 3065 libri
1216 2991 1381 3066 omniurn
1407 2997 1516 3065 auto-

342 3133 440 3207 rum,
462 3113 523 3187 cui
547 3112 765 3188 sacrificium
792 3111 946 3187 iacimus
971 3110 1018 3186 de
1043 3104 1214 3208 lacryuiis
1234 3117 1271 3186 et
1284 3102 1322 3204 (³)
1340 3111 1513 3206 suspiriis.

341 3233 427 3310 ideo
446 3233 542 3309 bene
559 3232 744 3308 Ausonius
761 3238 869 3329 poeta
887 3231 1039 3328 gallicus
1060 3231 1162 3329 fingit
1178 3253 1346 3308 amorem
1364 3234 1513 3328 captum

339 3373 362 3428 a
394 3353 612 3429 mulieribus
642 3354 795 3428 affixum
821 3353 934 3448 cruci,
968 3354 1005 3428 iu
1037 3375 1113 3448 quo
1141 3354 1298 3429 ostendit
1327 3354 1516 3429 cruciatus

339 3472 386 3547 ad
412 3494 506 3568 quos
531 3473 631 3548 ducit
656 3493 763 3548 amor
788 3493 919 3568 caecus,
947 3473 1029 3550 ideo
1053 3472 1186 3569 diguus
1210 3494 1343 3548 cruce:
1369 3482 1407 3548 et
1432 3495 1516 3570 spe-

339 3592 458 3668 cificat
482 3594 602 3689 ipsum
621 3594 833 3689 Cupidinem
861 3593 908 3668 ab
933 3593 1055 3669 officio
1076 3616 1157 3688 suo,
1175 3595 1261 3688 quia
1289 3596 1399 3670 babet
1423 3596 1515 3670 inci·

340 3721 420 3796 tare
445 3714 612 3788 homines
637 3714 683 3788 ad
716 3714 913 3807 libidinem,
944 3714 1039 3788 sicut
1068 3713 1171 3809 lingit
1201 3713 1383 3810 Virgilius,
1416 3715 1514 3808 quod

339 3834 464 3932 Venus
477 3840 596 3928 mater
610 3835 719 3908 Eueae
736 3832 833 3906 misit
851 3831 966 3905 lilium
985 3853 1097 3906 suum
1110 3832 1324 3927 Cupidinem
1339 3832 1376 3906 in
1395 3834 1512 3907 lorma

339 3951 480 4026 Ascanii
514 3951 560 4026 ad
601 3950 864 4026 incendendam
897 3950 1073 4026 Didonem
1121 3952 1159 4024 iu
1195 3973 1362 4028 amorem
1402 3953 1513 4048 ipsius

339 4073 459 4148 Enete.
486 4071 589 4146 Unde
613 4069 721 4145 dicit:
748 4092 767 4143 e
791 4072 926 4161 dicaam
948 4070 998 4143 illi
1015 4070 1155 4164 antiqui
1172 4072 1304 4167 pagani
1322 4073 1514 4148 credentes

285 4218 287 4222 ·
341 4191 446 4268 multi
473 4191 572 4287 quod
597 4190 688 4265 Dido
713 4191 839 4266 luisset
864 4211 953 4266 vere
979 4198 1085 4286 capta
1110 4201 1240 4267 amore
1264 4193 1385 4287 lineae,
1412 4199 1512 4268 tanta

340 4314 408 4389 luit
431 4311 587 4387 dulcedo
613 4309 791 4407 lingentis.
818 4310 871 4384 De
896 4309 1035 4385 Didone
1060 4310 1181 4385 adbuc
1206 4310 1339 4384 dicitur
1355 4312 1513 4406 capitulo

340 4417 530 4528 seuueuti:
557 4433 653 4504 clt'ct
676 4431 799 4504 sedette
822 4433 861 4502 tn
884 4431 1028 4522 prembo
1053 4451 1078 4503 a
1107 4434 1201 4505 Dido
1214 4458 1230 4525 ,·
1265 4431 1364 4526 quod
1393 4438 1512 4505 totum

340 4560 395 4630 est
420 4552 558 4627 lictum.
572 4556 667 4624 -Ε
689 4553 738 4624 du
762 4553 875 4624 costel.
907 4549 973 4625 llic
997 4556 1106 4645 poeta
1137 4550 1284 4624 adducit
1308 4550 1354 4624 ad
1379 4569 1514 4645 propo-

341 4673 452 4747 situm
477 4671 512 4745 id
538 4669 637 4766 quod
661 4669 752 4744 dixit
776 4669 823 4744 de
849 4670 1003 4764 Venere,
1021 4669 1166 4744 diceus:
1184 4675 1217 4742 E
1228 4671 1447 4761 ptpttcvano,
1466 4668 1512 4742 illi

340 4791 493 4886 antiqui,
517 4793 568 4864 do
591 4792 709 4884 costct,
728 4788 863 4864 scilicet
880 4788 1035 4882 Venere,
1057 4791 1139 4862 ond’
1152 4791 1188 4862 to
1199 4791 1376 4897 principio
1386 4790 1513 4881 piatio,
1576 4866 1583 4881 ‚

402 5051 430 5114 (¹)
446 5051 477 5102 E.
495 5051 571 5112 lllou,
587 5051 648 5115 quia
664 5051 725 5102 duo.
798 5051 825 5113 (¹)
842 5051 873 5101 E.
890 5050 1105 5115 potentissimum.
1177 5048 1204 5113 ι’)
1220 5050 1251 5100 lt.
1267 5056 1294 5101 et
1309 5051 1343 5100 de
1358 5050 1482 5114 suspiriis.

474 5159 511 5204 lv.
1353 5159 1380 5203 81
