4342 6692
673 785 742 853 112
988 839 992 847 .
1029 798 1234 857 conducunt
1257 800 1477 857 rouusmau

669 947 863 1018 torturam.
891 944 976 1020 ideo
1001 945 1106 1021 dicit:
1132 968 1152 1019 c
1175 950 1258 1019 volti
1281 949 1357 1020 cito
1380 968 1466 1019 mon
1494 948 1627 1038 metro,
1652 947 1699 1022 ad
1725 968 1837 1041 quam

665 1082 813 1158 semper
838 1064 912 1137 itur
938 1084 1003 1158 per
1029 1065 1298 1162 purgatorium,
1323 1073 1357 1140 et
1378 1086 1548 1139 eroooaw
1574 1070 1694 1141 utenti
1709 1070 1759 1140 ad
1782 1071 1838 1140 oi-

667 1188 726 1255 tra
750 1204 851 1275 cora,
877 1185 1024 1279 scilicet,
1050 1185 1097 1259 ad
1123 1186 1379 1283 purgationem
1410 1185 1575 1261 libidinis.
1606 1188 1651 1261 Et
1680 1187 1733 1261 sic
1757 1187 1840 1261 vide

668 1304 768 1397 quod
792 1313 901 1400 poeta
926 1314 1049 1381 servat
1078 1307 1259 1401 optimum
1284 1307 1476 1401 ordinem3
1508 1328 1594 1381 nam
1625 1308 1712 1404 guia
1744 1307 1838 1402 parit

668 1423 854 1499 luxuriam
881 1432 1070 1521 tamquam
1098 1426 1170 1500 iiiia
1195 1434 1355 1503 matrem
1381 1428 1566 1501 ioveutem
1591 1448 1643 1522 se,
1664 1434 1701 1502 et
1721 1428 1839 1501 couti·

669 1564 746 1618 nuo
770 1567 856 1619 cum
883 1545 1003 1620 deficit
1030 1546 1267 1621 refoventem.
1292 1546 1378 1621 Ideo
1403 1548 1498 1622 bene
1523 1554 1604 1643 post
1627 1548 1753 1643 gulam
1779 1567 1838 1621 se-

669 1664 795 1757 quitur
821 1665 980 1759 luxuria,
1008 1672 1045 1739 et
1071 1666 1108 1738 iu
1133 1671 1295 1760 utraque
1320 1672 1376 1741 est
1401 1666 1524 1741 brevis
1548 1666 1749 1761 delectatio,
1775 1667 1837 1741 sed

668 1783 776 1880 ionga
801 1784 938 1879 passio;
965 1791 1114 1859 etcum
1139 1785 1210 1859 sint
1234 1786 1359 1860 omnia
1377 1786 1464 1861 vitia
1493 1786 1675 1883 graviora,
1693 1786 1835 1860 uuiium

668 1909 723 1979 est
748 1904 854 1979 vilius
878 1906 966 2001 guia
992 1912 1029 1979 et
1053 1906 1277 1980 luxuria-
1292 1909 1403 1995 Quioi.
1436 1907 1500 1981 iiic
1530 1913 1637 2002 poeta
1665 1906 1834 1982 describit

667 2044 815 2120 poeuam
841 2026 1092 2123 purgatoriam
1111 2026 1388 2101 luxuriosorum
1407 2028 1444 2100 iu
1463 2028 1637 2123 generali.
1656 2029 1700 2101 Et
1715 2030 1762 2103 ad
1780 2028 1837 2102 iu-

669 2145 900 2242 telligeudam
920 2147 1019 2222 clare
1039 2146 1197 2221 formam
1223 2147 1326 2221 istius
1351 2168 1470 2242 poeuae
1496 2148 1607 2223 debes
1632 2148 1834 2245 imaginari,

669 2267 768 2360 quod
793 2274 900 2361 poeta
926 2266 1028 2363 tingit
1053 2268 1152 2361 quod
1177 2268 1355 2342 luxuriosi
1377 2270 1580 2364 puniuntur
1605 2270 1641 2342 in
1668 2270 1726 2343 via
1751 2288 1835 2363 quae

668 2386 872 2461 circumdat
910 2394 1091 2480 montem,
1131 2408 1242 2480 quam
1286 2387 1419 2463 totiens
1457 2390 1599 2464 vocavit
1637 2388 1833 2463 cornicem.

668 2504 768 2581 Sicut
784 2498 821 2599 (¹)
847 2506 945 2581 euim
971 2512 1069 2601 patet
1095 2526 1141 2581 ex
1167 2507 1383 2601 saepedictis
1403 2507 1462 2582 via
1480 2508 1548 2582 ista
1569 2508 1680 2583 habet
1695 2507 1743 2582 ab
1760 2527 1834 2580 uua

669 2631 774 2721 parte
810 2626 925 2721 ripam
951 2626 1186 2719 exteriorem,
1214 2628 1311 2701 unde
1340 2629 1452 2701 homo
1481 2634 1599 2721 potest
1631 2647 1761 2721 ruere;
1786 2646 1834 2701 ex

666 2747 737 2822 alia
762 2753 866 2843 parte
891 2748 1002 2821 hahet
1027 2753 1190 2821 montem
1217 2747 1294 2822 sive
1314 2748 1432 2842 ripam
1449 2748 1661 2822 interiorem
1680 2746 1833 2820 montis:

651 2868 777 2943 modo
801 2890 824 2943 a
849 2870 964 2944 latere
994 2868 1127 2942 montis
1151 2868 1265 2963 spirat
1294 2869 1443 2942 flamma
1473 2869 1566 2965 iguis
1594 2868 1765 2959 ardentis,
1795 2874 1833 2941 et

665 2995 797 3063 ventus
823 2988 971 3083 quidam
1003 2989 1039 3061 iu
1071 2990 1276 3084 oppositum
1308 2990 1460 3065 reflectit
1491 2989 1677 3063 flammam
1703 2994 1832 3062 contra

665 3116 840 3203 montem,
862 3110 911 3183 ita
937 3108 1035 3203 quod
1061 3110 1157 3182 viam
1190 3109 1275 3183 iacit
1303 3093 1460 3183 transire
1493 3108 1709 3201 volentibus,
1734 3106 1832 3181 uude

664 3230 723 3304 via
749 3250 862 3323 parva
889 3237 925 3304 et
950 3236 1052 3303 arcta
1078 3240 1245 3305 remanet
1262 3248 1309 3303 ex
1326 3229 1442 3304 latere
1458 3239 1597 3323 aperto.
1617 3228 1670 3302 Ad
1687 3227 1830 3303 literam

664 3368 755 3445 ergo
776 3348 861 3423 dicit
886 3356 1013 3443 poeta:
1044 3352 1157 3440 Qoioi,
1178 3349 1324 3441 scilicet,
1344 3349 1383 3421 iu
1408 3349 1477 3423 isto
1501 3348 1639 3423 circuio
1664 3347 1829 3442 septimo,

665 3470 703 3541 ia
726 3470 822 3560 ripa,
848 3467 992 3560 scilicet,
1019 3468 1183 3561 interior,
1208 3468 1374 3557 totamm,
1400 3468 1491 3542 idest
1521 3468 1663 3561 emittit,
1685 3471 1833 3561 flamma

663 3590 703 3661 in
730 3592 827 3682 soor,
857 3587 952 3663 iutra
986 3610 1099 3681 quam
1130 3588 1369 3662 includuntur
1393 3588 1553 3682 spiritus,
1579 3610 1599 3661 e
1627 3592 1665 3661 la
1693 3590 1831 3661 corroso

664 3712 764 3800 spiro
785 3712 871 3800 ficto
896 3710 933 3779 io
958 3728 1052 3799 soso,
1077 3708 1180 3801 idest,
1201 3708 1333 3782 emittit
1350 3714 1502 3783 rentum
1521 3708 1724 3783 violentum
1742 3727 1832 3781 oon-

665 3834 722 3904 tra
748 3828 947 3921 flammam,
972 3830 1044 3921 cie,
1073 3828 1175 3921 idest,
1193 3828 1256 3923 qui
1274 3834 1418 3921 ventus,
1436 3832 1474 3901 ta
1496 3832 1629 3922 tinette,
1649 3828 1752 3922 idest,
1771 3846 1831 3901 re·

665 3955 811 4041 torquet
837 3948 951 4043 ipsam
977 3948 1178 4041 flammam,
1204 3955 1434 4039 essecestra,
1454 3948 1557 4041 idest,
1574 3947 1700 4021 dividit
1718 3953 1756 4022 et
1771 3966 1831 4021 se-

664 4075 779 4163 parat,
804 4072 862 4143 oio
887 4070 936 4141 da
961 4070 1016 4160 tei,
1042 4067 1188 4161 scilicet,
1206 4068 1254 4141 ab
1271 4067 1346 4162 ipsa
1363 4068 1524 4161 damma,
1542 4067 1592 4141 ita
1613 4066 1829 4161 quodpiam

662 4188 807 4263 dimittit
839 4210 906 4284 pro
940 4188 1117 4281 transitu3
1152 4188 1234 4262 ideo
1266 4186 1406 4261 subdit:
1438 4190 1519 4260 ond'
1532 4189 1567 4260 tr
1595 4207 1640 4259 ne
1662 4189 1829 4259 concordo

663 4314 727 4385 dot
749 4314 820 4385 toto
844 4314 990 4403 somaro,
1016 4308 1164 4403 scilicet,
1188 4308 1406 4403 extrinseco,
1432 4308 1495 4382 ubi
1521 4308 1622 4381 uuila
1647 4315 1702 4382 est
1726 4308 1830 4382 clau·

662 4452 751 4505 sura
768 4431 877 4524 muri,
896 4430 1011 4526 saepis,
1029 4430 1087 4504 vei
1113 4430 1202 4523 saxi,
1224 4450 1249 4501 a
1272 4449 1342 4501 ono
1368 4449 1392 4500 a
1416 4449 1501 4518 utto,
1517 4433 1555 4503 et
1580 4447 1654 4500 nou
1676 4426 1750 4501 duo
1770 4426 1828 4501 vei

662 4558 737 4625 tres
763 4552 891 4646 simu13
918 4551 967 4625 ita
993 4550 1093 4644 quod
1117 4550 1185 4625 iste
1214 4548 1314 4623 callis
1344 4549 1502 4623 habebat
1533 4547 1652 4622 solum
1685 4553 1825 4621 tautum

663 4670 871 4765 latitudinis
889 4671 988 4765 quod
1009 4670 1068 4743 vix
1095 4676 1239 4765 poterat
1264 4670 1319 4743 ire
1344 4671 1455 4743 homo
1480 4669 1598 4761 solus;
1625 4669 1707 4743 ideo
1732 4668 1829 4740 mul-

711 4894 755 5000 Ι(’)
770 4936 796 4987 S.
812 4949 829 4987 c
843 4935 874 4987 E.
891 4936 963 4987 Sicut
977 4940 1064 4987 autem
1080 4940 1159 4999 patet
