4342 6692
710 876 782 947 itt
1102 890 1307 946 couauruu
1332 892 1498 947 rancum

775 1314 941 1385 CANTUS
964 1312 1166 1397 QUINTUS,
1190 1316 1226 1379 in
1248 1332 1307 1397 pcc
1329 1312 1430 1379 mrito
1452 1312 1656 1379 declarantur
1677 1314 1716 1383 dc
1741 1320 1819 1396 coto,

923 1434 954 1494 ct
968 1428 1105 1510 ponetur
1127 1444 1275 1491 ascensus
1296 1425 1333 1490 iu
1354 1444 1480 1507 speram
1502 1422 1669 1492 Mercurii.

852 1662 918 1831 'ro
945 1759 1210 1849 tificmmeppio
1230 1759 1288 1830 uei
1310 1758 1413 1831 ceddo
1437 1758 1608 1829 d'cmore.
1627 1756 1824 1851 Postquam
1840 1753 1879 1851 (⁸)

706 1878 947 1975 insuperiori
974 1877 1133 1973 capitulo
1159 1876 1376 1973 precedenti
1410 1882 1490 1971 post
1520 1875 1594 1949 duo
1623 1876 1734 1951 dubia
1759 1878 1876 1953 soluta

707 2000 823 2075 movit
848 2020 966 2073 unum
991 1999 1142 2075 tertium
1169 1997 1322 2072 dubium
1350 1997 1447 2072 circa
1473 1996 1584 2070 tinem
1610 1996 1647 2071 in
1673 1996 1767 2071 iacto
1792 1999 1877 2092 voti,

706 2140 805 2195 nune
829 2126 1098 2215 consequenter
1119 2119 1156 2191 iu
1173 2118 1241 2192 isto
1258 2117 1289 2189 V
1309 2118 1469 2211 capituto
1485 2124 1684 2213 pertractat
1701 2118 1788 2191 iliud
1807 2118 1878 2192 du-

705 2239 820 2333 bium,
846 2246 885 2313 et
908 2237 1079 2314 describit
1104 2256 1215 2311 suum
1240 2256 1433 2311 ascensum
1460 2237 1506 2311 ad
1525 2257 1671 2331 speram
1697 2238 1875 2312 Mercurii.

705 2484 828 2574 partes
853 2479 1064 2574 generales3
1091 2478 1127 2550 in
1154 2497 1312 2571 quarum
1341 2476 1457 2571 prima
1483 2484 1593 2553 autor
1612 2478 1768 2553 ostendit
1785 2490 1878 2573 qua-

705 2598 788 2673 liter
813 2598 958 2673 Beatrix
985 2597 1092 2671 solvit
1116 2597 1270 2672 dubium
1297 2597 1334 2669 in
1359 2598 1533 2693 generali.
1560 2596 1600 2671 in
1633 2599 1790 2673 secunm
1817 2620 1877 2675 rc-

706 2725 831 2794 movet
854 2718 1116 2794 dubitationem
1144 2723 1180 2793 et
1204 2718 1289 2792 iacit
1305 2718 1589 2793 declarationem
1608 2719 1705 2793 circa
1725 2719 1876 2795 solutio·

705 2860 791 2915 nem
817 2839 962 2933 iactam,
980 2838 1048 2912 ibi:
1071 2843 1121 2911 Tu
1137 2840 1184 2911 sc
1197 2840 1301 2911 omci.
1321 2839 1360 2911 ln
1378 2838 1485 2912 tertia
1501 2838 1564 2912 dat
1581 2860 1696 2913 unum
1715 2839 1876 2914 salutare

704 2968 744 3036 et
768 2961 858 3035 utile
873 2961 1138 3036 documentum
1155 2958 1252 3033 circa
1271 2959 1463 3033 materiam
1483 2958 1568 3053 voti,
1586 2959 1654 3033 ibi:
1675 2964 1754 3033 Nou
1764 2981 1876 3053 pren·

578 3085 580 3088 ’
704 3084 811 3157 dano.
837 3083 876 3155 ln
902 3087 1035 3175 quarta
1061 3087 1098 3155 et
1123 3080 1251 3153 ultima
1279 3079 1390 3152 intrat
1412 3099 1545 3154 novam
1568 3080 1760 3155 materiam
1779 3082 1874 3156 ider·

702 3202 808 3295 curii,
833 3200 901 3274 ibi:
931 3193 1008 3273 t'osi
1033 3203 1200 3273 Bcctrt‘ce.
1226 3199 1280 3273 Ad
1306 3199 1467 3293 primum
1495 3200 1645 3275 veniens
1669 3200 1749 3275 dico
1775 3202 1872 3295 quod

701 3327 812 3397 autor
846 3326 1044 3415 pertractat
1073 3320 1169 3395 istud
1200 3319 1353 3394 dubium
1387 3319 1627 3417 ingenerati,
1658 3322 1721 3396 sed
1754 3322 1873 3417 primo
1943 3387 1946 3391 ,

702 3441 819 3539 tangit
843 3442 978 3515 bonam
1006 3440 1275 3535 dispositionem
1301 3440 1474 3515 Beatricis
1500 3447 1537 3515 et
1562 3442 1636 3535 sui;
1663 3441 1760 3515 unde
1783 3461 1872 3516 con-

703 3561 850 3636 tinuans
874 3560 969 3635 dicta
994 3559 1153 3634 dicendis
1179 3559 1374 3635 introducit
1403 3560 1516 3665 ipsam
1548 3561 1764 3654 beatricem,
1787 3582 1872 3654 quae

704 3682 819 3778 tangit
843 3699 993 3755 causam
1011 3699 1130 3774 quare
1146 3681 1365 3775 oppresserit
1383 3701 1470 3757 euru
1494 3681 1681 3757 nimietate
1706 3681 1873 3777 splendo-

703 3803 765 3897 ris,
790 3807 828 3876 et
853 3801 975 3895 incipit
999 3800 1071 3875 sic:
1098 3803 1181 3874 dio
1201 3805 1227 3874 ti
1247 3804 1483 3894 ficmmcppio,
1501 3802 1603 3898 idest,
1629 3802 1815 3877 inflammo
1835 3808 1873 3875 te

702 3921 813 3998 radiis
837 3920 1022 4016 sapientiae
1053 3940 1159 4013 meae,
1185 3924 1243 3995 uei
1270 3925 1372 3996 cetdo
1403 3924 1581 4014 d’cmore,
1611 3922 1714 4017 idest,
1744 3940 1872 3996 amore

701 4040 855 4134 ardenti,
870 4040 1003 4134 divino,
1016 4042 1054 4113 di
1070 4030 1106 4114 td
1123 4042 1187 4114 dci
1201 4044 1306 4116 uredo
1322 4045 1425 4116 ctc'n
1445 4050 1544 4116 terro
1559 4045 1591 4115 si
1606 4044 1690 4115 cede
1703 4034 1753 4135 (²),
1767 4041 1872 4135 quasi

701 4160 815 4236 dicat:
846 4160 944 4234 ultra
970 4179 1113 4234 morem
1142 4161 1361 4255 humanum,
1385 4162 1471 4256 quia
1497 4162 1578 4235 tatis
1604 4160 1773 4255 splendor
1798 4179 1871 4234 nou

600 4325 604 4333 ·
700 4281 886 4357 invenitur
911 4281 949 4354 in
974 4281 1093 4376 terris,
1118 4273 1149 4354 si
1172 4284 1232 4355 cte
1256 4285 1349 4373 depti
1372 4284 1468 4357 cccii
1491 4285 1563 4356 broi
1581 4284 1681 4355 vinco
1697 4284 1723 4355 'i
1736 4283 1871 4371 calore,

699 4401 802 4495 idest,
830 4402 1005 4476 virtutem
1030 4406 1068 4474 et
1093 4401 1292 4495 potentiam
1320 4402 1484 4495 visivam,
1502 4401 1596 4475 sicut
1613 4400 1729 4495 patuit
1745 4400 1782 4473 iu
1799 4401 1872 4475 bne

700 4519 847 4617 capituli
873 4519 1122 4615 precedentis,
1138 4542 1210 4594 non
1230 4524 1257 4594 ti
1274 4523 1524 4613 marocipiicr,
1541 4520 1646 4615 quasi
1672 4518 1778 4613 dicat,
1799 4539 1872 4593 non

699 4640 812 4717 debes
837 4640 977 4734 mirari,
1004 4639 1061 4714 vel
1092 4640 1261 4716 dubitare
1286 4642 1332 4716 de
1357 4643 1447 4736 hoc3
1478 4636 1541 4715 etc*
1566 4631 1619 4714 eid
1640 4642 1792 4732 procede
1824 4640 1874 4713 cc

696 4765 845 4855 perfetto
870 4762 1006 4854 cedere,
1034 4760 1239 4836 intellectus
1264 4761 1443 4856 depurati,
1469 4764 1529 4835 cte
1559 4765 1655 4834 cortic
1679 4762 1871 4852 cpprcrcdc,

762 4948 792 5011 (¹)
810 4948 841 4999 E.
857 4949 998 5013 Postquam
1013 4955 1092 4999 autor
1107 4948 1133 4997 iu
1150 4947 1277 5010 superiori
1293 4954 1379 4999 cantu.
1443 4990 1444 4995 ,

763 5024 793 5087 (¹)
808 5024 839 5075 B.
855 5026 923 5084 ude,
940 5025 1006 5077 idest
1020 5025 1092 5076 nitra
1108 5038 1209 5076 morem
1226 5024 1378 5087 humanum,
1395 5026 1468 5090 quest
1483 5026 1560 5087 dicat,
1577 5023 1644 5089 quia.
