<?xml version="1.0" encoding="UTF-8"?>
<!DOCTYPE html PUBLIC "-//W3C//DTD XHTML 1.0 Transitional//EN"
    "http://www.w3.org/TR/xhtml1/DTD/xhtml1-transitional.dtd">
<html xmlns="http://www.w3.org/1999/xhtml" xml:lang="en" lang="en">
 <head>
  <title>
</title>
<meta http-equiv="Content-Type" content="text/html;charset=utf-8" />
  <meta name='ocr-system' content='tesseract 3.04.00' />
  <meta name='ocr-capabilities' content='ocr_page ocr_carea ocr_par ocr_line ocrx_word'/>
</head>
<body>
  <div class='ocr_page' id='page_1' title='image "benevenutideram01lacagoog_0263.png"; bbox 0 0 4342 6692; ppageno 0'>
   <div class='ocr_carea' id='block_1_1' title="bbox 599 902 1482 970">
    <p class='ocr_par' dir='ltr' id='par_1_1' title="bbox 599 902 1482 970">
     <span class='ocr_line' id='line_1_1' title="bbox 599 902 1482 970; baseline 0.005 -4"><span class='ocrx_word' id='word_1_1' title='bbox 599 911 739 967; x_wconf 78' lang='lat' dir='ltr'><strong>cunnus</strong></span> <span class='ocrx_word' id='word_1_2' title='bbox 763 913 979 970; x_wconf 76' lang='lat' dir='ltr'><strong>sarcasmus</strong></span> <span class='ocrx_word' id='word_1_3' title='bbox 1003 912 1198 968; x_wconf 79' lang='lat' dir='ltr'><strong>secunnus.</strong></span> <span class='ocrx_word' id='word_1_4' title='bbox 1411 902 1482 970; x_wconf 80' lang='lat'><strong>253</strong></span> 
     </span>
    </p>
   </div>
   <div class='ocr_carea' id='block_1_2' title="bbox 311 1053 1486 1517">
    <p class='ocr_par' dir='ltr' id='par_1_2' title="bbox 311 1053 1486 1517">
     <span class='ocr_line' id='line_1_2' title="bbox 311 1053 1486 1155; baseline 0 -21"><span class='ocrx_word' id='word_1_5' title='bbox 311 1059 405 1134; x_wconf 90' lang='lat' dir='ltr'><strong>tium</strong></span> <span class='ocrx_word' id='word_1_6' title='bbox 430 1059 468 1132; x_wconf 92' lang='lat' dir='ltr'><strong>in</strong></span> <span class='ocrx_word' id='word_1_7' title='bbox 493 1059 643 1152; x_wconf 85' lang='lat' dir='ltr'><strong>ooelum,</strong></span> <span class='ocrx_word' id='word_1_8' title='bbox 661 1061 712 1131; x_wconf 83' lang='lat' dir='ltr'><strong>mi</strong></span> <span class='ocrx_word' id='word_1_9' title='bbox 729 1053 894 1150; x_wconf 78' lang='lat' dir='ltr'><strong>spuarcid</strong></span> <span class='ocrx_word' id='word_1_10' title='bbox 912 1061 1029 1132; x_wconf 68' lang='lat' dir='ltr'><strong>riveto</strong></span> <span class='ocrx_word' id='word_1_11' title='bbox 1048 1060 1107 1132; x_wconf 85' lang='lat' dir='ltr'><strong>det</strong></span> <span class='ocrx_word' id='word_1_12' title='bbox 1119 1080 1245 1154; x_wconf 84' lang='lat' dir='ltr'><strong>sonno,</strong></span> <span class='ocrx_word' id='word_1_13' title='bbox 1267 1059 1361 1134; x_wconf 88' lang='lat' dir='ltr'><strong>idest</strong></span> <span class='ocrx_word' id='word_1_14' title='bbox 1388 1059 1486 1155; x_wconf 90' lang='lat' dir='ltr'><strong>rupit</strong></span> 
     </span>
     <span class='ocr_line' id='line_1_3' title="bbox 311 1178 1486 1275; baseline -0.002 -21"><span class='ocrx_word' id='word_1_15' title='bbox 311 1180 400 1255; x_wconf 89' lang='lat' dir='ltr'><strong>mihi</strong></span> <span class='ocrx_word' id='word_1_16' title='bbox 425 1199 609 1273; x_wconf 92' lang='lat' dir='ltr'><strong>somnum,</strong></span> <span class='ocrx_word' id='word_1_17' title='bbox 631 1179 731 1273; x_wconf 89' lang='lat' dir='ltr'><strong>quod</strong></span> <span class='ocrx_word' id='word_1_18' title='bbox 756 1179 902 1254; x_wconf 83' lang='lat' dir='ltr'><strong>velabat</strong></span> <span class='ocrx_word' id='word_1_19' title='bbox 924 1178 1010 1253; x_wconf 90' lang='lat' dir='ltr'><strong>mihi</strong></span> <span class='ocrx_word' id='word_1_20' title='bbox 1029 1179 1161 1275; x_wconf 86' lang='lat' dir='ltr'><strong>visum,</strong></span> <span class='ocrx_word' id='word_1_21' title='bbox 1179 1187 1213 1253; x_wconf 85' lang='lat' dir='ltr'><strong>ct</strong></span> <span class='ocrx_word' id='word_1_22' title='bbox 1237 1202 1286 1254; x_wconf 84' lang='lat' dir='ltr'><strong>un</strong></span> <span class='ocrx_word' id='word_1_23' title='bbox 1303 1184 1486 1274; x_wconf 83' lang='lat' dir='ltr'><strong>otiamur,-</strong></span> 
     </span>
     <span class='ocr_line' id='line_1_4' title="bbox 311 1299 1483 1396; baseline -0.001 -21"><span class='ocrx_word' id='word_1_24' title='bbox 311 1302 390 1375; x_wconf 83' lang='lat' dir='ltr'><strong>haec</strong></span> <span class='ocrx_word' id='word_1_25' title='bbox 413 1306 494 1375; x_wconf 90' lang='lat' dir='ltr'><strong>erat</strong></span> <span class='ocrx_word' id='word_1_26' title='bbox 518 1321 591 1375; x_wconf 82' lang='lat' dir='ltr'><strong>vox</strong></span> <span class='ocrx_word' id='word_1_27' title='bbox 617 1299 793 1375; x_wconf 87' lang='lat' dir='ltr'><strong>Mathildis</strong></span> <span class='ocrx_word' id='word_1_28' title='bbox 816 1300 985 1375; x_wconf 88' lang='lat' dir='ltr'><strong>dicentis:</strong></span> <span class='ocrx_word' id='word_1_29' title='bbox 1003 1303 1116 1392; x_wconf 80' lang='lat' dir='ltr'><strong>surpi,</strong></span> <span class='ocrx_word' id='word_1_30' title='bbox 1134 1303 1193 1377; x_wconf 84' lang='lat' dir='ltr'><strong>cde</strong></span> <span class='ocrx_word' id='word_1_31' title='bbox 1206 1305 1288 1396; x_wconf 83' lang='lat' dir='ltr'><strong>sai?</strong></span> <span class='ocrx_word' id='word_1_32' title='bbox 1305 1302 1409 1396; x_wconf 84' lang='lat' dir='ltr'>quasi</span> <span class='ocrx_word' id='word_1_33' title='bbox 1428 1299 1483 1374; x_wconf 95' lang='lat' dir='ltr'><strong>di-</strong></span> 
     </span>
     <span class='ocr_line' id='line_1_5' title="bbox 311 1420 1484 1517; baseline -0.001 -20"><span class='ocrx_word' id='word_1_34' title='bbox 311 1427 381 1516; x_wconf 89' lang='lat' dir='ltr'><strong>cat,</strong></span> <span class='ocrx_word' id='word_1_35' title='bbox 408 1440 481 1495; x_wconf 92' lang='lat' dir='ltr'><strong>non</strong></span> <span class='ocrx_word' id='word_1_36' title='bbox 506 1421 737 1516; x_wconf 89' lang='lat' dir='ltr'><strong>estamplius</strong></span> <span class='ocrx_word' id='word_1_37' title='bbox 764 1428 909 1517; x_wconf 91' lang='lat' dir='ltr'><strong>tempus</strong></span> <span class='ocrx_word' id='word_1_38' title='bbox 925 1420 1141 1516; x_wconf 91' lang='lat' dir='ltr'><strong>dormiendi,</strong></span> <span class='ocrx_word' id='word_1_39' title='bbox 1159 1422 1336 1517; x_wconf 84' lang='lat' dir='ltr'><strong>quiajam</strong></span> <span class='ocrx_word' id='word_1_40' title='bbox 1358 1421 1484 1496; x_wconf 89' lang='lat' dir='ltr'><strong>militia</strong></span> 
     </span>
    </p>
   </div>
   <div class='ocr_carea' id='block_1_3' title="bbox 201 1539 1485 1638">
    <p class='ocr_par' dir='ltr' id='par_1_3' title="bbox 201 1539 1485 1638">
     <span class='ocr_line' id='line_1_6' title="bbox 201 1539 1485 1638; baseline -0.002 -21"><span class='ocrx_word' id='word_1_41' title='bbox 201 1539 204 1542; x_wconf 72' lang='grc'><strong><em>’</em></strong></span> <span class='ocrx_word' id='word_1_42' title='bbox 311 1543 372 1617; x_wconf 93' lang='lat' dir='ltr'><strong>illa</strong></span> <span class='ocrx_word' id='word_1_43' title='bbox 389 1547 513 1616; x_wconf 89' lang='lat' dir='ltr'><strong>sancta</strong></span> <span class='ocrx_word' id='word_1_44' title='bbox 532 1541 715 1616; x_wconf 85' lang='lat' dir='ltr'><strong>rediverat</strong></span> <span class='ocrx_word' id='word_1_45' title='bbox 727 1543 764 1615; x_wconf 95' lang='lat' dir='ltr'><strong>in</strong></span> <span class='ocrx_word' id='word_1_46' title='bbox 782 1542 918 1616; x_wconf 88' lang='lat' dir='ltr'><strong>coelum</strong></span> <span class='ocrx_word' id='word_1_47' title='bbox 938 1548 1018 1638; x_wconf 91' lang='lat' dir='ltr'><strong>post</strong></span> <span class='ocrx_word' id='word_1_48' title='bbox 1034 1543 1229 1638; x_wconf 84' lang='lat' dir='ltr'>gryphum.</span> <span class='ocrx_word' id='word_1_49' title='bbox 1251 1542 1295 1616; x_wconf 82' lang='lat' dir='ltr'><strong>Et</strong></span> <span class='ocrx_word' id='word_1_50' title='bbox 1315 1542 1374 1617; x_wconf 90' lang='lat' dir='ltr'><strong>hic</strong></span> <span class='ocrx_word' id='word_1_51' title='bbox 1397 1548 1485 1615; x_wconf 89' lang='lat' dir='ltr'><strong>nota</strong></span> 
     </span>
    </p>
   </div>
   <div class='ocr_carea' id='block_1_4' title="bbox 310 1655 1486 2478">
    <p class='ocr_par' dir='ltr' id='par_1_4' title="bbox 310 1655 1486 2478">
     <span class='ocr_line' id='line_1_7' title="bbox 311 1655 1484 1756; baseline -0.003 -20"><span class='ocrx_word' id='word_1_52' title='bbox 311 1661 411 1756; x_wconf 85' lang='lat' dir='ltr'><strong>quod</strong></span> <span class='ocrx_word' id='word_1_53' title='bbox 437 1668 544 1756; x_wconf 90' lang='lat' dir='ltr'><strong>poeta</strong></span> <span class='ocrx_word' id='word_1_54' title='bbox 571 1681 675 1736; x_wconf 92' lang='lat' dir='ltr'><strong>more</strong></span> <span class='ocrx_word' id='word_1_55' title='bbox 699 1681 768 1735; x_wconf 94' lang='lat' dir='ltr'><strong>suo</strong></span> <span class='ocrx_word' id='word_1_56' title='bbox 793 1661 940 1754; x_wconf 89' lang='lat' dir='ltr'><strong>quando</strong></span> <span class='ocrx_word' id='word_1_57' title='bbox 966 1660 1045 1735; x_wconf 89' lang='lat' dir='ltr'><strong>vult</strong></span> <span class='ocrx_word' id='word_1_58' title='bbox 1068 1661 1276 1738; x_wconf 83' lang='lat' dir='ltr'><strong>describere</strong></span> <span class='ocrx_word' id='word_1_59' title='bbox 1290 1655 1327 1755; x_wconf 77' lang='lat'><strong>(¹)</strong></span> <span class='ocrx_word' id='word_1_60' title='bbox 1346 1659 1484 1755; x_wconf 85' lang='lat' dir='ltr'><strong>aliquid</strong></span> 
     </span>
     <span class='ocr_line' id='line_1_8' title="bbox 312 1781 1484 1879; baseline -0.002 -23"><span class='ocrx_word' id='word_1_61' title='bbox 312 1782 482 1879; x_wconf 90' lang='lat' dir='ltr'><strong>pulcrum</strong></span> <span class='ocrx_word' id='word_1_62' title='bbox 510 1782 556 1856; x_wconf 93' lang='lat' dir='ltr'><strong>de</strong></span> <span class='ocrx_word' id='word_1_63' title='bbox 581 1801 689 1876; x_wconf 84' lang='lat' dir='ltr'><strong>novo,</strong></span> <span class='ocrx_word' id='word_1_64' title='bbox 713 1781 814 1878; x_wconf 79' lang='lat' dir='ltr'><strong>lingit</strong></span> <span class='ocrx_word' id='word_1_65' title='bbox 834 1781 953 1876; x_wconf 93' lang='lat' dir='ltr'><strong>primo</strong></span> <span class='ocrx_word' id='word_1_66' title='bbox 970 1801 1010 1856; x_wconf 92' lang='lat' dir='ltr'><strong>se</strong></span> <span class='ocrx_word' id='word_1_67' title='bbox 1034 1782 1208 1876; x_wconf 92' lang='lat' dir='ltr'><strong>dormire,</strong></span> <span class='ocrx_word' id='word_1_68' title='bbox 1226 1782 1356 1856; x_wconf 93' lang='lat' dir='ltr'><strong>deinde</strong></span> <span class='ocrx_word' id='word_1_69' title='bbox 1374 1782 1411 1856; x_wconf 95' lang='lat' dir='ltr'><strong>in</strong></span> <span class='ocrx_word' id='word_1_70' title='bbox 1428 1781 1484 1854; x_wconf 94' lang='lat' dir='ltr'><strong>di-</strong></span> 
     </span>
     <span class='ocr_line' id='line_1_9' title="bbox 311 1900 1485 1998; baseline -0.002 -22"><span class='ocrx_word' id='word_1_71' title='bbox 311 1903 436 1977; x_wconf 90' lang='lat' dir='ltr'><strong>luculo</strong></span> <span class='ocrx_word' id='word_1_72' title='bbox 452 1901 638 1998; x_wconf 82' lang='lat' dir='ltr'><strong>evigilare.</strong></span> <span class='ocrx_word' id='word_1_73' title='bbox 652 1941 702 1955; x_wconf 93' lang='lat'><strong>--</strong></span> <span class='ocrx_word' id='word_1_74' title='bbox 718 1904 829 1990; x_wconf 79' lang='lat' dir='ltr'><strong>Quali.</strong></span> <span class='ocrx_word' id='word_1_75' title='bbox 848 1901 912 1975; x_wconf 88' lang='lat' dir='ltr'><strong>llio</strong></span> <span class='ocrx_word' id='word_1_76' title='bbox 930 1908 1037 1996; x_wconf 89' lang='lat' dir='ltr'><strong>poeta</strong></span> <span class='ocrx_word' id='word_1_77' title='bbox 1054 1900 1211 1976; x_wconf 78' lang='lat' dir='ltr'><strong>ostendit</strong></span> <span class='ocrx_word' id='word_1_78' title='bbox 1229 1903 1385 1997; x_wconf 83' lang='lat' dir='ltr'><strong>qualiter</strong></span> <span class='ocrx_word' id='word_1_79' title='bbox 1405 1901 1485 1976; x_wconf 87' lang='lat' dir='ltr'><strong>eri·</strong></span> 
     </span>
     <span class='ocr_line' id='line_1_10' title="bbox 310 2020 1486 2120; baseline -0.001 -24"><span class='ocrx_word' id='word_1_80' title='bbox 310 2022 478 2120; x_wconf 78' lang='lat' dir='ltr'><strong>gilaverit</strong></span> <span class='ocrx_word' id='word_1_81' title='bbox 503 2028 540 2096; x_wconf 89' lang='lat' dir='ltr'><strong>et</strong></span> <span class='ocrx_word' id='word_1_82' title='bbox 565 2021 653 2116; x_wconf 88' lang='lat' dir='ltr'><strong>quid</strong></span> <span class='ocrx_word' id='word_1_83' title='bbox 677 2020 809 2097; x_wconf 81' lang='lat' dir='ltr'><strong>viderit</strong></span> <span class='ocrx_word' id='word_1_84' title='bbox 833 2041 900 2116; x_wconf 93' lang='lat' dir='ltr'><strong>per</strong></span> <span class='ocrx_word' id='word_1_85' title='bbox 916 2021 1075 2096; x_wconf 89' lang='lat' dir='ltr'><strong>nobilem</strong></span> <span class='ocrx_word' id='word_1_86' title='bbox 1098 2023 1420 2116; x_wconf 81' lang='lat' dir='ltr'><strong>comparationem.</strong></span> <span class='ocrx_word' id='word_1_87' title='bbox 1440 2021 1486 2095; x_wconf 83' lang='lat' dir='ltr'><strong>nt</strong></span> 
     </span>
     <span class='ocr_line' id='line_1_11' title="bbox 311 2141 1486 2236; baseline -0.003 -18"><span class='ocrx_word' id='word_1_88' title='bbox 311 2145 391 2218; x_wconf 87' lang='lat' dir='ltr'><strong>vult</strong></span> <span class='ocrx_word' id='word_1_89' title='bbox 415 2142 675 2218; x_wconf 83' lang='lat' dir='ltr'><strong>sententialiter</strong></span> <span class='ocrx_word' id='word_1_90' title='bbox 692 2141 827 2236; x_wconf 89' lang='lat' dir='ltr'><strong>dicere,</strong></span> <span class='ocrx_word' id='word_1_91' title='bbox 849 2141 948 2236; x_wconf 89' lang='lat' dir='ltr'><strong>quod</strong></span> <span class='ocrx_word' id='word_1_92' title='bbox 966 2141 1033 2215; x_wconf 90' lang='lat' dir='ltr'><strong>sihi</strong></span> <span class='ocrx_word' id='word_1_93' title='bbox 1050 2161 1149 2216; x_wconf 90' lang='lat' dir='ltr'><strong>nunc</strong></span> <span class='ocrx_word' id='word_1_94' title='bbox 1165 2142 1295 2217; x_wconf 87' lang='lat' dir='ltr'><strong>accidit</strong></span> <span class='ocrx_word' id='word_1_95' title='bbox 1316 2143 1410 2217; x_wconf 91' lang='lat' dir='ltr'><strong>sicut</strong></span> <span class='ocrx_word' id='word_1_96' title='bbox 1426 2142 1486 2216; x_wconf 92' lang='lat' dir='ltr'><strong>di-</strong></span> 
     </span>
     <span class='ocr_line' id='line_1_12' title="bbox 310 2261 1486 2359; baseline -0.002 -21"><span class='ocrx_word' id='word_1_97' title='bbox 310 2263 457 2359; x_wconf 82' lang='lat' dir='ltr'><strong>scipulis</strong></span> <span class='ocrx_word' id='word_1_98' title='bbox 482 2261 612 2338; x_wconf 87' lang='lat' dir='ltr'><strong>Christi</strong></span> <span class='ocrx_word' id='word_1_99' title='bbox 637 2269 805 2356; x_wconf 87' lang='lat' dir='ltr'><strong>tempore</strong></span> <span class='ocrx_word' id='word_1_100' title='bbox 826 2282 900 2356; x_wconf 89' lang='lat' dir='ltr'><strong>quo</strong></span> <span class='ocrx_word' id='word_1_101' title='bbox 925 2281 966 2336; x_wconf 92' lang='lat' dir='ltr'><strong>se</strong></span> <span class='ocrx_word' id='word_1_102' title='bbox 986 2261 1280 2358; x_wconf 84' lang='lat' dir='ltr'><strong>transfiguravit:</strong></span> <span class='ocrx_word' id='word_1_103' title='bbox 1307 2284 1392 2338; x_wconf 92' lang='lat' dir='ltr'><strong>nam</strong></span> <span class='ocrx_word' id='word_1_104' title='bbox 1417 2283 1486 2337; x_wconf 90' lang='lat' dir='ltr'><strong>ex-</strong></span> 
     </span>
     <span class='ocr_line' id='line_1_13' title="bbox 311 2381 1486 2478; baseline -0.003 -20"><span class='ocrx_word' id='word_1_105' title='bbox 311 2383 443 2458; x_wconf 83' lang='lat' dir='ltr'><strong>citatus</strong></span> <span class='ocrx_word' id='word_1_106' title='bbox 476 2404 499 2458; x_wconf 93' lang='lat' dir='ltr'><strong>a</strong></span> <span class='ocrx_word' id='word_1_107' title='bbox 533 2402 663 2457; x_wconf 93' lang='lat' dir='ltr'><strong>somno</strong></span> <span class='ocrx_word' id='word_1_108' title='bbox 693 2401 779 2456; x_wconf 86' lang='lat' dir='ltr'><strong>curn</strong></span> <span class='ocrx_word' id='word_1_109' title='bbox 813 2389 963 2478; x_wconf 86' lang='lat' dir='ltr'><strong>stupore</strong></span> <span class='ocrx_word' id='word_1_110' title='bbox 992 2381 1081 2455; x_wconf 84' lang='lat' dir='ltr'><strong>uidit</strong></span> <span class='ocrx_word' id='word_1_111' title='bbox 1113 2389 1294 2458; x_wconf 89' lang='lat' dir='ltr'><strong>mutatam</strong></span> <span class='ocrx_word' id='word_1_112' title='bbox 1326 2381 1486 2456; x_wconf 89' lang='lat' dir='ltr'><strong>lormam</strong></span> 
     </span>
    </p>
   </div>
   <div class='ocr_carea' id='block_1_5' title="bbox 312 2500 1485 3080">
    <p class='ocr_par' dir='ltr' id='par_1_5' title="bbox 312 2500 1485 3080">
     <span class='ocr_line' id='line_1_14' title="bbox 312 2500 1485 2595; baseline -0.001 -19"><span class='ocrx_word' id='word_1_113' title='bbox 312 2501 498 2576; x_wconf 90' lang='lat' dir='ltr'><strong>militantis</strong></span> <span class='ocrx_word' id='word_1_114' title='bbox 523 2500 696 2595; x_wconf 84' lang='lat' dir='ltr'><strong>eoelesiae,</strong></span> <span class='ocrx_word' id='word_1_115' title='bbox 723 2501 809 2595; x_wconf 85' lang='lat' dir='ltr'><strong>quia</strong></span> <span class='ocrx_word' id='word_1_116' title='bbox 835 2501 970 2576; x_wconf 85' lang='lat' dir='ltr'><strong>scilieet</strong></span> <span class='ocrx_word' id='word_1_117' title='bbox 1000 2506 1076 2576; x_wconf 91' lang='lat' dir='ltr'><strong>tota</strong></span> <span class='ocrx_word' id='word_1_118' title='bbox 1102 2501 1227 2576; x_wconf 90' lang='lat' dir='ltr'><strong>militia</strong></span> <span class='ocrx_word' id='word_1_119' title='bbox 1253 2501 1349 2576; x_wconf 93' lang='lat' dir='ltr'><strong>illius</strong></span> <span class='ocrx_word' id='word_1_120' title='bbox 1374 2521 1485 2576; x_wconf 84' lang='lat' dir='ltr'><strong>exer·</strong></span> 
     </span>
     <span class='ocr_line' id='line_1_15' title="bbox 312 2621 1484 2719; baseline -0.003 -20"><span class='ocrx_word' id='word_1_121' title='bbox 312 2625 407 2700; x_wconf 89' lang='lat' dir='ltr'><strong>citus</strong></span> <span class='ocrx_word' id='word_1_122' title='bbox 431 2622 667 2719; x_wconf 75' lang='lat' dir='ltr'><strong>precedentis</strong></span> <span class='ocrx_word' id='word_1_123' title='bbox 693 2622 877 2697; x_wconf 90' lang='lat' dir='ltr'><strong>rediverat</strong></span> <span class='ocrx_word' id='word_1_124' title='bbox 902 2621 939 2696; x_wconf 93' lang='lat' dir='ltr'><strong>in</strong></span> <span class='ocrx_word' id='word_1_125' title='bbox 963 2623 1102 2697; x_wconf 86' lang='lat' dir='ltr'><strong>coelum</strong></span> <span class='ocrx_word' id='word_1_126' title='bbox 1120 2629 1201 2718; x_wconf 92' lang='lat' dir='ltr'><strong>post</strong></span> <span class='ocrx_word' id='word_1_127' title='bbox 1217 2622 1401 2698; x_wconf 87' lang='lat' dir='ltr'><strong>Christum</strong></span> <span class='ocrx_word' id='word_1_128' title='bbox 1421 2622 1484 2716; x_wconf 87' lang='lat' dir='ltr'><strong>qui</strong></span> 
     </span>
     <span class='ocr_line' id='line_1_16' title="bbox 313 2733 1485 2839; baseline -0.002 -22"><span class='ocrx_word' id='word_1_129' title='bbox 313 2748 561 2839; x_wconf 82' lang='lat' dir='ltr'><strong>resumpserat</strong></span> <span class='ocrx_word' id='word_1_130' title='bbox 577 2733 613 2834; x_wconf 81' lang='lat'><strong>(²)</strong></span> <span class='ocrx_word' id='word_1_131' title='bbox 640 2761 746 2816; x_wconf 90' lang='lat' dir='ltr'><strong>suam</strong></span> <span class='ocrx_word' id='word_1_132' title='bbox 773 2762 901 2817; x_wconf 85' lang='lat' dir='ltr'><strong>veram</strong></span> <span class='ocrx_word' id='word_1_133' title='bbox 927 2741 1100 2838; x_wconf 81' lang='lat' dir='ltr'><strong>figuram,</strong></span> <span class='ocrx_word' id='word_1_134' title='bbox 1118 2743 1212 2818; x_wconf 90' lang='lat' dir='ltr'><strong>siout</strong></span> <span class='ocrx_word' id='word_1_135' title='bbox 1237 2743 1400 2838; x_wconf 87' lang='lat' dir='ltr'><strong>discipuli</strong></span> <span class='ocrx_word' id='word_1_136' title='bbox 1418 2763 1485 2817; x_wconf 84' lang='lat' dir='ltr'><strong>en·</strong></span> 
     </span>
     <span class='ocr_line' id='line_1_17' title="bbox 312 2862 1485 2960; baseline -0.003 -20"><span class='ocrx_word' id='word_1_137' title='bbox 312 2863 412 2940; x_wconf 89' lang='lat' dir='ltr'><strong>citati</strong></span> <span class='ocrx_word' id='word_1_138' title='bbox 437 2884 525 2938; x_wconf 89' lang='lat' dir='ltr'><strong>oum</strong></span> <span class='ocrx_word' id='word_1_139' title='bbox 550 2871 701 2957; x_wconf 91' lang='lat' dir='ltr'><strong>stupore</strong></span> <span class='ocrx_word' id='word_1_140' title='bbox 726 2862 898 2937; x_wconf 90' lang='lat' dir='ltr'><strong>viderunt</strong></span> <span class='ocrx_word' id='word_1_141' title='bbox 921 2864 1082 2959; x_wconf 85' lang='lat' dir='ltr'><strong>hloysem</strong></span> <span class='ocrx_word' id='word_1_142' title='bbox 1114 2869 1151 2938; x_wconf 92' lang='lat' dir='ltr'><strong>et</strong></span> <span class='ocrx_word' id='word_1_143' title='bbox 1183 2863 1336 2960; x_wconf 87' lang='lat' dir='ltr'><strong>Helyam</strong></span> <span class='ocrx_word' id='word_1_144' title='bbox 1363 2863 1485 2957; x_wconf 91' lang='lat' dir='ltr'><strong>dispa-</strong></span> 
     </span>
     <span class='ocr_line' id='line_1_18' title="bbox 313 2973 1484 3080; baseline -0.001 -21"><span class='ocrx_word' id='word_1_145' title='bbox 313 2986 441 3076; x_wconf 89' lang='lat' dir='ltr'><strong>ruisse,</strong></span> <span class='ocrx_word' id='word_1_146' title='bbox 459 2991 497 3058; x_wconf 90' lang='lat' dir='ltr'><strong>et</strong></span> <span class='ocrx_word' id='word_1_147' title='bbox 512 2982 697 3058; x_wconf 86' lang='lat' dir='ltr'><strong>Christum</strong></span> <span class='ocrx_word' id='word_1_148' title='bbox 717 2983 954 3078; x_wconf 80' lang='lat' dir='ltr'><strong>resumpsisse</strong></span> <span class='ocrx_word' id='word_1_149' title='bbox 966 2973 1002 3076; x_wconf 79' lang='lat'><strong>(³)</strong></span> <span class='ocrx_word' id='word_1_150' title='bbox 1016 2983 1175 3079; x_wconf 90' lang='lat' dir='ltr'><strong>primam</strong></span> <span class='ocrx_word' id='word_1_151' title='bbox 1193 2983 1363 3080; x_wconf 84' lang='lat' dir='ltr'><strong>figuram.</strong></span> <span class='ocrx_word' id='word_1_152' title='bbox 1378 2985 1484 3058; x_wconf 87' lang='lat' dir='ltr'><strong>Nunc</strong></span> 
     </span>
    </p>
   </div>
   <div class='ocr_carea' id='block_1_6' title="bbox 311 3103 1485 4760">
    <p class='ocr_par' dir='ltr' id='par_1_6' title="bbox 311 3103 1485 4760">
     <span class='ocr_line' id='line_1_19' title="bbox 312 3103 1484 3199; baseline -0.001 -20"><span class='ocrx_word' id='word_1_153' title='bbox 312 3104 395 3180; x_wconf 83' lang='lat' dir='ltr'><strong>ride</strong></span> <span class='ocrx_word' id='word_1_154' title='bbox 420 3103 576 3196; x_wconf 85' lang='lat' dir='ltr'><strong>literam,</strong></span> <span class='ocrx_word' id='word_1_155' title='bbox 602 3124 686 3196; x_wconf 86' lang='lat' dir='ltr'><strong>quae</strong></span> <span class='ocrx_word' id='word_1_156' title='bbox 712 3109 767 3177; x_wconf 90' lang='lat' dir='ltr'><strong>est</strong></span> <span class='ocrx_word' id='word_1_157' title='bbox 793 3103 879 3177; x_wconf 89' lang='lat' dir='ltr'><strong>satis</strong></span> <span class='ocrx_word' id='word_1_158' title='bbox 903 3103 1017 3197; x_wconf 83' lang='lat' dir='ltr'><strong>tortis,</strong></span> <span class='ocrx_word' id='word_1_159' title='bbox 1044 3109 1080 3176; x_wconf 90' lang='lat' dir='ltr'><strong>et</strong></span> <span class='ocrx_word' id='word_1_160' title='bbox 1106 3110 1278 3178; x_wconf 86' lang='lat' dir='ltr'><strong>construe</strong></span> <span class='ocrx_word' id='word_1_161' title='bbox 1304 3113 1341 3179; x_wconf 90' lang='lat' dir='ltr'><strong>et</strong></span> <span class='ocrx_word' id='word_1_162' title='bbox 1366 3103 1484 3199; x_wconf 92' lang='lat' dir='ltr'><strong>incipe</strong></span> 
     </span>
     <span class='ocr_line' id='line_1_20' title="bbox 311 3221 1484 3319; baseline -0.002 -21"><span class='ocrx_word' id='word_1_163' title='bbox 311 3225 380 3300; x_wconf 90' lang='lat' dir='ltr'><strong>ihi:</strong></span> <span class='ocrx_word' id='word_1_164' title='bbox 406 3229 448 3297; x_wconf 87' lang='lat' dir='ltr'><strong>lo</strong></span> <span class='ocrx_word' id='word_1_165' title='bbox 465 3227 583 3297; x_wconf 72' lang='lat' dir='ltr'><strong>torum</strong></span> <span class='ocrx_word' id='word_1_166' title='bbox 599 3227 660 3316; x_wconf 85' lang='lat' dir='ltr'><strong>tot,</strong></span> <span class='ocrx_word' id='word_1_167' title='bbox 679 3244 703 3298; x_wconf 91' lang='lat' dir='ltr'><strong>a</strong></span> <span class='ocrx_word' id='word_1_168' title='bbox 725 3244 855 3298; x_wconf 92' lang='lat' dir='ltr'><strong>somno</strong></span> <span class='ocrx_word' id='word_1_169' title='bbox 872 3223 909 3296; x_wconf 97' lang='lat' dir='ltr'><strong>in</strong></span> <span class='ocrx_word' id='word_1_170' title='bbox 928 3221 1100 3319; x_wconf 85' lang='lat' dir='ltr'><strong>vigiliam,</strong></span> <span class='ocrx_word' id='word_1_171' title='bbox 1118 3223 1289 3298; x_wconf 92' lang='lat' dir='ltr'><strong>omnihus</strong></span> <span class='ocrx_word' id='word_1_172' title='bbox 1308 3223 1484 3298; x_wconf 87' lang='lat' dir='ltr'><strong>receden-</strong></span> 
     </span>
     <span class='ocr_line' id='line_1_21' title="bbox 312 3343 1484 3440; baseline -0.001 -20"><span class='ocrx_word' id='word_1_173' title='bbox 312 3345 410 3420; x_wconf 87' lang='lat' dir='ltr'><strong>tihus</strong></span> <span class='ocrx_word' id='word_1_174' title='bbox 435 3350 649 3420; x_wconf 89' lang='lat' dir='ltr'><strong>remanente</strong></span> <span class='ocrx_word' id='word_1_175' title='bbox 673 3345 848 3437; x_wconf 85' lang='lat' dir='ltr'><strong>Beatrice‚</strong></span> <span class='ocrx_word' id='word_1_176' title='bbox 867 3346 975 3436; x_wconf 78' lang='lat' dir='ltr'><strong>quau,</strong></span> <span class='ocrx_word' id='word_1_177' title='bbox 1001 3344 1141 3440; x_wconf 90' lang='lat' dir='ltr'><strong>supple,</strong></span> <span class='ocrx_word' id='word_1_178' title='bbox 1163 3345 1316 3439; x_wconf 88' lang='lat' dir='ltr'><strong>apostoli</strong></span> <span class='ocrx_word' id='word_1_179' title='bbox 1339 3343 1484 3419; x_wconf 83' lang='lat' dir='ltr'><strong>redive-</strong></span> 
     </span>
     <span class='ocr_line' id='line_1_22' title="bbox 312 3463 1485 3560; baseline -0.001 -22"><span class='ocrx_word' id='word_1_180' title='bbox 312 3472 410 3560; x_wconf 85' lang='lat' dir='ltr'><strong>runt‚</strong></span> <span class='ocrx_word' id='word_1_181' title='bbox 424 3465 570 3558; x_wconf 86' lang='lat' dir='ltr'><strong>scilicet,</strong></span> <span class='ocrx_word' id='word_1_182' title='bbox 587 3467 706 3537; x_wconf 78' lang='lat' dir='ltr'><strong>Pr&#39;ctro</strong></span> <span class='ocrx_word' id='word_1_183' title='bbox 722 3487 742 3536; x_wconf 90' lang='lat' dir='ltr'><strong>e</strong></span> <span class='ocrx_word' id='word_1_184' title='bbox 757 3467 933 3538; x_wconf 83' lang='lat' dir='ltr'><strong>Giooanni</strong></span> <span class='ocrx_word' id='word_1_185' title='bbox 946 3486 966 3537; x_wconf 83' lang='lat' dir='ltr'><strong>c</strong></span> <span class='ocrx_word' id='word_1_186' title='bbox 980 3469 1127 3557; x_wconf 82' lang='lat' dir='ltr'><strong>Joropo,</strong></span> <span class='ocrx_word' id='word_1_187' title='bbox 1147 3463 1261 3538; x_wconf 82' lang='lat' dir='ltr'><strong>irater</strong></span> <span class='ocrx_word' id='word_1_188' title='bbox 1279 3464 1377 3538; x_wconf 88' lang='lat' dir='ltr'><strong>eius:</strong></span> <span class='ocrx_word' id='word_1_189' title='bbox 1397 3463 1485 3537; x_wconf 92' lang='lat' dir='ltr'><strong>istos</strong></span> 
     </span>
     <span class='ocr_line' id='line_1_23' title="bbox 311 3583 1481 3681; baseline -0.006 -17"><span class='ocrx_word' id='word_1_190' title='bbox 311 3587 410 3664; x_wconf 86' lang='lat' dir='ltr'><strong>onim</strong></span> <span class='ocrx_word' id='word_1_191' title='bbox 436 3597 512 3663; x_wconf 83' lang='lat' dir='ltr'><strong>tres</strong></span> <span class='ocrx_word' id='word_1_192' title='bbox 535 3585 732 3681; x_wconf 89' lang='lat' dir='ltr'><strong>assumpsit</strong></span> <span class='ocrx_word' id='word_1_193' title='bbox 756 3585 933 3680; x_wconf 87' lang='lat' dir='ltr'><strong>Christus,</strong></span> <span class='ocrx_word' id='word_1_194' title='bbox 958 3584 1044 3679; x_wconf 84' lang='lat' dir='ltr'><strong>quia</strong></span> <span class='ocrx_word' id='word_1_195' title='bbox 1069 3603 1182 3659; x_wconf 92' lang='lat' dir='ltr'><strong>omne</strong></span> <span class='ocrx_word' id='word_1_196' title='bbox 1207 3584 1380 3659; x_wconf 91' lang='lat' dir='ltr'><strong>meritum</strong></span> <span class='ocrx_word' id='word_1_197' title='bbox 1400 3583 1481 3659; x_wconf 87' lang='lat' dir='ltr'><strong>fidei</strong></span> 
     </span>
     <span class='ocr_line' id='line_1_24' title="bbox 312 3691 1482 3810; baseline -0.003 -27"><span class='ocrx_word' id='word_1_198' title='bbox 312 3707 473 3783; x_wconf 81' lang='lat' dir='ltr'><strong>consistit</strong></span> <span class='ocrx_word' id='word_1_199' title='bbox 506 3705 565 3780; x_wconf 87' lang='lat' dir='ltr'><strong>vel</strong></span> <span class='ocrx_word' id='word_1_200' title='bbox 594 3704 777 3810; x_wconf 84' lang='lat' dir='ltr'><strong>eredendo</strong></span> <span class='ocrx_word' id='word_1_201' title='bbox 791 3691 828 3797; x_wconf 72' lang='lat'><strong>(⁸)</strong></span> <span class='ocrx_word' id='word_1_202' title='bbox 859 3725 945 3779; x_wconf 92' lang='lat' dir='ltr'><strong>cum</strong></span> <span class='ocrx_word' id='word_1_203' title='bbox 976 3705 1098 3798; x_wconf 85' lang='lat' dir='ltr'><strong>Petro,</strong></span> <span class='ocrx_word' id='word_1_204' title='bbox 1129 3706 1188 3779; x_wconf 87' lang='lat' dir='ltr'><strong>vel</strong></span> <span class='ocrx_word' id='word_1_205' title='bbox 1218 3704 1482 3800; x_wconf 87' lang='lat' dir='ltr'><strong>supplantando</strong></span> 
     </span>
     <span class='ocr_line' id='line_1_25' title="bbox 313 3823 1482 3919; baseline -0.001 -18"><span class='ocrx_word' id='word_1_206' title='bbox 313 3827 442 3901; x_wconf 83' lang='lat' dir='ltr'><strong>vitium</strong></span> <span class='ocrx_word' id='word_1_207' title='bbox 468 3847 554 3900; x_wconf 90' lang='lat' dir='ltr'><strong>cum</strong></span> <span class='ocrx_word' id='word_1_208' title='bbox 582 3825 728 3918; x_wconf 85' lang='lat' dir='ltr'><strong>lacoho,</strong></span> <span class='ocrx_word' id='word_1_209' title='bbox 747 3823 805 3898; x_wconf 88' lang='lat' dir='ltr'><strong>vel</strong></span> <span class='ocrx_word' id='word_1_210' title='bbox 827 3825 1014 3919; x_wconf 91' lang='lat' dir='ltr'><strong>operando</strong></span> <span class='ocrx_word' id='word_1_211' title='bbox 1039 3824 1178 3899; x_wconf 90' lang='lat' dir='ltr'><strong>honum</strong></span> <span class='ocrx_word' id='word_1_212' title='bbox 1205 3845 1291 3900; x_wconf 91' lang='lat' dir='ltr'><strong>oum</strong></span> <span class='ocrx_word' id='word_1_213' title='bbox 1318 3827 1482 3900; x_wconf 79' lang='lat' dir='ltr'><strong>iohanne</strong></span> 
     </span>
     <span class='ocr_line' id='line_1_26' title="bbox 312 3944 1479 4042; baseline -0.005 -20"><span class='ocrx_word' id='word_1_214' title='bbox 312 3949 351 4023; x_wconf 90' lang='lat' dir='ltr'><strong>iu</strong></span> <span class='ocrx_word' id='word_1_215' title='bbox 376 3967 451 4042; x_wconf 90' lang='lat' dir='ltr'><strong>quo</strong></span> <span class='ocrx_word' id='word_1_216' title='bbox 471 3953 526 4022; x_wconf 82' lang='lat' dir='ltr'><strong>ert</strong></span> <span class='ocrx_word' id='word_1_217' title='bbox 545 3945 675 4042; x_wconf 85' lang='lat' dir='ltr'><strong>gratia,</strong></span> <span class='ocrx_word' id='word_1_218' title='bbox 694 3947 858 4038; x_wconf 81' lang='lat' dir='ltr'><strong>corrdotti,</strong></span> <span class='ocrx_word' id='word_1_219' title='bbox 882 3945 1068 4039; x_wconf 74' lang='lat' dir='ltr'><strong>sciliceta</strong></span> <span class='ocrx_word' id='word_1_220' title='bbox 1089 3944 1230 4019; x_wconf 89' lang='lat' dir='ltr'><strong>Christo</strong></span> <span class='ocrx_word' id='word_1_221' title='bbox 1253 3945 1290 4018; x_wconf 94' lang='lat' dir='ltr'><strong>in</strong></span> <span class='ocrx_word' id='word_1_222' title='bbox 1317 3949 1479 4019; x_wconf 84' lang='lat' dir='ltr'><strong>montem</strong></span> 
     </span>
     <span class='ocr_line' id='line_1_27' title="bbox 312 4064 1481 4161; baseline -0.005 -19"><span class='ocrx_word' id='word_1_223' title='bbox 312 4067 468 4161; x_wconf 82' lang='lat' dir='ltr'><strong>Thabor,</strong></span> <span class='ocrx_word' id='word_1_224' title='bbox 487 4066 551 4160; x_wconf 90' lang='lat' dir='ltr'><strong>qui</strong></span> <span class='ocrx_word' id='word_1_225' title='bbox 567 4072 624 4140; x_wconf 91' lang='lat' dir='ltr'><strong>est</strong></span> <span class='ocrx_word' id='word_1_226' title='bbox 640 4070 774 4159; x_wconf 90' lang='lat' dir='ltr'><strong>quarto</strong></span> <span class='ocrx_word' id='word_1_227' title='bbox 794 4064 961 4138; x_wconf 89' lang='lat' dir='ltr'><strong>milliario</strong></span> <span class='ocrx_word' id='word_1_228' title='bbox 981 4085 1004 4142; x_wconf 88' lang='lat' dir='ltr'><strong>a</strong></span> <span class='ocrx_word' id='word_1_229' title='bbox 1021 4065 1213 4158; x_wconf 89' lang='lat' dir='ltr'><strong>Nazareth,</strong></span> <span class='ocrx_word' id='word_1_230' title='bbox 1232 4064 1295 4139; x_wconf 91' lang='lat' dir='ltr'><strong>uhi</strong></span> <span class='ocrx_word' id='word_1_231' title='bbox 1316 4065 1481 4140; x_wconf 88' lang='lat' dir='ltr'><strong>Christus</strong></span> 
     </span>
     <span class='ocr_line' id='line_1_28' title="bbox 313 4183 1481 4283; baseline -0.003 -22"><span class='ocrx_word' id='word_1_232' title='bbox 313 4186 594 4283; x_wconf 82' lang='lat' dir='ltr'><strong>transfiguratus</strong></span> <span class='ocrx_word' id='word_1_233' title='bbox 619 4192 674 4260; x_wconf 89' lang='lat' dir='ltr'><strong>est</strong></span> <span class='ocrx_word' id='word_1_234' title='bbox 698 4204 824 4260; x_wconf 87' lang='lat' dir='ltr'><strong>coram</strong></span> <span class='ocrx_word' id='word_1_235' title='bbox 851 4184 914 4278; x_wconf 92' lang='lat' dir='ltr'><strong>eis,</strong></span> <span class='ocrx_word' id='word_1_236' title='bbox 935 4184 1029 4258; x_wconf 91' lang='lat' dir='ltr'><strong>sicut</strong></span> <span class='ocrx_word' id='word_1_237' title='bbox 1052 4190 1089 4258; x_wconf 91' lang='lat' dir='ltr'><strong>et</strong></span> <span class='ocrx_word' id='word_1_238' title='bbox 1115 4183 1173 4257; x_wconf 92' lang='lat' dir='ltr'><strong>hic</strong></span> <span class='ocrx_word' id='word_1_239' title='bbox 1199 4184 1481 4280; x_wconf 81' lang='lat' dir='ltr'><strong>transfiguratus</strong></span> 
     </span>
     <span class='ocr_line' id='line_1_29' title="bbox 312 4305 1484 4402; baseline -0.003 -21"><span class='ocrx_word' id='word_1_240' title='bbox 312 4313 368 4382; x_wconf 88' lang='lat' dir='ltr'><strong>est</strong></span> <span class='ocrx_word' id='word_1_241' title='bbox 392 4305 428 4380; x_wconf 89' lang='lat' dir='ltr'><strong>in</strong></span> <span class='ocrx_word' id='word_1_242' title='bbox 454 4306 637 4402; x_wconf 85' lang='lat' dir='ltr'><strong>gryphum</strong></span> <span class='ocrx_word' id='word_1_243' title='bbox 655 4306 692 4379; x_wconf 91' lang='lat' dir='ltr'><strong>in</strong></span> <span class='ocrx_word' id='word_1_244' title='bbox 714 4310 840 4380; x_wconf 89' lang='lat' dir='ltr'><strong>monte</strong></span> <span class='ocrx_word' id='word_1_245' title='bbox 865 4305 1022 4394; x_wconf 85' lang='lat' dir='ltr'><strong>excelso,</strong></span> <span class='ocrx_word' id='word_1_246' title='bbox 1039 4326 1063 4376; x_wconf 90' lang='grc' dir='ltr'><strong>ο</strong></span> <span class='ocrx_word' id='word_1_247' title='bbox 1080 4305 1186 4378; x_wconf 80' lang='lat' dir='ltr'><strong>ceder</strong></span> <span class='ocrx_word' id='word_1_248' title='bbox 1209 4305 1263 4377; x_wconf 87' lang='lat' dir='ltr'><strong>de&#39;</strong></span> <span class='ocrx_word' id='word_1_249' title='bbox 1273 4307 1402 4396; x_wconf 80' lang='lat' dir='ltr'><strong>fiorettr&#39;</strong></span> <span class='ocrx_word' id='word_1_250' title='bbox 1426 4306 1484 4378; x_wconf 84' lang='lat' dir='ltr'><strong>det</strong></span> 
     </span>
     <span class='ocr_line' id='line_1_30' title="bbox 312 4424 1483 4520; baseline -0.003 -20"><span class='ocrx_word' id='word_1_251' title='bbox 312 4429 414 4518; x_wconf 85' lang='lat' dir='ltr'><strong>meto,</strong></span> <span class='ocrx_word' id='word_1_252' title='bbox 438 4425 542 4520; x_wconf 91' lang='lat' dir='ltr'><strong>idest,</strong></span> <span class='ocrx_word' id='word_1_253' title='bbox 568 4426 703 4498; x_wconf 92' lang='lat' dir='ltr'><strong>summi</strong></span> <span class='ocrx_word' id='word_1_254' title='bbox 732 4424 829 4499; x_wconf 90' lang='lat' dir='ltr'><strong>honi.</strong></span> <span class='ocrx_word' id='word_1_255' title='bbox 856 4425 956 4500; x_wconf 88' lang='lat' dir='ltr'><strong>Bene</strong></span> <span class='ocrx_word' id='word_1_256' title='bbox 975 4424 1070 4518; x_wconf 86' lang='lat' dir='ltr'><strong>dicit,</strong></span> <span class='ocrx_word' id='word_1_257' title='bbox 1093 4425 1178 4518; x_wconf 90' lang='lat' dir='ltr'><strong>quia</strong></span> <span class='ocrx_word' id='word_1_258' title='bbox 1205 4429 1293 4499; x_wconf 90' lang='lat' dir='ltr'><strong>tunc</strong></span> <span class='ocrx_word' id='word_1_259' title='bbox 1313 4425 1483 4498; x_wconf 86' lang='lat' dir='ltr'><strong>viderunt</strong></span> 
     </span>
     <span class='ocr_line' id='line_1_31' title="bbox 311 4543 1483 4640; baseline -0.002 -20"><span class='ocrx_word' id='word_1_260' title='bbox 311 4547 439 4620; x_wconf 85' lang='lat' dir='ltr'><strong>dorem</strong></span> <span class='ocrx_word' id='word_1_261' title='bbox 458 4545 699 4639; x_wconf 88' lang='lat' dir='ltr'><strong>beatitudinis,</strong></span> <span class='ocrx_word' id='word_1_262' title='bbox 718 4552 843 4640; x_wconf 87' lang='lat' dir='ltr'><strong>postea</strong></span> <span class='ocrx_word' id='word_1_263' title='bbox 860 4543 975 4618; x_wconf 86' lang='lat' dir='ltr'><strong>visuri</strong></span> <span class='ocrx_word' id='word_1_264' title='bbox 994 4543 1170 4639; x_wconf 80' lang='lat' dir='ltr'><strong>fructum,</strong></span> <span class='ocrx_word' id='word_1_265' title='bbox 1187 4544 1291 4638; x_wconf 86' lang='lat' dir='ltr'><strong>idest,</strong></span> <span class='ocrx_word' id='word_1_266' title='bbox 1310 4546 1483 4620; x_wconf 89' lang='lat' dir='ltr'><strong>maiesta-</strong></span> 
     </span>
     <span class='ocr_line' id='line_1_32' title="bbox 312 4656 1481 4760; baseline -0.001 -19"><span class='ocrx_word' id='word_1_267' title='bbox 312 4672 388 4741; x_wconf 87' lang='lat' dir='ltr'><strong>tem</strong></span> <span class='ocrx_word' id='word_1_268' title='bbox 403 4656 440 4757; x_wconf 77' lang='lat'><strong>(⁵)</strong></span> <span class='ocrx_word' id='word_1_269' title='bbox 461 4665 654 4738; x_wconf 85' lang='lat' dir='ltr'><strong>divinitatis</strong></span> <span class='ocrx_word' id='word_1_270' title='bbox 679 4672 717 4739; x_wconf 91' lang='lat' dir='ltr'><strong>et</strong></span> <span class='ocrx_word' id='word_1_271' title='bbox 742 4664 936 4738; x_wconf 89' lang='lat' dir='ltr'><strong>essentiam</strong></span> <span class='ocrx_word' id='word_1_272' title='bbox 954 4665 1136 4738; x_wconf 87' lang='lat' dir='ltr'><strong>Trinitatis</strong></span> <span class='ocrx_word' id='word_1_273' title='bbox 1157 4665 1193 4739; x_wconf 95' lang='lat' dir='ltr'><strong>in</strong></span> <span class='ocrx_word' id='word_1_274' title='bbox 1211 4666 1315 4760; x_wconf 84' lang='lat' dir='ltr'><strong>coelo,</strong></span> <span class='ocrx_word' id='word_1_275' title='bbox 1333 4665 1426 4740; x_wconf 91' lang='lat' dir='ltr'><strong>sicut</strong></span> <span class='ocrx_word' id='word_1_276' title='bbox 1443 4673 1481 4740; x_wconf 94' lang='lat' dir='ltr'><strong>et</strong></span> 
     </span>
    </p>
   </div>
   <div class='ocr_carea' id='block_1_7' title="bbox 377 4895 1176 5116">
    <p class='ocr_par' dir='ltr' id='par_1_7' title="bbox 377 4895 1176 5116">
     <span class='ocr_line' id='line_1_33' title="bbox 377 4895 1176 4962; baseline -0.024 0"><span class='ocrx_word' id='word_1_277' title='bbox 377 4900 404 4962; x_wconf 83' lang='lat'><strong>(¹)</strong></span> <span class='ocrx_word' id='word_1_278' title='bbox 422 4903 476 4960; x_wconf 72' lang='lat'><strong>¹¹⁷9</strong></span> <span class='ocrx_word' id='word_1_279' title='bbox 492 4899 615 4950; x_wconf 65' lang='lat' dir='ltr'><strong>willim-</strong></span> <span class='ocrx_word' id='word_1_280' title='bbox 872 4896 901 4958; x_wconf 77' lang='lat'><strong>(²)</strong></span> <span class='ocrx_word' id='word_1_281' title='bbox 916 4895 948 4946; x_wconf 83' lang='lat' dir='ltr'><strong>E.</strong></span> <span class='ocrx_word' id='word_1_282' title='bbox 964 4901 1176 4960; x_wconf 67' lang='lat' dir='ltr'><strong>Mampsaroi.</strong></span> 
     </span>
     <span class='ocr_line' id='line_1_34' title="bbox 378 4971 1172 5039; baseline -0.019 0"><span class='ocrx_word' id='word_1_283' title='bbox 378 4975 405 5039; x_wconf 60' lang='grc' dir='ltr'><strong>Ρ)</strong></span> <span class='ocrx_word' id='word_1_284' title='bbox 421 4975 451 5025; x_wconf 72' lang='grc' dir='ltr'><strong>Ε·</strong></span> <span class='ocrx_word' id='word_1_285' title='bbox 469 4973 671 5037; x_wconf 62' lang='lat' dir='ltr'><strong>immittim-</strong></span> <span class='ocrx_word' id='word_1_286' title='bbox 875 4972 903 5035; x_wconf 82' lang='lat'><strong>(⁸)</strong></span> <span class='ocrx_word' id='word_1_287' title='bbox 920 4971 1018 5034; x_wconf 80' lang='lat' dir='ltr'><strong>¹1⁷,in</strong></span> <span class='ocrx_word' id='word_1_288' title='bbox 1034 4973 1172 5024; x_wconf 85' lang='lat' dir='ltr'><strong>credendo.</strong></span> 
     </span>
     <span class='ocr_line' id='line_1_35' title="bbox 379 5051 836 5116; baseline -0.011 -11"><span class='ocrx_word' id='word_1_289' title='bbox 379 5055 406 5116; x_wconf 83' lang='lat'><strong>(⁸)</strong></span> <span class='ocrx_word' id='word_1_290' title='bbox 421 5051 452 5104; x_wconf 84' lang='lat' dir='ltr'><strong>B.</strong></span> <span class='ocrx_word' id='word_1_291' title='bbox 464 5052 603 5103; x_wconf 75' lang='lat' dir='ltr'><strong>malestatis</strong></span> <span class='ocrx_word' id='word_1_292' title='bbox 618 5051 785 5111; x_wconf 75' lang='lat' dir='ltr'><strong>dlriniutem,</strong></span> <span class='ocrx_word' id='word_1_293' title='bbox 801 5054 836 5100; x_wconf 87' lang='lat' dir='ltr'><strong>et.</strong></span> 
     </span>
    </p>
   </div>
   <div class='ocr_carea' id='block_1_8' title="bbox 0 0 2177 6692">
    <p class='ocr_par' dir='ltr' id='par_1_8' title="bbox 0 0 2177 6692">
     <span class='ocr_line' id='line_1_36' title="bbox 0 0 2177 6692; baseline 0 0"><span class='ocrx_word' id='word_1_294' title='bbox 0 0 2177 6692; x_wconf 95' lang='lat' dir='ltr'><strong> </strong></span> 
     </span>
    </p>
   </div>
  </div>
 </body>
</html>
